Total productos en archivo1: 4261
Total productos en archivo2: 8958
Total IDs únicos en archivo1: 4261
Total IDs únicos en archivo2: 8958
Productos en archivo1 pero no en archivo2: 23
Productos en archivo2 pero no en archivo1: 4720
Ejemplo de productos en archivo1 pero no en archivo2: [
  {
    id: 7797,
    productType: 1,
    code: '7235203',
    ean: '8410650208794',
    productData: {
      name: 'Comida Seca Gatos Junior',
      brand: [Object],
      url: 'https://tienda.consum.es/es/p/comida-seca-gatos-junior/7235203',
      imageURL: 'https://cdn-consum.aktiosdigitalservices.com/tol/consum/media/product/img/300x300/7235203.jpg?t=20250312092754',
      description: 'Comida Seca Gatos Junior 400 Gr',
      seo: 'comida-seca-gatos-junior',
      attributeGroups: [Array],
      attributes: [Array],
      format: '',
      novelty: false,
      featured: false,
      sponsored: false,
      actions: [],
      containAllergensIntolernacies: false,
      availability: '1'
    },
    media: [ [Object], [Object] ],
    priceData: {
      prices: [Array],
      taxPercentage: 10,
      priceUnitType: '',
      unitPriceUnitType: '1 Kg',
      minimumUnit: 1,
      maximumUnit: 20,
      intervalUnit: 1
    },
    purchaseData: { allowComments: false },
    categories: [ [Object], [Object] ],
    offers: [ [Object] ],
    coupons: []
  },
  {
    id: 15960,
    productType: 1,
    code: '7293694',
    ean: '5054563058393',
    productData: {
      name: 'Pasta Dental sin Flúor',
      brand: [Object],
      url: 'https://tienda.consum.es/es/p/pasta-dental-sin-fluor/7293694',
      imageURL: 'https://cdn-consum.aktiosdigitalservices.com/tol/consum/media/product/img/300x300/7293694.jpg?t=20250312092758',
      description: 'Pasta Dental sin Flúor 75 ml',
      seo: 'pasta-dental-sin-fluor',
      attributeGroups: [Array],
      attributes: [Array],
      format: '',
      novelty: false,
      featured: false,
      sponsored: false,
      actions: [],
      containAllergensIntolernacies: false,
      availability: '1'
    },
    media: [ [Object], [Object], [Object] ],
    priceData: {
      prices: [Array],
      taxPercentage: 21,
      priceUnitType: '',
      unitPriceUnitType: '100 ml',
      minimumUnit: 1,
      maximumUnit: 20,
      intervalUnit: 1
    },
    purchaseData: { allowComments: false },
    categories: [ [Object], [Object], [Object] ],
    offers: [ [Object] ],
    coupons: []
  },
  {
    id: 22041,
    productType: 1,
    code: '7256279',
    ean: '3600531293178',
    productData: {
      name: 'Paleta Sombras Nude The Blushed Nudes',
      brand: [Object],
      url: 'https://tienda.consum.es/es/p/paleta-sombras-nude-the-blushed-nudes/7256279',
      imageURL: 'https://cdn-consum.aktiosdigitalservices.com/tol/consum/media/product/img/300x300/7256279.jpg?t=20250227092223',
      description: 'Paleta Sombras Nude The Blushed Nudes 1 U',
      seo: 'paleta-sombras-nude-the-blushed-nudes',
      attributeGroups: [Array],
      attributes: [Array],
      format: '',
      novelty: false,
      featured: false,
      sponsored: false,
      actions: [],
      containAllergensIntolernacies: false,
      availability: '1'
    },
    media: [ [Object], [Object], [Object] ],
    priceData: {
      prices: [Array],
      taxPercentage: 21,
      priceUnitType: '',
      unitPriceUnitType: '1 U',
      minimumUnit: 1,
      maximumUnit: 5,
      intervalUnit: 1
    },
    purchaseData: { allowComments: false },
    categories: [ [Object], [Object] ],
    offers: [ [Object] ],
    coupons: []
  },
  {
    id: 14245,
    productType: 1,
    code: '7236073',
    ean: '8431890070446',
    productData: {
      name: 'Crema Fijadora Prótesis Extra Fuerte sin Sabor',
      brand: [Object],
      url: 'https://tienda.consum.es/es/p/crema-fijadora-protesis-extra-fuerte-sin-sabor/7236073',
      imageURL: 'https://cdn-consum.aktiosdigitalservices.com/tol/consum/media/product/img/300x300/7236073.jpg?t=20250227091904',
      description: 'Crema Fijadora Prótesis Extra Fuerte sin Sabor 70 ml',
      seo: 'crema-fijadora-protesis-extra-fuerte-sin-sabor',
      attributeGroups: [Array],
      attributes: [Array],
      format: '',
      novelty: false,
      featured: false,
      sponsored: false,
      actions: [],
      containAllergensIntolernacies: false,
      availability: '1'
    },
    media: [ [Object], [Object] ],
    priceData: {
      prices: [Array],
      taxPercentage: 10,
      priceUnitType: '',
      unitPriceUnitType: '1 Kg',
      minimumUnit: 1,
      maximumUnit: 20,
      intervalUnit: 1
    },
    purchaseData: { allowComments: false },
    categories: [ [Object], [Object] ],
    offers: [ [Object] ],
    coupons: []
  },
  {
    id: 5167,
    productType: 3,
    code: '925982',
    ean: '8437018565139',
    productData: {
      name: 'Longaniza Tipo Requena',
      brand: [Object],
      url: 'https://tienda.consum.es/es/p/longaniza-tipo-requena/925982',
      imageURL: 'https://cdn-consum.aktiosdigitalservices.com/tol/consum/media/product/img/300x300/925982.jpg?t=20250304115709',
      description: 'Longaniza Tipo Requena',
      seo: 'longaniza-tipo-requena',
      attributeGroups: [Array],
      attributes: [Array],
      format: 'Bandeja 400 g aprox.',
      novelty: false,
      featured: false,
      sponsored: false,
      actions: [],
      containAllergensIntolernacies: false,
      availability: '1'
    },
    media: [ [Object], [Object], [Object] ],
    priceData: {
      prices: [Array],
      taxPercentage: 10,
      priceUnitType: '',
      unitPriceUnitType: '1 Kg',
      minimumUnit: 1,
      maximumUnit: 6,
      intervalUnit: 1
    },
    purchaseData: { allowComments: false },
    categories: [ [Object] ],
    offers: [],
    coupons: []
  },
  {
    id: 7275,
    productType: 1,
    code: '7206956',
    ean: '8412016359249',
    productData: {
      name: 'Cápsulas Melatonina',
      brand: [Object],
      url: 'https://tienda.consum.es/es/p/capsulas-melatonina/7206956',
      imageURL: 'https://cdn-consum.aktiosdigitalservices.com/tol/consum/media/product/img/300x300/7206956.jpg?t=20241217081041',
      description: 'Cápsulas Melatonina 30 U',
      seo: 'capsulas-melatonina',
      attributeGroups: [Array],
      attributes: [Array],
      format: '',
      novelty: false,
      featured: false,
      sponsored: false,
      actions: [],
      containAllergensIntolernacies: false,
      availability: '1'
    },
    media: [ [Object], [Object], [Object] ],
    priceData: {
      prices: [Array],
      taxPercentage: 10,
      priceUnitType: '',
      unitPriceUnitType: '1 U',
      minimumUnit: 1,
      maximumUnit: 20,
      intervalUnit: 1
    },
    purchaseData: { allowComments: false },
    categories: [ [Object] ],
    offers: [],
    coupons: []
  },
  {
    id: 7769,
    productType: 1,
    code: '7233922',
    ean: '8430340050748',
    productData: {
      name: 'Colutorio Bucal Gingi',
      brand: [Object],
      url: 'https://tienda.consum.es/es/p/colutorio-bucal-gingi/7233922',
      imageURL: 'https://cdn-consum.aktiosdigitalservices.com/tol/consum/media/product/img/300x300/7233922.jpg?t=20250227091857',
      description: 'Colutorio Bucal Gingi 500 ml',
      seo: 'colutorio-bucal-gingi',
      attributeGroups: [Array],
      attributes: [Array],
      format: '',
      novelty: false,
      featured: false,
      sponsored: false,
      actions: [],
      containAllergensIntolernacies: false,
      availability: '1'
    },
    media: [ [Object], [Object], [Object] ],
    priceData: {
      prices: [Array],
      taxPercentage: 21,
      priceUnitType: '',
      unitPriceUnitType: '100 ml',
      minimumUnit: 1,
      maximumUnit: 20,
      intervalUnit: 1
    },
    purchaseData: { allowComments: false },
    categories: [ [Object], [Object] ],
    offers: [],
    coupons: []
  },
  {
    id: 8957,
    productType: 1,
    code: '7206816',
    ean: '8412016361952',
    productData: {
      name: 'Cápsulas Laxnat',
      brand: [Object],
      url: 'https://tienda.consum.es/es/p/capsulas-laxnat/7206816',
      imageURL: 'https://cdn-consum.aktiosdigitalservices.com/tol/consum/media/product/img/300x300/7206816.jpg?t=20241217081040',
      description: 'Cápsulas Laxnat 30 U',
      seo: 'capsulas-laxnat',
      attributeGroups: [Array],
      attributes: [Array],
      format: '',
      novelty: false,
      featured: false,
      sponsored: false,
      actions: [],
      containAllergensIntolernacies: false,
      availability: '1'
    },
    media: [ [Object], [Object], [Object] ],
    priceData: {
      prices: [Array],
      taxPercentage: 10,
      priceUnitType: '',
      unitPriceUnitType: '1 U',
      minimumUnit: 1,
      maximumUnit: 20,
      intervalUnit: 1
    },
    purchaseData: { allowComments: false },
    categories: [ [Object] ],
    offers: [],
    coupons: []
  },
  {
    id: 8958,
    productType: 1,
    code: '7206832',
    ean: '8412016350871',
    productData: {
      name: 'Cápsulas L-Carnitina',
      brand: [Object],
      url: 'https://tienda.consum.es/es/p/capsulas-l-carnitina/7206832',
      imageURL: 'https://cdn-consum.aktiosdigitalservices.com/tol/consum/media/product/img/300x300/7206832.jpg?t=20241217081040',
      description: 'Cápsulas L-Carnitina 60 U',
      seo: 'capsulas-l-carnitina',
      attributeGroups: [Array],
      attributes: [Array],
      format: '',
      novelty: false,
      featured: false,
      sponsored: false,
      actions: [],
      containAllergensIntolernacies: false,
      availability: '1'
    },
    media: [ [Object], [Object], [Object] ],
    priceData: {
      prices: [Array],
      taxPercentage: 10,
      priceUnitType: '',
      unitPriceUnitType: '1 U',
      minimumUnit: 1,
      maximumUnit: 20,
      intervalUnit: 1
    },
    purchaseData: { allowComments: false },
    categories: [ [Object] ],
    offers: [],
    coupons: []
  },
  {
    id: 8959,
    productType: 1,
    code: '7206860',
    ean: '8412016359058',
    productData: {
      name: 'Cápsulas Lipo Burner',
      brand: [Object],
      url: 'https://tienda.consum.es/es/p/capsulas-lipo-burner/7206860',
      imageURL: 'https://cdn-consum.aktiosdigitalservices.com/tol/consum/media/product/img/300x300/7206860.jpg?t=20241217081040',
      description: 'Cápsulas Lipo Burner 60 U',
      seo: 'capsulas-lipo-burner',
      attributeGroups: [Array],
      attributes: [Array],
      format: '',
      novelty: false,
      featured: false,
      sponsored: false,
      actions: [],
      containAllergensIntolernacies: false,
      availability: '1'
    },
    media: [ [Object], [Object], [Object] ],
    priceData: {
      prices: [Array],
      taxPercentage: 10,
      priceUnitType: '',
      unitPriceUnitType: '1 U',
      minimumUnit: 1,
      maximumUnit: 20,
      intervalUnit: 1
    },
    purchaseData: { allowComments: false },
    categories: [ [Object] ],
    offers: [],
    coupons: []
  },
  {
    id: 9019,
    productType: 1,
    code: '7232101',
    ean: '8412016362966',
    productData: {
      name: 'Cápsulas Ácido Hialurónico y Colágeno',
      brand: [Object],
      url: 'https://tienda.consum.es/es/p/capsulas-acido-hialuronico-y-colageno/7232101',
      imageURL: 'https://cdn-consum.aktiosdigitalservices.com/tol/consum/media/product/img/300x300/7232101.jpg?t=20241217081052',
      description: 'Cápsulas Ácido Hialurónico y Colágeno 30 U',
      seo: 'capsulas-acido-hialuronico-y-colageno',
      attributeGroups: [Array],
      attributes: [Array],
      format: '',
      novelty: false,
      featured: false,
      sponsored: false,
      actions: [],
      containAllergensIntolernacies: false,
      availability: '1'
    },
    media: [ [Object], [Object], [Object] ],
    priceData: {
      prices: [Array],
      taxPercentage: 10,
      priceUnitType: '',
      unitPriceUnitType: '1 U',
      minimumUnit: 1,
      maximumUnit: 20,
      intervalUnit: 1
    },
    purchaseData: { allowComments: false },
    categories: [ [Object] ],
    offers: [],
    coupons: []
  },
  {
    id: 9119,
    productType: 1,
    code: '7224772',
    ean: '8412016362935',
    productData: {
      name: 'Cápsulas Garcinia Gamboia',
      brand: [Object],
      url: 'https://tienda.consum.es/es/p/capsulas-garcinia-gamboia/7224772',
      imageURL: 'https://cdn-consum.aktiosdigitalservices.com/tol/consum/media/product/img/300x300/7224772.jpg?t=20250225080342',
      description: 'Cápsulas Garcinia Gamboia 30 U',
      seo: 'capsulas-garcinia-gamboia',
      attributeGroups: [Array],
      attributes: [Array],
      format: '',
      novelty: false,
      featured: false,
      sponsored: false,
      actions: [],
      containAllergensIntolernacies: false,
      availability: '1'
    },
    media: [ [Object], [Object], [Object] ],
    priceData: {
      prices: [Array],
      taxPercentage: 10,
      priceUnitType: '',
      unitPriceUnitType: '1 U',
      minimumUnit: 1,
      maximumUnit: 20,
      intervalUnit: 1
    },
    purchaseData: { allowComments: false },
    categories: [ [Object] ],
    offers: [],
    coupons: []
  },
  {
    id: 9337,
    productType: 1,
    code: '7193733',
    ean: '8076809513678',
    productData: {
      name: 'Salsa Bolognese',
      brand: [Object],
      url: 'https://tienda.consum.es/es/p/salsa-bolognese/7193733',
      imageURL: 'https://cdn-consum.aktiosdigitalservices.com/tol/consum/media/product/img/300x300/7193733.jpg?t=20241217081037',
      description: 'Salsa Bolognese 400 Gr',
      seo: 'salsa-bolognese',
      attributeGroups: [Array],
      attributes: [Array],
      format: '',
      novelty: false,
      featured: false,
      sponsored: false,
      actions: [],
      containAllergensIntolernacies: false,
      availability: '1'
    },
    media: [ [Object], [Object], [Object] ],
    priceData: {
      prices: [Array],
      taxPercentage: 10,
      priceUnitType: '',
      unitPriceUnitType: '1 Kg',
      minimumUnit: 1,
      maximumUnit: 10,
      intervalUnit: 1
    },
    purchaseData: { allowComments: false },
    categories: [ [Object] ],
    offers: [],
    coupons: []
  },
  {
    id: 9407,
    productType: 1,
    code: '7245504',
    ean: '5052197040364',
    productData: {
      name: 'Lubricante Play Original',
      brand: [Object],
      url: 'https://tienda.consum.es/es/p/lubricante-play-original/7245504',
      imageURL: 'https://cdn-consum.aktiosdigitalservices.com/tol/consum/media/product/img/300x300/7245504.jpg?t=20250313080343',
      description: 'Lubricante Play Original 50 ml',
      seo: 'lubricante-play-original',
      attributeGroups: [Array],
      attributes: [Array],
      format: '',
      novelty: false,
      featured: false,
      sponsored: false,
      actions: [],
      containAllergensIntolernacies: false,
      availability: '1'
    },
    media: [ [Object], [Object], [Object] ],
    priceData: {
      prices: [Array],
      taxPercentage: 21,
      priceUnitType: '',
      unitPriceUnitType: '100 ml',
      minimumUnit: 1,
      maximumUnit: 20,
      intervalUnit: 1
    },
    purchaseData: { allowComments: false },
    categories: [ [Object] ],
    offers: [],
    coupons: []
  },
  {
    id: 9687,
    productType: 1,
    code: '7268126',
    ean: '8001841275987',
    productData: {
      name: 'Pañal Recién Nacido T.0  hasta 2.5 Kilos',
      brand: [Object],
      url: 'https://tienda.consum.es/es/p/panal-recien-nacido-t0-hasta-25-kilos/7268126',
      imageURL: 'https://cdn-consum.aktiosdigitalservices.com/tol/consum/media/product/img/300x300/7268126.jpg?t=20241217081108',
      description: 'Pañal Recién Nacido T.0  hasta 2.5 Kilos 24 U',
      seo: 'panal-recien-nacido-t0-hasta-25-kilos',
      attributeGroups: [Array],
      attributes: [Array],
      format: '',
      novelty: false,
      featured: false,
      sponsored: false,
      actions: [],
      containAllergensIntolernacies: false,
      availability: '1'
    },
    media: [ [Object], [Object], [Object], [Object], [Object], [Object] ],
    priceData: {
      prices: [Array],
      taxPercentage: 21,
      priceUnitType: '',
      unitPriceUnitType: '1 U',
      minimumUnit: 1,
      maximumUnit: 20,
      intervalUnit: 1
    },
    purchaseData: { allowComments: false },
    categories: [ [Object] ],
    offers: [],
    coupons: []
  },
  {
    id: 10075,
    productType: 1,
    code: '7206782',
    ean: '8412016361976',
    productData: {
      name: 'Jarabe Drenanat',
      brand: [Object],
      url: 'https://tienda.consum.es/es/p/jarabe-drenanat/7206782',
      imageURL: 'https://cdn-consum.aktiosdigitalservices.com/tol/consum/media/product/img/300x300/7206782.jpg?t=20241217081040',
      description: 'Jarabe Drenanat 250 ml',
      seo: 'jarabe-drenanat',
      attributeGroups: [Array],
      attributes: [Array],
      format: '',
      novelty: false,
      featured: false,
      sponsored: false,
      actions: [],
      containAllergensIntolernacies: false,
      availability: '1'
    },
    media: [ [Object], [Object] ],
    priceData: {
      prices: [Array],
      taxPercentage: 10,
      priceUnitType: '',
      unitPriceUnitType: '100 ml',
      minimumUnit: 1,
      maximumUnit: 20,
      intervalUnit: 1
    },
    purchaseData: { allowComments: false },
    categories: [ [Object] ],
    offers: [],
    coupons: []
  },
  {
    id: 10394,
    productType: 1,
    code: '7206977',
    ean: '8412016357870',
    productData: {
      name: 'Comprimidos Omega 3',
      brand: [Object],
      url: 'https://tienda.consum.es/es/p/comprimidos-omega-3/7206977',
      imageURL: 'https://cdn-consum.aktiosdigitalservices.com/tol/consum/media/product/img/300x300/7206977.jpg?t=20241217081041',
      description: 'Comprimidos Omega 3 80 U',
      seo: 'comprimidos-omega-3',
      attributeGroups: [Array],
      attributes: [Array],
      format: '',
      novelty: false,
      featured: false,
      sponsored: false,
      actions: [],
      containAllergensIntolernacies: false,
      availability: '1'
    },
    media: [ [Object], [Object], [Object] ],
    priceData: {
      prices: [Array],
      taxPercentage: 10,
      priceUnitType: '',
      unitPriceUnitType: '1 U',
      minimumUnit: 1,
      maximumUnit: 20,
      intervalUnit: 1
    },
    purchaseData: { allowComments: false },
    categories: [ [Object] ],
    offers: [],
    coupons: []
  },
  {
    id: 10396,
    productType: 1,
    code: '7207004',
    ean: '8412016357801',
    productData: {
      name: 'Cápsulas Onagra',
      brand: [Object],
      url: 'https://tienda.consum.es/es/p/capsulas-onagra/7207004',
      imageURL: 'https://cdn-consum.aktiosdigitalservices.com/tol/consum/media/product/img/300x300/7207004.jpg?t=20241217081041',
      description: 'Cápsulas Onagra 60 U',
      seo: 'capsulas-onagra',
      attributeGroups: [Array],
      attributes: [Array],
      format: '',
      novelty: false,
      featured: false,
      sponsored: false,
      actions: [],
      containAllergensIntolernacies: false,
      availability: '1'
    },
    media: [ [Object], [Object], [Object] ],
    priceData: {
      prices: [Array],
      taxPercentage: 10,
      priceUnitType: '',
      unitPriceUnitType: '1 U',
      minimumUnit: 1,
      maximumUnit: 20,
      intervalUnit: 1
    },
    purchaseData: { allowComments: false },
    categories: [ [Object] ],
    offers: [],
    coupons: []
  },
  {
    id: 10422,
    productType: 1,
    code: '7224751',
    ean: '8412016362898',
    productData: {
      name: 'Comprimidos Arándono Rojo',
      brand: [Object],
      url: 'https://tienda.consum.es/es/p/comprimidos-arandono-rojo/7224751',
      imageURL: 'https://cdn-consum.aktiosdigitalservices.com/tol/consum/media/product/img/300x300/7224751.jpg?t=20241217081048',
      description: 'Comprimidos Arándono Rojo 30 U',
      seo: 'comprimidos-arandono-rojo',
      attributeGroups: [Array],
      attributes: [Array],
      format: '',
      novelty: false,
      featured: false,
      sponsored: false,
      actions: [],
      containAllergensIntolernacies: false,
      availability: '1'
    },
    media: [ [Object], [Object], [Object] ],
    priceData: {
      prices: [Array],
      taxPercentage: 10,
      priceUnitType: '',
      unitPriceUnitType: '1 U',
      minimumUnit: 1,
      maximumUnit: 20,
      intervalUnit: 1
    },
    purchaseData: { allowComments: false },
    categories: [ [Object] ],
    offers: [],
    coupons: []
  },
  {
    id: 12355,
    productType: 3,
    code: '1714203',
    ean: '8437007525137',
    productData: {
      name: 'Hígado de Cordero',
      brand: [Object],
      url: 'https://tienda.consum.es/es/p/higado-de-cordero/1714203',
      imageURL: 'https://cdn-consum.aktiosdigitalservices.com/tol/consum/media/product/img/300x300/1714203.jpg?t=20250318080932',
      description: 'Hígado de Cordero - Servicio todos los días excepto lunes y martes',
      seo: 'higado-de-cordero',
      attributeGroups: [Array],
      attributes: [Array],
      format: 'Bandeja 400 g aprox.',
      novelty: false,
      featured: false,
      sponsored: false,
      actions: [],
      containAllergensIntolernacies: false,
      availability: '1'
    },
    media: [ [Object], [Object], [Object] ],
    priceData: {
      prices: [Array],
      taxPercentage: 10,
      priceUnitType: '',
      unitPriceUnitType: '1 Kg',
      minimumUnit: 1,
      maximumUnit: 6,
      intervalUnit: 1
    },
    purchaseData: { allowComments: false },
    categories: [ [Object], [Object], [Object] ],
    offers: [],
    coupons: []
  },
  {
    id: 12368,
    productType: 3,
    code: '3348315',
    ean: '8437014157345',
    productData: {
      name: 'Patas de Vacuno',
      brand: [Object],
      url: 'https://tienda.consum.es/es/p/patas-de-vacuno/3348315',
      imageURL: 'https://cdn-consum.aktiosdigitalservices.com/tol/consum/media/product/img/300x300/3348315.jpg?t=20250211080552',
      description: 'Patas de Vacuno',
      seo: 'patas-de-vacuno',
      attributeGroups: [Array],
      attributes: [Array],
      format: 'Bandeja 250 g aprox.',
      novelty: false,
      featured: false,
      sponsored: false,
      actions: [],
      containAllergensIntolernacies: false,
      availability: '1'
    },
    media: [ [Object], [Object], [Object] ],
    priceData: {
      prices: [Array],
      taxPercentage: 10,
      priceUnitType: '',
      unitPriceUnitType: '1 Kg',
      minimumUnit: 1,
      maximumUnit: 6,
      intervalUnit: 1
    },
    purchaseData: { allowComments: false },
    categories: [ [Object], [Object], [Object] ],
    offers: [],
    coupons: []
  },
  {
    id: 12374,
    productType: 3,
    code: '5018254',
    ean: '8437007525052',
    productData: {
      name: 'Garreta / Brazuelo',
      brand: [Object],
      url: 'https://tienda.consum.es/es/p/garreta---brazuelo/5018254',
      imageURL: 'https://cdn-consum.aktiosdigitalservices.com/tol/consum/media/product/img/300x300/5018254.jpg?t=20241224080925',
      description: 'Garreta / Brazuelo - Servicio todos los días excepto lunes y martes',
      seo: 'garreta---brazuelo',
      attributeGroups: [Array],
      attributes: [Array],
      format: 'Bandeja 550 g aprox.',
      novelty: false,
      featured: false,
      sponsored: false,
      actions: [],
      containAllergensIntolernacies: false,
      availability: '1'
    },
    media: [ [Object], [Object], [Object] ],
    priceData: {
      prices: [Array],
      taxPercentage: 10,
      priceUnitType: '',
      unitPriceUnitType: '1 Kg',
      minimumUnit: 1,
      maximumUnit: 6,
      intervalUnit: 1
    },
    purchaseData: { allowComments: false },
    categories: [ [Object] ],
    offers: [],
    coupons: []
  },
  {
    id: 12376,
    productType: 3,
    code: '5859236',
    ean: '8428573000128',
    productData: {
      name: 'Paletillas de Conejo',
      brand: [Object],
      url: 'https://tienda.consum.es/es/p/paletillas-de-conejo/5859236',
      imageURL: 'https://cdn-consum.aktiosdigitalservices.com/tol/consum/media/product/img/300x300/5859236.jpg?t=20250318080932',
      description: 'Paletillas de Conejo',
      seo: 'paletillas-de-conejo',
      attributeGroups: [Array],
      attributes: [Array],
      format: 'Bandeja 350 g aprox.',
      novelty: false,
      featured: false,
      sponsored: false,
      actions: [],
      containAllergensIntolernacies: false,
      availability: '1'
    },
    media: [ [Object], [Object], [Object] ],
    priceData: {
      prices: [Array],
      taxPercentage: 10,
      priceUnitType: '',
      unitPriceUnitType: '1 Kg',
      minimumUnit: 1,
      maximumUnit: 6,
      intervalUnit: 1
    },
    purchaseData: { allowComments: false },
    categories: [ [Object] ],
    offers: [],
    coupons: []
  }
]
Ejemplo de productos en archivo2 pero no en archivo1: [
  {
    id: 12733,
    name: 'Vino Blanco D.O.Rioja MQ.CACERES',
    price: 5.7,
    price_kilo: 7.6,
    slug: 'vino-blanco-dorioja',
    description: 'Vino Blanco D.O.Rioja 0,75 L - Marqués de Cáceres',
    image: 'https://cdn-consum.aktiosdigitalservices.com/tol/consum/media/product/img/300x300/112854.jpg?t=20250303075620'
  },
  {
    id: 12737,
    name: 'Cava Brut Nature G.Rsva D.O.Cava JUVE CAMPS',
    price: 20.9,
    price_kilo: 27.87,
    slug: 'cava-brut-nature-grsva-docava',
    description: 'Cava Brut Nature G.Rsva D.O.Cava 0,75 L',
    image: 'https://cdn-consum.aktiosdigitalservices.com/tol/consum/media/product/img/300x300/157271.jpg?t=20250312124710'
  },
  {
    id: 12738,
    name: 'Cava Brut Gran Cremant D.O.Cava CODORNIU',
    price: 6.45,
    price_kilo: 8.6,
    slug: 'cava-brut-gran-cremant-docava',
    description: 'Cava Brut Gran Cremant D.O.Cava 0,75 L',
    image: 'https://cdn-consum.aktiosdigitalservices.com/tol/consum/media/product/img/300x300/161802.jpg?t=20250311123801'
  },
  {
    id: 12739,
    name: 'Vino Tinto Gran Reserva D.O.Valdepeñas VIÑA ALBALI',
    price: 4.99,
    price_kilo: 6.65,
    slug: 'vino-tinto-gran-reserva-dovaldepenas',
    description: 'Vino Tinto Gran Reserva D.O.Valdepeñas 0,75 L',
    image: 'https://cdn-consum.aktiosdigitalservices.com/tol/consum/media/product/img/300x300/170399.jpg?t=20250220075657'
  },
  {
    id: 12740,
    name: 'Vino Blanco Palomino D.O.Ribeiro PAZO',
    price: 4.89,
    price_kilo: 6.52,
    slug: 'vino-blanco-palomino-doribeiro',
    description: 'Vino Blanco Palomino D.O.Ribeiro 0,75 L',
    image: 'https://cdn-consum.aktiosdigitalservices.com/tol/consum/media/product/img/300x300/221440.jpg?t=20241217080943'
  },
  {
    id: 12745,
    name: 'Vino Rosado D.O.Valdepeñas LOS MOLINOS',
    price: 2.39,
    price_kilo: 3.19,
    slug: 'vino-rosado-dovaldepenas',
    description: 'Vino Rosado D.O.Valdepeñas 0,75 L',
    image: 'https://cdn-consum.aktiosdigitalservices.com/tol/consum/media/product/img/300x300/303321.jpg?t=20250311123819'
  },
  {
    id: 12748,
    name: 'Vino Blanco D.O.Cataluña VIÑA SOL',
    price: 5.9,
    price_kilo: 7.87,
    slug: 'vino-blanco-docataluna',
    description: 'Vino Blanco D.O.Cataluña 0,75 L',
    image: 'https://cdn-consum.aktiosdigitalservices.com/tol/consum/media/product/img/300x300/308031.jpg?t=20250220075728'
  },
  {
    id: 12750,
    name: 'Vino Tinto D.O.Cataluña SANGRE TORO',
    price: 4.9,
    price_kilo: 6.53,
    slug: 'vino-tinto-docataluna',
    description: 'Vino Tinto D.O.Cataluña 0,75 L',
    image: 'https://cdn-consum.aktiosdigitalservices.com/tol/consum/media/product/img/300x300/308064.jpg?t=20250201075622'
  },
  {
    id: 12752,
    name: 'Champagne Brut Imperial Champagne MOET CHANDON',
    price: 44.95,
    price_kilo: 59.93,
    slug: 'champagne-brut-imperial-champagne',
    description: 'Champagne Brut Imperial Champagne 0,75 L',
    image: 'https://cdn-consum.aktiosdigitalservices.com/tol/consum/media/product/img/300x300/312751.jpg?t=20250311164531'
  },
  {
    id: 12753,
    name: 'Cava Brut D.O.Cava CODORNIU',
    price: 9.35,
    price_kilo: 12.47,
    slug: 'cava-brut-docava',
    description: 'Cava Brut D.O.Cava 0,75 L',
    image: 'https://cdn-consum.aktiosdigitalservices.com/tol/consum/media/product/img/300x300/313254.jpg?t=20250211075657'
  },
  {
    id: 12755,
    name: 'Vino Dulce Kina SAN CLEMENTE',
    price: 6.35,
    price_kilo: 6.35,
    slug: 'vino-dulce-kina',
    description: 'Vino Dulce Kina 1 L',
    image: 'https://cdn-consum.aktiosdigitalservices.com/tol/consum/media/product/img/300x300/317743.jpg?t=20241217080946'
  },
  {
    id: 12757,
    name: 'Vino Fino D.O.Jerez TIO PEPE',
    price: 7.49,
    price_kilo: 9.99,
    slug: 'vino-fino-dojerez',
    description: 'Vino Fino D.O.Jerez 0,75 L',
    image: 'https://cdn-consum.aktiosdigitalservices.com/tol/consum/media/product/img/300x300/317966.jpg?t=20250311164531'
  },
  {
    id: 12758,
    name: 'Vino Tinto Reserva D.O.Rioja MARQ.RISCAL',
    price: 17.9,
    price_kilo: 23.87,
    slug: 'vino-tinto-reserva-dorioja',
    description: 'Vino Tinto Reserva D.O.Rioja 0,75 L',
    image: 'https://cdn-consum.aktiosdigitalservices.com/tol/consum/media/product/img/300x300/318204.jpg?t=20250311103133'
  },
  {
    id: 12760,
    name: 'Vino Tinto Crianza D.O.Rioja CAMPO VIEJO',
    price: 5.85,
    price_kilo: 7.8,
    slug: 'vino-tinto-crianza-dorioja',
    description: 'Vino Tinto Crianza D.O.Rioja 0,75 L',
    image: 'https://cdn-consum.aktiosdigitalservices.com/tol/consum/media/product/img/300x300/318436.jpg?t=20250311123824'
  },
  {
    id: 12763,
    name: 'Cava Brut Nature D.O.Cava CONDE CARALT',
    price: 5.55,
    price_kilo: 7.4,
    slug: 'cava-brut-nature-docava',
    description: 'Cava Brut Nature D.O.Cava 0,75 L',
    image: 'https://cdn-consum.aktiosdigitalservices.com/tol/consum/media/product/img/300x300/347112.jpg?t=20250311123833'
  },
  {
    id: 12764,
    name: 'Cava Brut D.O.Cava C. NUBIOLA',
    price: 5.75,
    price_kilo: 7.67,
    slug: 'cava-brut-docava',
    description: 'Cava Brut D.O.Cava 0,75 L',
    image: 'https://cdn-consum.aktiosdigitalservices.com/tol/consum/media/product/img/300x300/373217.jpg?t=20250311164531'
  },
  {
    id: 12765,
    name: 'Cava Brut Reserva D.O.Cava SEG.VIUDAS',
    price: 9.69,
    price_kilo: 12.92,
    slug: 'cava-brut-reserva-docava',
    description: 'Cava Brut Reserva D.O.Cava 0,75 L',
    image: 'https://cdn-consum.aktiosdigitalservices.com/tol/consum/media/product/img/300x300/373225.jpg?t=20250311164531'
  },
  {
    id: 12766,
    name: 'Cava Brut Nature Reserv D.O.Cava FREIXENET',
    price: 9.99,
    price_kilo: 13.32,
    slug: 'cava-brut-nature-reserv-docava',
    description: 'Cava Brut Nature Reserv D.O.Cava 0,75 L',
    image: 'https://cdn-consum.aktiosdigitalservices.com/tol/consum/media/product/img/300x300/373415.jpg?t=20241217080948'
  },
  {
    id: 12770,
    name: 'Almidón Spray TOKE',
    price: 4.89,
    price_kilo: 9.78,
    slug: 'almidon-spray',
    description: 'Almidón Spray 0,5 L',
    image: 'https://cdn-consum.aktiosdigitalservices.com/tol/consum/media/product/img/300x300/410464.jpg?t=20241217080948'
  },
  {
    id: 12778,
    name: 'Quitamanchas en Seco Spray CEBRALIN',
    price: 3.89,
    price_kilo: 19.45,
    slug: 'quitamanchas-en-seco-spray',
    description: 'Quitamanchas en Seco Spray 200 ml',
    image: 'https://cdn-consum.aktiosdigitalservices.com/tol/consum/media/product/img/300x300/479964.jpg?t=20241217080950'
  },
  {
    id: 12779,
    name: 'Vino Blanco Ecológico D.O.Penedes V. ESMERALDA',
    price: 8.5,
    price_kilo: 11.33,
    slug: 'vino-blanco-ecologico-dopenedes',
    description: 'Vino Blanco Ecológico D.O.Penedes 0,75 L',
    image: 'https://cdn-consum.aktiosdigitalservices.com/tol/consum/media/product/img/300x300/483032.jpg?t=20250311123852'
  },
  {
    id: 12782,
    name: 'Yuca ',
    price: 3.06,
    price_kilo: 3.49,
    slug: 'yuca',
    description: 'Yuca',
    image: 'https://cdn-consum.aktiosdigitalservices.com/tol/consum/media/product/img/300x300/961318.jpg?t=20250322075721'
  },
  {
    id: 12784,
    name: 'Plátano de Freír ',
    price: 1.06,
    price_kilo: 2.99,
    slug: 'platano-de-freir',
    description: 'Plátano de Freír',
    image: 'https://cdn-consum.aktiosdigitalservices.com/tol/consum/media/product/img/300x300/961375.jpg?t=20250319075654'
  },
  {
    id: 12786,
    name: 'Garrofón Seco Malla ',
    price: 2.95,
    price_kilo: 10.54,
    slug: 'garrofon-seco-malla',
    description: 'Garrofón Seco Malla 280 Gr',
    image: 'https://cdn-consum.aktiosdigitalservices.com/tol/consum/media/product/img/300x300/998211.jpg?t=20250204080003'
  },
  {
    id: 12788,
    name: 'Vino Tinto Reserva D.O.Rioja COTO IMAZ',
    price: 8.85,
    price_kilo: 11.8,
    slug: 'vino-tinto-reserva-dorioja',
    description: 'Vino Tinto Reserva D.O.Rioja 0,75 L',
    image: 'https://cdn-consum.aktiosdigitalservices.com/tol/consum/media/product/img/300x300/1772706.jpg?t=20250303075711'
  },
  {
    id: 12797,
    name: 'Moscatel Espumoso REYMOS',
    price: 4.45,
    price_kilo: 5.93,
    slug: 'moscatel-espumoso',
    description: 'Moscatel Espumoso 0,75 L',
    image: 'https://cdn-consum.aktiosdigitalservices.com/tol/consum/media/product/img/300x300/3943438.jpg?t=20250311164534'
  },
  {
    id: 12801,
    name: 'Pimiento Ñora Tarrina ',
    price: 3.89,
    price_kilo: 64.83,
    slug: 'pimiento-nora-tarrina',
    description: 'Pimiento Ñora Tarrina 60 Gr',
    image: 'https://cdn-consum.aktiosdigitalservices.com/tol/consum/media/product/img/300x300/5300025.jpg?t=20250121075916'
  },
  {
    id: 12807,
    name: 'Cebollino Bandeja EL DULZE',
    price: 1.8,
    price_kilo: 9,
    slug: 'cebollino-bandeja',
    description: 'Cebollino Bandeja 20 Gr',
    image: 'https://cdn-consum.aktiosdigitalservices.com/tol/consum/media/product/img/300x300/7006752.jpg?t=20241217081000'
  },
  {
    id: 12815,
    name: 'Vino Tinto Crianza D.O.Ribera del Duero ALT.TAMARON',
    price: 6.99,
    price_kilo: 9.32,
    slug: 'vino-tinto-crianza-doribera-del-duero',
    description: 'Vino Tinto Crianza D.O.Ribera del Duero 0,75 L',
    image: 'https://cdn-consum.aktiosdigitalservices.com/tol/consum/media/product/img/300x300/7025054.jpg?t=20250311164535'
  },
  {
    id: 12825,
    name: 'Ambientador Aire Fresco Spray OUST',
    price: 3.99,
    price_kilo: 1.33,
    slug: 'ambientador-aire-fresco-spray',
    description: 'Ambientador Aire Fresco Spray 300 ml',
    image: 'https://cdn-consum.aktiosdigitalservices.com/tol/consum/media/product/img/300x300/7049047.jpg?t=20250109094056'
  },
  {
    id: 12826,
    name: 'Vino Tinto Crianza D.O.Alicante VIÑA ALCANTA',
    price: 3.49,
    price_kilo: 4.65,
    slug: 'vino-tinto-crianza-doalicante',
    description: 'Vino Tinto Crianza D.O.Alicante 0,75 L',
    image: 'https://cdn-consum.aktiosdigitalservices.com/tol/consum/media/product/img/300x300/7052889.jpg?t=20250206090812'
  },
  {
    id: 12829,
    name: 'Dátil en Rama Bandeja ',
    price: 3.99,
    price_kilo: 7.98,
    slug: 'datil-en-rama-bandeja',
    description: 'Dátil en Rama Bandeja 500 Gr',
    image: 'https://cdn-consum.aktiosdigitalservices.com/tol/consum/media/product/img/300x300/7061401.jpg?t=20250127075739'
  },
  {
    id: 12830,
    name: 'Vino Oporto Fine Tawny OSBORNE',
    price: 9.69,
    price_kilo: 12.92,
    slug: 'vino-oporto-fine-tawny',
    description: 'Vino Oporto Fine Tawny 0,75 L',
    image: 'https://cdn-consum.aktiosdigitalservices.com/tol/consum/media/product/img/300x300/7061534.jpg?t=20250227090509'
  },
  {
    id: 12833,
    name: 'Vino Tinto Crianza D.O.Rioja CUNE',
    price: 4.65,
    price_kilo: 12.4,
    slug: 'vino-tinto-crianza-dorioja',
    description: 'Vino Tinto Crianza D.O.Rioja 375 ml',
    image: 'https://cdn-consum.aktiosdigitalservices.com/tol/consum/media/product/img/300x300/7068919.jpg?t=20250311164538'
  },
  {
    id: 12836,
    name: 'Cava Brut D.O.Cava CARTA NEVADA',
    price: 7.45,
    price_kilo: 9.93,
    slug: 'cava-brut-docava',
    description: 'Cava Brut D.O.Cava 0,75 L',
    image: 'https://cdn-consum.aktiosdigitalservices.com/tol/consum/media/product/img/300x300/7074735.jpg?t=20250311164538'
  },
  {
    id: 12838,
    name: 'Cava Brut D.O.Cava CORDON NEGRO',
    price: 8.49,
    price_kilo: 11.32,
    slug: 'cava-brut-docava',
    description: 'Cava Brut D.O.Cava 0,75 L',
    image: 'https://cdn-consum.aktiosdigitalservices.com/tol/consum/media/product/img/300x300/7074748.jpg?t=20250311164538'
  },
  {
    id: 12840,
    name: 'Picada de Ajo y Perejil Bandeja ',
    price: 1.49,
    price_kilo: 14.9,
    slug: 'picada-de-ajo-y-perejil-bandeja',
    description: 'Picada de Ajo y Perejil Bandeja 100 Gr',
    image: 'https://cdn-consum.aktiosdigitalservices.com/tol/consum/media/product/img/300x300/7078202.jpg?t=20241217081015'
  },
  {
    id: 12842,
    name: 'Vino Tinto Roble D.O.Ribera del Duero MELIOR',
    price: 9.8,
    price_kilo: 13.07,
    slug: 'vino-tinto-roble-doribera-del-duero',
    description: 'Vino Tinto Roble D.O.Ribera del Duero 0,75 L',
    image: 'https://cdn-consum.aktiosdigitalservices.com/tol/consum/media/product/img/300x300/7078723.jpg?t=20250206091012'
  },
  {
    id: 12845,
    name: 'Vino Tinto Crianza D.O.Somontano VIÑAS D VERO',
    price: 8.59,
    price_kilo: 11.45,
    slug: 'vino-tinto-crianza-dosomontano',
    description: 'Vino Tinto Crianza D.O.Somontano 0,75 L',
    image: 'https://cdn-consum.aktiosdigitalservices.com/tol/consum/media/product/img/300x300/7080836.jpg?t=20250311124143'
  },
  {
    id: 12846,
    name: 'Vino Tinto D.O.Somontano ENATE',
    price: 7.59,
    price_kilo: 10.12,
    slug: 'vino-tinto-dosomontano',
    description: 'Vino Tinto D.O.Somontano 0,75 L',
    image: 'https://cdn-consum.aktiosdigitalservices.com/tol/consum/media/product/img/300x300/7084577.jpg?t=20250201075759'
  },
  {
    id: 12847,
    name: 'Vino Blanco Semi Dulce D.O.Rioja CAMPO VIEJO',
    price: 3.99,
    price_kilo: 5.32,
    slug: 'vino-blanco-semi-dulce-dorioja',
    description: 'Vino Blanco Semi Dulce D.O.Rioja 0,75 L',
    image: 'https://cdn-consum.aktiosdigitalservices.com/tol/consum/media/product/img/300x300/7086569.jpg?t=20250204080217'
  },
  {
    id: 12848,
    name: 'Termómetro Digital PHARMADOCT',
    price: 3.99,
    price_kilo: 3.99,
    slug: 'termometro-digital',
    description: 'Termómetro Digital 1 U',
    image: 'https://cdn-consum.aktiosdigitalservices.com/tol/consum/media/product/img/300x300/7086929.jpg?t=20250312092745'
  },
  {
    id: 12850,
    name: 'Vino Tinto Crianza D.O.Ribera del Duero PROTOS',
    price: 19.95,
    price_kilo: 26.6,
    slug: 'vino-tinto-crianza-doribera-del-duero',
    description: 'Vino Tinto Crianza D.O.Ribera del Duero 0,75 L',
    image: 'https://cdn-consum.aktiosdigitalservices.com/tol/consum/media/product/img/300x300/7091663.jpg?t=20250201075808'
  },
  {
    id: 12851,
    name: 'Vino Rosado D.O.Rioja CUNE',
    price: 5.2,
    price_kilo: 6.93,
    slug: 'vino-rosado-dorioja',
    description: 'Vino Rosado D.O.Rioja 0,75 L',
    image: 'https://cdn-consum.aktiosdigitalservices.com/tol/consum/media/product/img/300x300/7092323.jpg?t=20250212075836'
  },
  {
    id: 12859,
    name: 'Vino Blanco Chardonnay D.O.Utiel-Requena HOYA CADENAS',
    price: 6.29,
    price_kilo: 8.39,
    slug: 'vino-blanco-chardonnay-doutiel-requena',
    description: 'Vino Blanco Chardonnay D.O.Utiel-Requena 0,75 L',
    image: 'https://cdn-consum.aktiosdigitalservices.com/tol/consum/media/product/img/300x300/7108384.jpg?t=20250227090725'
  },
  {
    id: 12865,
    name: "Agua de Valencia GALA D'OR",
    price: 6.99,
    price_kilo: 9.32,
    slug: 'agua-de-valencia',
    description: 'Agua de Valencia 0,75 L',
    image: 'https://cdn-consum.aktiosdigitalservices.com/tol/consum/media/product/img/300x300/7114239.jpg?t=20241217081021'
  },
  {
    id: 12868,
    name: 'Aditivo Transpirex Spray Quitamanchas Prelavado NEUTREX',
    price: 6.55,
    price_kilo: 10.92,
    slug: 'aditivo-transpirex-spray-quitamanchas-prelavado',
    description: 'Aditivo Transpirex Spray Quitamanchas Prelavado 0,6 L',
    image: 'https://cdn-consum.aktiosdigitalservices.com/tol/consum/media/product/img/300x300/7121564.jpg?t=20250227090836'
  },
  {
    id: 12869,
    name: 'Vino Tinto Roble D.O.Ribera del Duero LEGARIS',
    price: 9.45,
    price_kilo: 12.6,
    slug: 'vino-tinto-roble-doribera-del-duero',
    description: 'Vino Tinto Roble D.O.Ribera del Duero 0,75 L',
    image: 'https://cdn-consum.aktiosdigitalservices.com/tol/consum/media/product/img/300x300/7134398.jpg?t=20250206091325'
  },
  {
    id: 12878,
    name: 'Recambio Lavanda&jazmi Sense&spray GLADE',
    price: 3.59,
    price_kilo: 3.59,
    slug: 'recambio-lavandajazmi-sensespray',
    description: 'Recambio Lavanda&jazmi Sense&spray 1 U',
    image: 'https://cdn-consum.aktiosdigitalservices.com/tol/consum/media/product/img/300x300/7144454.jpg?t=20250313080118'
  },
  {
    id: 12899,
    name: 'Recambio WC Discos Act Lima Fresca Pack 2 uds PATO',
    price: 5.59,
    price_kilo: 2.8,
    slug: 'recambio-wc-discos-act-lima-fresca-pack-2-uds',
    description: 'Recambio WC Discos Act Lima Fresca Pack 2 uds 2 U',
    image: 'https://cdn-consum.aktiosdigitalservices.com/tol/consum/media/product/img/300x300/7163587.jpg?t=20241217081027'
  },
  {
    id: 12900,
    name: 'Cava Brut Nature D.O.Cava CODORNIU',
    price: 9.35,
    price_kilo: 12.47,
    slug: 'cava-brut-nature-docava',
    description: 'Cava Brut Nature D.O.Cava 0,75 L',
    image: 'https://cdn-consum.aktiosdigitalservices.com/tol/consum/media/product/img/300x300/7163835.jpg?t=20250109095212'
  },
  {
    id: 12901,
    name: 'Cava Brut D.O.Cava DOMN.DUQUES',
    price: 3.55,
    price_kilo: 4.73,
    slug: 'cava-brut-docava',
    description: 'Cava Brut D.O.Cava 0,75 L',
    image: 'https://cdn-consum.aktiosdigitalservices.com/tol/consum/media/product/img/300x300/7163850.jpg?t=20250318080024'
  },
  {
    id: 12902,
    name: 'Bebida Refresc. Blanco Uva y Manzana C.SALOBREÑA',
    price: 1.6,
    price_kilo: 1.6,
    slug: 'bebida-refresc-blanco-uva-y-manzana',
    description: 'Bebida Refresc. Blanco Uva y Manzana 1 L',
    image: 'https://cdn-consum.aktiosdigitalservices.com/tol/consum/media/product/img/300x300/7163900.jpg?t=20241217081028'
  },
  {
    id: 12903,
    name: 'Vino Tinto Bag&Box PEÑASOL',
    price: 5.99,
    price_kilo: 2,
    slug: 'vino-tinto-bagbox',
    description: 'Vino Tinto Bag&Box 3 L',
    image: 'https://cdn-consum.aktiosdigitalservices.com/tol/consum/media/product/img/300x300/7164700.jpg?t=20241217081028'
  },
  {
    id: 12904,
    name: 'Vino Tinto Crianza D.O.Ribera del Duero MAY.CASTILLA',
    price: 5.99,
    price_kilo: 7.99,
    slug: 'vino-tinto-crianza-doribera-del-duero',
    description: 'Vino Tinto Crianza D.O.Ribera del Duero 0,75 L',
    image: 'https://cdn-consum.aktiosdigitalservices.com/tol/consum/media/product/img/300x300/7164718.jpg?t=20250227091026'
  },
  {
    id: 12912,
    name: 'Ambientador Nenuco Aparato más Recambio AIR WICK',
    price: 6.59,
    price_kilo: 6.59,
    slug: 'ambientador-nenuco-aparato-mas-recambio',
    description: 'Ambientador Nenuco Aparato más Recambio 1 U',
    image: 'https://cdn-consum.aktiosdigitalservices.com/tol/consum/media/product/img/300x300/7168792.jpg?t=20250313080149'
  },
  {
    id: 12917,
    name: 'Spray Hielo PHARMADOCT',
    price: 4.99,
    price_kilo: 1.66,
    slug: 'spray-hielo',
    description: 'Spray Hielo 300 ml',
    image: 'https://cdn-consum.aktiosdigitalservices.com/tol/consum/media/product/img/300x300/7174977.jpg?t=20241217081030'
  },
  {
    id: 12921,
    name: 'Vino Blanco D.O.Somontano VIÑAS D VERO',
    price: 9.79,
    price_kilo: 13.05,
    slug: 'vino-blanco-dosomontano',
    description: 'Vino Blanco D.O.Somontano 0,75 L',
    image: 'https://cdn-consum.aktiosdigitalservices.com/tol/consum/media/product/img/300x300/7177314.jpg?t=20250311164550'
  },
  {
    id: 12928,
    name: 'Salvaslip Maxiplus EVAX',
    price: 3.19,
    price_kilo: 0.11,
    slug: 'salvaslip-maxiplus',
    description: 'Salvaslip Maxiplus 30 U',
    image: 'https://cdn-consum.aktiosdigitalservices.com/tol/consum/media/product/img/300x300/7181068.jpg?t=20250313080209'
  },
  {
    id: 12931,
    name: 'Limpiador Microondas y Frigoríficos CONSUM',
    price: 1.99,
    price_kilo: 3.98,
    slug: 'limpiador-microondas-y-frigorificos',
    description: 'Limpiador Microondas y Frigoríficos 0,5 L',
    image: 'https://cdn-consum.aktiosdigitalservices.com/tol/consum/media/product/img/300x300/7181464.jpg?t=20241217081032'
  },
  {
    id: 12932,
    name: 'Cava Brut Pack 3 D.O.Cava ANNA CODORNI',
    price: 9.95,
    price_kilo: 16.58,
    slug: 'cava-brut-pack-3-docava',
    description: 'Cava Brut Pack 3 D.O.Cava 3 x 0,2 L',
    image: 'https://cdn-consum.aktiosdigitalservices.com/tol/consum/media/product/img/300x300/7181902.jpg?t=20250311124346'
  },
  {
    id: 12936,
    name: 'Colonia Femenina Nº28 CARAVAN',
    price: 10.95,
    price_kilo: 7.3,
    slug: 'colonia-femenina-n28',
    description: 'Colonia Femenina Nº28 150 ml',
    image: 'https://cdn-consum.aktiosdigitalservices.com/tol/consum/media/product/img/300x300/7182244.jpg?t=20250311164551'
  },
  {
    id: 12938,
    name: 'Colonia Femenina Nº22 CARAVAN',
    price: 10.95,
    price_kilo: 7.3,
    slug: 'colonia-femenina-n22',
    description: 'Colonia Femenina Nº22 150 ml',
    image: 'https://cdn-consum.aktiosdigitalservices.com/tol/consum/media/product/img/300x300/7182256.jpg?t=20250312092750'
  },
  {
    id: 12939,
    name: 'Colonia Femenina Nº3 CARAVAN',
    price: 10.95,
    price_kilo: 7.3,
    slug: 'colonia-femenina-n3',
    description: 'Colonia Femenina Nº3 150 ml',
    image: 'https://cdn-consum.aktiosdigitalservices.com/tol/consum/media/product/img/300x300/7182264.jpg?t=20250311164551'
  },
  {
    id: 12940,
    name: 'Colonia Femenina Nº2 CARAVAN',
    price: 10.95,
    price_kilo: 7.3,
    slug: 'colonia-femenina-n2',
    description: 'Colonia Femenina Nº2 150 ml',
    image: 'https://cdn-consum.aktiosdigitalservices.com/tol/consum/media/product/img/300x300/7182269.jpg?t=20241217081032'
  },
  {
    id: 12941,
    name: 'Colonia Femenina Nº27 CARAVAN',
    price: 10.95,
    price_kilo: 7.3,
    slug: 'colonia-femenina-n27',
    description: 'Colonia Femenina Nº27 150 ml',
    image: 'https://cdn-consum.aktiosdigitalservices.com/tol/consum/media/product/img/300x300/7182272.jpg?t=20250311164551'
  },
  {
    id: 12944,
    name: 'Colonia Masculina Nº70 CARAVAN',
    price: 10.95,
    price_kilo: 7.3,
    slug: 'colonia-masculina-n70',
    description: 'Colonia Masculina Nº70 150 ml',
    image: 'https://cdn-consum.aktiosdigitalservices.com/tol/consum/media/product/img/300x300/7182319.jpg?t=20241217081032'
  },
  {
    id: 12947,
    name: 'Guante Especial Lejía de Nitrilo Talla Pequeña CONSUM',
    price: 1.95,
    price_kilo: 1.95,
    slug: 'guante-especial-lejia-de-nitrilo-talla-pequena',
    description: 'Guante Especial Lejía de Nitrilo Talla Pequeña 1 U',
    image: 'https://cdn-consum.aktiosdigitalservices.com/tol/consum/media/product/img/300x300/7182590.jpg?t=20241217081033'
  },
  {
    id: 12948,
    name: 'Guante Especial Lejía de Nitrilo Talla Grande CONSUM',
    price: 1.95,
    price_kilo: 1.95,
    slug: 'guante-especial-lejia-de-nitrilo-talla-grande',
    description: 'Guante Especial Lejía de Nitrilo Talla Grande 1 U',
    image: 'https://cdn-consum.aktiosdigitalservices.com/tol/consum/media/product/img/300x300/7182603.jpg?t=20241217081033'
  },
  {
    id: 12962,
    name: 'Vino Tinto Crianza D.O.Rioja DUQUE NARDOS',
    price: 1.99,
    price_kilo: 5.31,
    slug: 'vino-tinto-crianza-dorioja',
    description: 'Vino Tinto Crianza D.O.Rioja 375 ml',
    image: 'https://cdn-consum.aktiosdigitalservices.com/tol/consum/media/product/img/300x300/7188212.jpg?t=20241217081035'
  },
  {
    id: 12967,
    name: 'Vino Tinto Reserva D.O.Rioja DUQUE NARDOS',
    price: 4.2,
    price_kilo: 5.6,
    slug: 'vino-tinto-reserva-dorioja',
    description: 'Vino Tinto Reserva D.O.Rioja 0,75 L',
    image: 'https://cdn-consum.aktiosdigitalservices.com/tol/consum/media/product/img/300x300/7188998.jpg?t=20241217081035'
  },
  {
    id: 12971,
    name: 'Panoja de Maíz Fresca Bandeja ',
    price: 3.1,
    price_kilo: 7.75,
    slug: 'panoja-de-maiz-fresca-bandeja',
    description: 'Panoja de Maíz Fresca Bandeja 400 Gr',
    image: 'https://cdn-consum.aktiosdigitalservices.com/tol/consum/media/product/img/300x300/7189678.jpg?t=20250322075921'
  },
  {
    id: 12972,
    name: 'Pimiento Picante Bandeja ',
    price: 1.69,
    price_kilo: 16.9,
    slug: 'pimiento-picante-bandeja',
    description: 'Pimiento Picante Bandeja 100 Gr',
    image: 'https://cdn-consum.aktiosdigitalservices.com/tol/consum/media/product/img/300x300/7189900.jpg?t=20250312125305'
  },
  {
    id: 12973,
    name: 'Recambio Eléctrico 3V Tatami Japonés AMBIPUR',
    price: 5.99,
    price_kilo: 5.99,
    slug: 'recambio-electrico-3v-tatami-japones',
    description: 'Recambio Eléctrico 3V Tatami Japonés 1 U',
    image: 'https://cdn-consum.aktiosdigitalservices.com/tol/consum/media/product/img/300x300/7190390.jpg?t=20241217081036'
  },
  {
    id: 12977,
    name: 'Vino Blanco D.O. Rioja FAUSTINO VII',
    price: 1.69,
    price_kilo: 9.04,
    slug: 'vino-blanco-do-rioja',
    description: 'Vino Blanco D.O. Rioja 0,18 L',
    image: 'https://cdn-consum.aktiosdigitalservices.com/tol/consum/media/product/img/300x300/7193006.jpg?t=20250206091847'
  },
  {
    id: 12985,
    name: 'Crema Día Q10 energy Vitamina C NIVEA',
    price: 11.99,
    price_kilo: 23.98,
    slug: 'crema-dia-q10-energy-vitamina-c',
    description: 'Crema Día Q10 energy Vitamina C 50 ml',
    image: 'https://cdn-consum.aktiosdigitalservices.com/tol/consum/media/product/img/300x300/7195639.jpg?t=20250311164552'
  },
  {
    id: 12991,
    name: 'Limpiador Fosa Séptica en Cápsulas WC NET',
    price: 12.75,
    price_kilo: 0.64,
    slug: 'limpiador-fosa-septica-en-capsulas',
    description: 'Limpiador Fosa Séptica en Cápsulas 20 U',
    image: 'https://cdn-consum.aktiosdigitalservices.com/tol/consum/media/product/img/300x300/7196645.jpg?t=20241217081038'
  },
  {
    id: 12992,
    name: 'Guacamole Picante Tarrina ',
    price: 1.89,
    price_kilo: 9.45,
    slug: 'guacamole-picante-tarrina',
    description: 'Guacamole Picante Tarrina 200 Gr',
    image: 'https://cdn-consum.aktiosdigitalservices.com/tol/consum/media/product/img/300x300/7197064.jpg?t=20250127075832'
  },
  {
    id: 12994,
    name: 'Colonia Femenina Nª80 CARAVAN',
    price: 10.95,
    price_kilo: 7.3,
    slug: 'colonia-femenina-n80',
    description: 'Colonia Femenina Nª80 150 ml',
    image: 'https://cdn-consum.aktiosdigitalservices.com/tol/consum/media/product/img/300x300/7197361.jpg?t=20250311164554'
  },
  {
    id: 12996,
    name: 'Paño Multiusos Para Gafas y Pantallas CONSUM',
    price: 0.99,
    price_kilo: 0.5,
    slug: 'pano-multiusos-para-gafas-y-pantallas',
    description: 'Paño Multiusos Para Gafas y Pantallas 2 U',
    image: 'https://cdn-consum.aktiosdigitalservices.com/tol/consum/media/product/img/300x300/7197858.jpg?t=20241217081038'
  },
  {
    id: 13004,
    name: 'Vino Dulce Pedro Ximene D.O.Montilla Moriles CRUZ CONDE',
    price: 6,
    price_kilo: 8,
    slug: 'vino-dulce-pedro-ximene-domontilla-moriles',
    description: 'Vino Dulce Pedro Ximene D.O.Montilla Moriles 0,75 L',
    image: 'https://cdn-consum.aktiosdigitalservices.com/tol/consum/media/product/img/300x300/7201671.jpg?t=20241217081039'
  },
  {
    id: 13006,
    name: 'Vino Fino Seco D.O.Montilla Moriles CRUZ CONDE',
    price: 3.59,
    price_kilo: 4.79,
    slug: 'vino-fino-seco-domontilla-moriles',
    description: 'Vino Fino Seco D.O.Montilla Moriles 0,75 L',
    image: 'https://cdn-consum.aktiosdigitalservices.com/tol/consum/media/product/img/300x300/7201684.jpg?t=20241217081039'
  },
  {
    id: 13007,
    name: 'Vino Cream Dulce CRUZ CONDE',
    price: 4,
    price_kilo: 5.33,
    slug: 'vino-cream-dulce',
    description: 'Vino Cream Dulce 0,75 L',
    image: 'https://cdn-consum.aktiosdigitalservices.com/tol/consum/media/product/img/300x300/7201689.jpg?t=20241217081039'
  },
  {
    id: 13010,
    name: 'Vino Tinto Ecológico D.O.El Terrerazo MESTIZAJE',
    price: 10.79,
    price_kilo: 14.39,
    slug: 'vino-tinto-ecologico-doel-terrerazo',
    description: 'Vino Tinto Ecológico D.O.El Terrerazo 0,75 L',
    image: 'https://cdn-consum.aktiosdigitalservices.com/tol/consum/media/product/img/300x300/7204613.jpg?t=20250109095748'
  },
  {
    id: 13014,
    name: 'Vino Tinto Reserva D.O.Ribera del Duero ALT.TAMARON',
    price: 9.99,
    price_kilo: 13.32,
    slug: 'vino-tinto-reserva-doribera-del-duero',
    description: 'Vino Tinto Reserva D.O.Ribera del Duero 0,75 L',
    image: 'https://cdn-consum.aktiosdigitalservices.com/tol/consum/media/product/img/300x300/7205487.jpg?t=20250311164555'
  },
  {
    id: 13015,
    name: 'Pila Recargable AA HR06 Blister 4 Unidades ENERGIZER',
    price: 7.9,
    price_kilo: 1.98,
    slug: 'pila-recargable-aa-hr06-blister-4-unidades',
    description: 'Pila Recargable AA HR06 Blister 4 Unidades 4 x 1 U',
    image: 'https://cdn-consum.aktiosdigitalservices.com/tol/consum/media/product/img/300x300/7205503.jpg?t=20241217081040'
  },
  {
    id: 13017,
    name: 'Lechuga Trocadero Peso Aproximado 300 gr ',
    price: 1.89,
    price_kilo: 6.3,
    slug: 'lechuga-trocadero-peso-aproximado-300-gr',
    description: 'Lechuga Trocadero Peso Aproximado 300 gr 0,3 Kg',
    image: 'https://cdn-consum.aktiosdigitalservices.com/tol/consum/media/product/img/300x300/7206407.jpg?t=20250204080519'
  },
  {
    id: 13026,
    name: 'Cava Semi Seco D.O.Cava DOMN.DUQUES',
    price: 3.55,
    price_kilo: 4.73,
    slug: 'cava-semi-seco-docava',
    description: 'Cava Semi Seco D.O.Cava 0,75 L',
    image: 'https://cdn-consum.aktiosdigitalservices.com/tol/consum/media/product/img/300x300/7207418.jpg?t=20250318080110'
  },
  {
    id: 13027,
    name: 'Duplo Rec Ambientador Fresh Matic Nenuco AIR WICK',
    price: 10.99,
    price_kilo: 5.5,
    slug: 'duplo-rec-ambientador-fresh-matic-nenuco',
    description: 'Duplo Rec Ambientador Fresh Matic Nenuco 2 x 1 U',
    image: 'https://cdn-consum.aktiosdigitalservices.com/tol/consum/media/product/img/300x300/7207723.jpg?t=20250313080255'
  },
  {
    id: 13031,
    name: 'Colonia Kids Blue SAPHIR',
    price: 4.99,
    price_kilo: 4.99,
    slug: 'colonia-kids-blue',
    description: 'Colonia Kids Blue 100 ml',
    image: 'https://cdn-consum.aktiosdigitalservices.com/tol/consum/media/product/img/300x300/7208580.jpg?t=20241217081042'
  },
  {
    id: 13032,
    name: 'Colonia Kids Pink SAPHIR',
    price: 4.99,
    price_kilo: 4.99,
    slug: 'colonia-kids-pink',
    description: 'Colonia Kids Pink 100 ml',
    image: 'https://cdn-consum.aktiosdigitalservices.com/tol/consum/media/product/img/300x300/7208619.jpg?t=20250108081618'
  },
  {
    id: 13033,
    name: 'Escarola Frisee Bandeja ',
    price: 1.89,
    price_kilo: 6.3,
    slug: 'escarola-frisee-bandeja',
    description: 'Escarola Frisee Bandeja 300 Gr',
    image: 'https://cdn-consum.aktiosdigitalservices.com/tol/consum/media/product/img/300x300/7209018.jpg?t=20250204080527'
  },
  {
    id: 13042,
    name: 'Vino Tinto Crianza D.O.Navarra VIÑA LERDEN',
    price: 2.99,
    price_kilo: 3.99,
    slug: 'vino-tinto-crianza-donavarra',
    description: 'Vino Tinto Crianza D.O.Navarra 0,75 L',
    image: 'https://cdn-consum.aktiosdigitalservices.com/tol/consum/media/product/img/300x300/7212231.jpg?t=20241217081043'
  },
  {
    id: 13043,
    name: 'Estropajo de Acero Jabonoso GREEN NATURE',
    price: 1.2,
    price_kilo: 0.12,
    slug: 'estropajo-de-acero-jabonoso',
    description: 'Estropajo de Acero Jabonoso 10 U',
    image: 'https://cdn-consum.aktiosdigitalservices.com/tol/consum/media/product/img/300x300/7212348.jpg?t=20250311164555'
  },
  {
    id: 13049,
    name: 'Vino Blanco D.O.Valencia MURVIEDRO',
    price: 4.39,
    price_kilo: 5.85,
    slug: 'vino-blanco-dovalencia',
    description: 'Vino Blanco D.O.Valencia 0,75 L',
    image: 'https://cdn-consum.aktiosdigitalservices.com/tol/consum/media/product/img/300x300/7214604.jpg?t=20250311124419'
  },
  {
    id: 13058,
    name: 'Vino Tinto Roble D.O.Toro BAJOZ',
    price: 4.39,
    price_kilo: 5.85,
    slug: 'vino-tinto-roble-dotoro',
    description: 'Vino Tinto Roble D.O.Toro 0,75 L',
    image: 'https://cdn-consum.aktiosdigitalservices.com/tol/consum/media/product/img/300x300/7218675.jpg?t=20250227091650'
  },
  {
    id: 13059,
    name: 'Colonia Femenina Nº37 CARAVAN',
    price: 10.95,
    price_kilo: 7.3,
    slug: 'colonia-femenina-n37',
    description: 'Colonia Femenina Nº37 150 ml',
    image: 'https://cdn-consum.aktiosdigitalservices.com/tol/consum/media/product/img/300x300/7219541.jpg?t=20250304115720'
  },
  {
    id: 13068,
    name: 'Vino Tinto Shiraz D.O.Valencia ICONO',
    price: 6.39,
    price_kilo: 8.52,
    slug: 'vino-tinto-shiraz-dovalencia',
    description: 'Vino Tinto Shiraz D.O.Valencia 0,75 L',
    image: 'https://cdn-consum.aktiosdigitalservices.com/tol/consum/media/product/img/300x300/7223209.jpg?t=20250109100137'
  },
  {
    id: 13069,
    name: 'Colonia Corporal SPIDERMAN',
    price: 5.99,
    price_kilo: 3,
    slug: 'colonia-corporal',
    description: 'Colonia Corporal 200 ml',
    image: 'https://cdn-consum.aktiosdigitalservices.com/tol/consum/media/product/img/300x300/7223295.jpg?t=20241217081047'
  },
  {
    id: 13076,
    name: 'Colonia Femenina Nº36 CARAVAN',
    price: 10.95,
    price_kilo: 7.3,
    slug: 'colonia-femenina-n36',
    description: 'Colonia Femenina Nº36 150 ml',
    image: 'https://cdn-consum.aktiosdigitalservices.com/tol/consum/media/product/img/300x300/7226272.jpg?t=20241217081049'
  },
  ... 4620 more items
]
