Total productos en archivo1: 8958
Total productos en archivo2: 9113
Total IDs únicos en archivo1: 8958
Total IDs únicos en archivo2: 9113
Productos en archivo1 pero no en archivo2: 14
Productos en archivo2 pero no en archivo1: 169
Ejemplo de productos en archivo1 pero no en archivo2: [
  {
    id: 14032,
    name: 'Zanahoria Manojo ',
    price: 1.89,
    price_kilo: 2.7,
    slug: 'zanahoria-manojo',
    description: 'Zanahoria Manojo 700 Gr',
    image: 'https://cdn-consum.aktiosdigitalservices.com/tol/consum/media/product/img/300x300/7214976.jpg?t=20250319080110',
    ofertaPack: false,
    unidadesPack: null,
    precioUnidadPack: null
  },
  {
    id: 18437,
    name: 'Bebida de Avena Minibrick YOSOY',
    price: 2.1,
    price_kilo: 2.8,
    slug: 'bebida-de-avena-minibrick',
    description: 'Bebida de Avena Minibrick 3 x 250 ml',
    image: 'https://cdn-consum.aktiosdigitalservices.com/tol/consum/media/product/img/300x300/7311293.jpg?t=20250311110552',
    ofertaPack: false,
    unidadesPack: null,
    precioUnidadPack: null
  },
  {
    id: 20422,
    name: 'Chirivia Granel ',
    price: 0.47,
    price_kilo: 3.1,
    slug: 'chirivia-granel',
    description: 'Chirivia Granel',
    image: 'https://cdn-consum.aktiosdigitalservices.com/tol/consum/media/product/img/300x300/7324507.jpg?t=20250304112151',
    ofertaPack: false,
    unidadesPack: null,
    precioUnidadPack: null
  },
  {
    id: 22424,
    name: 'Paté Campaña Tarro CONSUM',
    price: 1.1,
    price_kilo: 6.88,
    slug: 'pate-campana-tarro',
    description: 'Paté Campaña Tarro 160 Gr',
    image: 'https://cdn-consum.aktiosdigitalservices.com/tol/consum/media/product/img/300x300/7326023.jpg?t=20250131075920',
    ofertaPack: false,
    unidadesPack: null,
    precioUnidadPack: null
  },
  {
    id: 26877,
    name: 'Chorizo Ibérico Extra Cebo BOADAS',
    price: 19.5,
    price_kilo: 19.5,
    slug: 'chorizo-iberico-extra-cebo',
    description: 'Chorizo Ibérico Extra Cebo',
    image: 'https://cdn-consum.aktiosdigitalservices.com/tol/consum/media/product/img/300x300/7377281.jpg?t=20250311154839',
    ofertaPack: false,
    unidadesPack: null,
    precioUnidadPack: null
  },
  {
    id: 26879,
    name: 'Salchichón Ibérico Extra Cebo BOADAS',
    price: 19.5,
    price_kilo: 19.5,
    slug: 'salchichon-iberico-extra-cebo',
    description: 'Salchichón Ibérico Extra Cebo',
    image: 'https://cdn-consum.aktiosdigitalservices.com/tol/consum/media/product/img/300x300/7377294.jpg?t=20250311154840',
    ofertaPack: false,
    unidadesPack: null,
    precioUnidadPack: null
  },
  {
    id: 35102,
    name: 'Edulcorante Sacarina Líquido CONSUM',
    price: 0.85,
    price_kilo: 5.67,
    slug: 'edulcorante-sacarina-liquido',
    description: 'Edulcorante Sacarina Líquido 150 ml',
    image: 'https://cdn-consum.aktiosdigitalservices.com/tol/consum/media/product/img/300x300/7429772.jpg?t=20250311112858',
    ofertaPack: false,
    unidadesPack: null,
    precioUnidadPack: null
  },
  {
    id: 35277,
    name: 'Caffè Latte Cappuccino CAFÉ & GO',
    price: 1.29,
    price_kilo: 5.16,
    slug: 'caffe-latte-cappuccino',
    description: 'Caffè Latte Cappuccino 250 ml',
    image: 'https://cdn-consum.aktiosdigitalservices.com/tol/consum/media/product/img/300x300/7446271.jpg?t=20250227095523',
    ofertaPack: false,
    unidadesPack: null,
    precioUnidadPack: null
  },
  {
    id: 35509,
    name: 'Gamba Alistada 16-21 Piezas Caja 400G CRUZADO',
    price: 17.9,
    price_kilo: 44.75,
    slug: 'gamba-alistada-16-21-piezas-caja-400g',
    description: 'Gamba Alistada 16-21 Piezas Caja 400G 400 Gr',
    image: 'https://cdn-consum.aktiosdigitalservices.com/tol/consum/media/product/img/300x300/7448129.jpg?t=20250318080851',
    ofertaPack: false,
    unidadesPack: null,
    precioUnidadPack: null
  },
  {
    id: 35645,
    name: 'Yatekomo Pollo Soja Bolsa YATEKOMO',
    price: 1,
    price_kilo: 12.66,
    slug: 'yatekomo-pollo-soja-bolsa',
    description: 'Yatekomo Pollo Soja Bolsa 79 Gr',
    image: 'https://cdn-consum.aktiosdigitalservices.com/tol/consum/media/product/img/300x300/7449796.jpg?t=20250218081309',
    ofertaPack: false,
    unidadesPack: null,
    precioUnidadPack: null
  },
  {
    id: 35697,
    name: 'Yatekomo Barbacoa Bolsa YATEKOMO',
    price: 1,
    price_kilo: 12.2,
    slug: 'yatekomo-barbacoa-bolsa',
    description: 'Yatekomo Barbacoa Bolsa 82 Gr',
    image: 'https://cdn-consum.aktiosdigitalservices.com/tol/consum/media/product/img/300x300/7449809.jpg?t=20250218081310',
    ofertaPack: false,
    unidadesPack: null,
    precioUnidadPack: null
  },
  {
    id: 35758,
    name: 'Nescafé Latte Choco Blanco NESCAFE',
    price: 1.49,
    price_kilo: 7.27,
    slug: 'nescafe-latte-choco-blanco',
    description: 'Nescafé Latte Choco Blanco 205 ml',
    image: 'https://cdn-consum.aktiosdigitalservices.com/tol/consum/media/product/img/300x300/7450299.jpg?t=20250311113741',
    ofertaPack: false,
    unidadesPack: null,
    precioUnidadPack: null
  },
  {
    id: 35904,
    name: 'Crema de Guisantes DON SIMON',
    price: 1.55,
    price_kilo: 5.17,
    slug: 'crema-de-guisantes',
    description: 'Crema de Guisantes 300 ml',
    image: 'https://cdn-consum.aktiosdigitalservices.com/tol/consum/media/product/img/300x300/7451052.jpg?t=20250311135258',
    ofertaPack: false,
    unidadesPack: null,
    precioUnidadPack: null
  },
  {
    id: 39798,
    name: 'Yo también no es te quier Violeta Reed DEBOLSILLO',
    price: 7.95,
    price_kilo: 7.95,
    slug: 'yo-tambien-no-es-te-quier-violeta-reed',
    description: 'Yo también no es te quier Violeta Reed 1 U',
    image: 'https://cdn-consum.aktiosdigitalservices.com/tol/consum/media/product/img/300x300/7453363.jpg?t=20250218081448',
    ofertaPack: false,
    unidadesPack: null,
    precioUnidadPack: null
  }
]
Ejemplo de productos en archivo2 pero no en archivo1: [
  {
    id: 5167,
    name: 'Longaniza Tipo Requena CONSUM',
    price: 4.6,
    price_kilo: 11.49,
    slug: 'longaniza-tipo-requena',
    description: 'Longaniza Tipo Requena',
    image: 'https://cdn-consum.aktiosdigitalservices.com/tol/consum/media/product/img/300x300/925982.jpg?t=20250325080754',
    ofertaPack: false,
    unidadesPack: null,
    precioUnidadPack: null
  },
  {
    id: 6902,
    name: 'Pimentón Dulce D.O.P de la Vera Lata MC CORMICK',
    price: 3.39,
    price_kilo: 48.43,
    slug: 'pimenton-dulce-dop-de-la-vera-lata',
    description: 'Pimentón Dulce D.O.P de la Vera Lata 70 Gr',
    image: 'https://cdn-consum.aktiosdigitalservices.com/tol/consum/media/product/img/300x300/7183353.jpg?t=20250325080828',
    ofertaPack: false,
    unidadesPack: null,
    precioUnidadPack: null
  },
  {
    id: 7275,
    name: 'Cápsulas Melatonina NATURTIERRA',
    price: 3.99,
    price_kilo: 0.13,
    slug: 'capsulas-melatonina',
    description: 'Cápsulas Melatonina 30 U',
    image: 'https://cdn-consum.aktiosdigitalservices.com/tol/consum/media/product/img/300x300/7206956.jpg?t=20250325080852',
    ofertaPack: false,
    unidadesPack: null,
    precioUnidadPack: null
  },
  {
    id: 7769,
    name: 'Colutorio Bucal Gingi LACER',
    price: 9.75,
    price_kilo: 1.95,
    slug: 'colutorio-bucal-gingi',
    description: 'Colutorio Bucal Gingi 500 ml',
    image: 'https://cdn-consum.aktiosdigitalservices.com/tol/consum/media/product/img/300x300/7233922.jpg?t=20250325080934',
    ofertaPack: false,
    unidadesPack: null,
    precioUnidadPack: null
  },
  {
    id: 7957,
    name: 'Café Molido Mezcla Pack de 2 BONKA',
    price: 6.95,
    price_kilo: 13.9,
    slug: 'cafe-molido-mezcla-pack-de-2',
    description: 'Café Molido Mezcla Pack de 2 2 x 250 Gr',
    image: 'https://cdn-consum.aktiosdigitalservices.com/tol/consum/media/product/img/300x300/7241540.jpg?t=20250325081020',
    ofertaPack: false,
    unidadesPack: null,
    precioUnidadPack: null
  },
  {
    id: 8957,
    name: 'Cápsulas Laxnat NATURTIERRA',
    price: 4.25,
    price_kilo: 0.14,
    slug: 'capsulas-laxnat',
    description: 'Cápsulas Laxnat 30 U',
    image: 'https://cdn-consum.aktiosdigitalservices.com/tol/consum/media/product/img/300x300/7206816.jpg?t=20250325080845',
    ofertaPack: false,
    unidadesPack: null,
    precioUnidadPack: null
  },
  {
    id: 8958,
    name: 'Cápsulas L-Carnitina NATURTIERRA',
    price: 4.25,
    price_kilo: 0.07,
    slug: 'capsulas-l-carnitina',
    description: 'Cápsulas L-Carnitina 60 U',
    image: 'https://cdn-consum.aktiosdigitalservices.com/tol/consum/media/product/img/300x300/7206832.jpg?t=20250325080847',
    ofertaPack: false,
    unidadesPack: null,
    precioUnidadPack: null
  },
  {
    id: 8959,
    name: 'Cápsulas Lipo Burner NATURTIERRA',
    price: 4.75,
    price_kilo: 0.08,
    slug: 'capsulas-lipo-burner',
    description: 'Cápsulas Lipo Burner 60 U',
    image: 'https://cdn-consum.aktiosdigitalservices.com/tol/consum/media/product/img/300x300/7206860.jpg?t=20250325080850',
    ofertaPack: false,
    unidadesPack: null,
    precioUnidadPack: null
  },
  {
    id: 9019,
    name: 'Cápsulas Ácido Hialurónico y Colágeno NATURTIERRA',
    price: 4.99,
    price_kilo: 0.17,
    slug: 'capsulas-acido-hialuronico-y-colageno',
    description: 'Cápsulas Ácido Hialurónico y Colágeno 30 U',
    image: 'https://cdn-consum.aktiosdigitalservices.com/tol/consum/media/product/img/300x300/7232101.jpg?t=20250325080929',
    ofertaPack: false,
    unidadesPack: null,
    precioUnidadPack: null
  },
  {
    id: 9119,
    name: 'Cápsulas Garcinia Gamboia NATURTIERRA',
    price: 4.75,
    price_kilo: 0.16,
    slug: 'capsulas-garcinia-gamboia',
    description: 'Cápsulas Garcinia Gamboia 30 U',
    image: 'https://cdn-consum.aktiosdigitalservices.com/tol/consum/media/product/img/300x300/7224772.jpg?t=20250325080926',
    ofertaPack: false,
    unidadesPack: null,
    precioUnidadPack: null
  },
  {
    id: 9407,
    name: 'Lubricante Play Original DUREX',
    price: 8.9,
    price_kilo: 17.8,
    slug: 'lubricante-play-original',
    description: 'Lubricante Play Original 50 ml',
    image: 'https://cdn-consum.aktiosdigitalservices.com/tol/consum/media/product/img/300x300/7245504.jpg?t=20250325081026',
    ofertaPack: false,
    unidadesPack: null,
    precioUnidadPack: null
  },
  {
    id: 9580,
    name: 'Horchata Condensada Botella HISC',
    price: 6.49,
    price_kilo: 6.49,
    slug: 'horchata-condensada-botella',
    description: 'Horchata Condensada Botella 1 L',
    image: 'https://cdn-consum.aktiosdigitalservices.com/tol/consum/media/product/img/300x300/978283.jpg?t=20250325080757',
    ofertaPack: false,
    unidadesPack: null,
    precioUnidadPack: null
  },
  {
    id: 9822,
    name: 'Queso Untar Light Tarrina CONSUM',
    price: 1.38,
    price_kilo: 5.52,
    slug: 'queso-untar-light-tarrina',
    description: 'Queso Untar Light Tarrina 250 Gr',
    image: 'https://cdn-consum.aktiosdigitalservices.com/tol/consum/media/product/img/300x300/7258395.jpg?t=20250325081044',
    ofertaPack: false,
    unidadesPack: null,
    precioUnidadPack: null
  },
  {
    id: 10019,
    name: 'Antipolilla Colgador Pinza Lavanda ORION',
    price: 2.79,
    price_kilo: 1.4,
    slug: 'antipolilla-colgador-pinza-lavanda',
    description: 'Antipolilla Colgador Pinza Lavanda 2 U',
    image: 'https://cdn-consum.aktiosdigitalservices.com/tol/consum/media/product/img/300x300/850847.jpg?t=20250325080753',
    ofertaPack: false,
    unidadesPack: null,
    precioUnidadPack: null
  },
  {
    id: 10075,
    name: 'Jarabe Drenanat NATURTIERRA',
    price: 5.89,
    price_kilo: 2.36,
    slug: 'jarabe-drenanat',
    description: 'Jarabe Drenanat 250 ml',
    image: 'https://cdn-consum.aktiosdigitalservices.com/tol/consum/media/product/img/300x300/7206782.jpg?t=20250325080842',
    ofertaPack: false,
    unidadesPack: null,
    precioUnidadPack: null
  },
  {
    id: 10128,
    name: 'Vaporizador Protección Plus AUTAN',
    price: 8.99,
    price_kilo: 8.99,
    slug: 'vaporizador-proteccion-plus',
    description: 'Vaporizador Protección Plus 100 ml',
    image: 'https://cdn-consum.aktiosdigitalservices.com/tol/consum/media/product/img/300x300/7263825.jpg?t=20250325081056',
    ofertaPack: false,
    unidadesPack: null,
    precioUnidadPack: null
  },
  {
    id: 10394,
    name: 'Comprimidos Omega 3 NATURTIERRA',
    price: 5.39,
    price_kilo: 0.07,
    slug: 'comprimidos-omega-3',
    description: 'Comprimidos Omega 3 80 U',
    image: 'https://cdn-consum.aktiosdigitalservices.com/tol/consum/media/product/img/300x300/7206977.jpg?t=20250325080854',
    ofertaPack: false,
    unidadesPack: null,
    precioUnidadPack: null
  },
  {
    id: 10396,
    name: 'Cápsulas Onagra NATURTIERRA',
    price: 5.29,
    price_kilo: 0.09,
    slug: 'capsulas-onagra',
    description: 'Cápsulas Onagra 60 U',
    image: 'https://cdn-consum.aktiosdigitalservices.com/tol/consum/media/product/img/300x300/7207004.jpg?t=20250325080857',
    ofertaPack: false,
    unidadesPack: null,
    precioUnidadPack: null
  },
  {
    id: 10422,
    name: 'Comprimidos Arándono Rojo NATURTIERRA',
    price: 4.99,
    price_kilo: 0.17,
    slug: 'comprimidos-arandono-rojo',
    description: 'Comprimidos Arándono Rojo 30 U',
    image: 'https://cdn-consum.aktiosdigitalservices.com/tol/consum/media/product/img/300x300/7224751.jpg?t=20250325080923',
    ofertaPack: false,
    unidadesPack: null,
    precioUnidadPack: null
  },
  {
    id: 10953,
    name: 'Canela Molida Saigón Frasco DUCROS',
    price: 3.99,
    price_kilo: 9.98,
    slug: 'canela-molida-saigon-frasco',
    description: 'Canela Molida Saigón Frasco 40 Gr',
    image: 'https://cdn-consum.aktiosdigitalservices.com/tol/consum/media/product/img/300x300/7249712.jpg?t=20250325081036',
    ofertaPack: false,
    unidadesPack: null,
    precioUnidadPack: null
  },
  {
    id: 11624,
    name: 'Antipolillas Colgador Fragance Ropa Limpia ORION',
    price: 2.79,
    price_kilo: 1.4,
    slug: 'antipolillas-colgador-fragance-ropa-limpia',
    description: 'Antipolillas Colgador Fragance Ropa Limpia 2 U',
    image: 'https://cdn-consum.aktiosdigitalservices.com/tol/consum/media/product/img/300x300/7213700.jpg?t=20250325080904',
    ofertaPack: false,
    unidadesPack: null,
    precioUnidadPack: null
  },
  {
    id: 12355,
    name: 'Hígado de Cordero CARNES FRESC',
    price: 4.6,
    price_kilo: 11.5,
    slug: 'higado-de-cordero',
    description: 'Hígado de Cordero - Servicio todos los días excepto lunes y martes',
    image: 'https://cdn-consum.aktiosdigitalservices.com/tol/consum/media/product/img/300x300/1714203.jpg?t=20250325080759',
    ofertaPack: false,
    unidadesPack: null,
    precioUnidadPack: null
  },
  {
    id: 12368,
    name: 'Patas de Vacuno ',
    price: 2.38,
    price_kilo: 9.5,
    slug: 'patas-de-vacuno',
    description: 'Patas de Vacuno',
    image: 'https://cdn-consum.aktiosdigitalservices.com/tol/consum/media/product/img/300x300/3348315.jpg?t=20250325080803',
    ofertaPack: false,
    unidadesPack: null,
    precioUnidadPack: null
  },
  {
    id: 12374,
    name: 'Garreta / Brazuelo CONSUM',
    price: 8.67,
    price_kilo: 15.7,
    slug: 'garreta---brazuelo',
    description: 'Garreta / Brazuelo - Servicio todos los días excepto lunes y martes',
    image: 'https://cdn-consum.aktiosdigitalservices.com/tol/consum/media/product/img/300x300/5018254.jpg?t=20250325080804',
    ofertaPack: false,
    unidadesPack: null,
    precioUnidadPack: null
  },
  {
    id: 12376,
    name: 'Paletillas de Conejo CONSUM',
    price: 6.49,
    price_kilo: 18.5,
    slug: 'paletillas-de-conejo',
    description: 'Paletillas de Conejo',
    image: 'https://cdn-consum.aktiosdigitalservices.com/tol/consum/media/product/img/300x300/5859236.jpg?t=20250325080808',
    ofertaPack: false,
    unidadesPack: null,
    precioUnidadPack: null
  },
  {
    id: 13023,
    name: 'Cápsulas Venonat NATURTIERRA',
    price: 4.85,
    price_kilo: 0.08,
    slug: 'capsulas-venonat',
    description: 'Cápsulas Venonat 60 U',
    image: 'https://cdn-consum.aktiosdigitalservices.com/tol/consum/media/product/img/300x300/7207053.jpg?t=20250325080859',
    ofertaPack: false,
    unidadesPack: null,
    precioUnidadPack: null
  },
  {
    id: 13024,
    name: 'Cápsulas Piel, Pelo y Uñas NATURTIERRA',
    price: 4.85,
    price_kilo: 4.85,
    slug: 'capsulas-piel-pelo-y-unas',
    description: 'Cápsulas Piel, Pelo y Uñas 1 U',
    image: 'https://cdn-consum.aktiosdigitalservices.com/tol/consum/media/product/img/300x300/7207061.jpg?t=20250325080901',
    ofertaPack: false,
    unidadesPack: null,
    precioUnidadPack: null
  },
  {
    id: 13105,
    name: 'Champiñón Granel ',
    price: 5.79,
    price_kilo: 5.79,
    slug: 'champinon-granel',
    description: 'Champiñón Granel',
    image: 'https://cdn-consum.aktiosdigitalservices.com/tol/consum/media/product/img/300x300/7237485.jpg?t=20250325081005',
    ofertaPack: false,
    unidadesPack: null,
    precioUnidadPack: null
  },
  {
    id: 13119,
    name: 'Cápsulas Omega 3-6-7-9 NATURTIERRA',
    price: 4.99,
    price_kilo: 0.11,
    slug: 'capsulas-omega-3-6-7-9',
    description: 'Cápsulas Omega 3-6-7-9 45 U',
    image: 'https://cdn-consum.aktiosdigitalservices.com/tol/consum/media/product/img/300x300/7241768.jpg?t=20250325081022',
    ofertaPack: false,
    unidadesPack: null,
    precioUnidadPack: null
  },
  {
    id: 13137,
    name: 'Lubricante Play Fresa DUREX',
    price: 11.3,
    price_kilo: 22.6,
    slug: 'lubricante-play-fresa',
    description: 'Lubricante Play Fresa 50 ml',
    image: 'https://cdn-consum.aktiosdigitalservices.com/tol/consum/media/product/img/300x300/7247794.jpg?t=20250325081029',
    ofertaPack: false,
    unidadesPack: null,
    precioUnidadPack: null
  },
  {
    id: 13160,
    name: 'Cápsulas Vigoranat Maca NATURTIERRA',
    price: 5.99,
    price_kilo: 0.2,
    slug: 'capsulas-vigoranat-maca',
    description: 'Cápsulas Vigoranat Maca 30 U',
    image: 'https://cdn-consum.aktiosdigitalservices.com/tol/consum/media/product/img/300x300/7249501.jpg?t=20250325081032',
    ofertaPack: false,
    unidadesPack: null,
    precioUnidadPack: null
  },
  {
    id: 13387,
    name: 'Longaniza Tipo Requena ',
    price: 0.53,
    price_kilo: 10.57,
    slug: 'longaniza-tipo-requena',
    description: 'Longaniza Tipo Requena',
    image: 'https://cdn-consum.aktiosdigitalservices.com/tol/consum/media/product/img/300x300/927426.jpg?t=20250325080755',
    ofertaPack: false,
    unidadesPack: null,
    precioUnidadPack: null
  },
  {
    id: 13630,
    name: 'Compota de Manzana y Pera ',
    price: 3.39,
    price_kilo: 8.48,
    slug: 'compota-de-manzana-y-pera',
    description: 'Compota de Manzana y Pera 400 Gr',
    image: 'https://cdn-consum.aktiosdigitalservices.com/tol/consum/media/product/img/300x300/7191505.jpg?t=20250325080830',
    ofertaPack: false,
    unidadesPack: null,
    precioUnidadPack: null
  },
  {
    id: 13631,
    name: 'Compota de Manzana y Piña ',
    price: 3.39,
    price_kilo: 8.48,
    slug: 'compota-de-manzana-y-pina',
    description: 'Compota de Manzana y Piña 400 Gr',
    image: 'https://cdn-consum.aktiosdigitalservices.com/tol/consum/media/product/img/300x300/7191518.jpg?t=20250325080833',
    ofertaPack: false,
    unidadesPack: null,
    precioUnidadPack: null
  },
  {
    id: 13632,
    name: 'Compota de Manzana y Mango ',
    price: 3.39,
    price_kilo: 8.48,
    slug: 'compota-de-manzana-y-mango',
    description: 'Compota de Manzana y Mango 400 Gr',
    image: 'https://cdn-consum.aktiosdigitalservices.com/tol/consum/media/product/img/300x300/7191542.jpg?t=20250325080837',
    ofertaPack: false,
    unidadesPack: null,
    precioUnidadPack: null
  },
  {
    id: 13707,
    name: 'Compota de Manzana ',
    price: 3.39,
    price_kilo: 8.48,
    slug: 'compota-de-manzana',
    description: 'Compota de Manzana 400 Gr',
    image: 'https://cdn-consum.aktiosdigitalservices.com/tol/consum/media/product/img/300x300/7191521.jpg?t=20250325080835',
    ofertaPack: false,
    unidadesPack: null,
    precioUnidadPack: null
  },
  {
    id: 13991,
    name: 'Ajo Negro Envejecido NATURTIERRA',
    price: 5.99,
    price_kilo: 0.3,
    slug: 'ajo-negro-envejecido',
    description: 'Ajo Negro Envejecido 20 U',
    image: 'https://cdn-consum.aktiosdigitalservices.com/tol/consum/media/product/img/300x300/7277879.jpg?t=20250325081107',
    ofertaPack: false,
    unidadesPack: null,
    precioUnidadPack: null
  },
  {
    id: 14005,
    name: 'Triptófano NATURTIERRA',
    price: 5.99,
    price_kilo: 0.2,
    slug: 'triptofano',
    description: 'Triptófano 30 U',
    image: 'https://cdn-consum.aktiosdigitalservices.com/tol/consum/media/product/img/300x300/7278414.jpg?t=20250325081109',
    ofertaPack: false,
    unidadesPack: null,
    precioUnidadPack: null
  },
  {
    id: 14219,
    name: 'Colutorio Bucal LACER',
    price: 8.75,
    price_kilo: 1.75,
    slug: 'colutorio-bucal',
    description: 'Colutorio Bucal 500 ml',
    image: 'https://cdn-consum.aktiosdigitalservices.com/tol/consum/media/product/img/300x300/7233919.jpg?t=20250325080932',
    ofertaPack: false,
    unidadesPack: null,
    precioUnidadPack: null
  },
  {
    id: 14220,
    name: 'Colutorio Bucal Oro LACER',
    price: 10.85,
    price_kilo: 2.17,
    slug: 'colutorio-bucal-oro',
    description: 'Colutorio Bucal Oro 500 ml',
    image: 'https://cdn-consum.aktiosdigitalservices.com/tol/consum/media/product/img/300x300/7233930.jpg?t=20250325080936',
    ofertaPack: false,
    unidadesPack: null,
    precioUnidadPack: null
  },
  {
    id: 14223,
    name: 'Colutorio Rojo ORALDINE',
    price: 8.25,
    price_kilo: 2.06,
    slug: 'colutorio-rojo',
    description: 'Colutorio Rojo 400 ml',
    image: 'https://cdn-consum.aktiosdigitalservices.com/tol/consum/media/product/img/300x300/7233950.jpg?t=20250325080939',
    ofertaPack: false,
    unidadesPack: null,
    precioUnidadPack: null
  },
  {
    id: 14225,
    name: 'Champú Anticaspa Dermo Capilar EUCERIN',
    price: 12.45,
    price_kilo: 4.98,
    slug: 'champu-anticaspa-dermo-capilar',
    description: 'Champú Anticaspa Dermo Capilar 250 ml',
    image: 'https://cdn-consum.aktiosdigitalservices.com/tol/consum/media/product/img/300x300/7233963.jpg?t=20250325080941',
    ofertaPack: false,
    unidadesPack: null,
    precioUnidadPack: null
  },
  {
    id: 14227,
    name: 'Gel de Baño PH5 EUCERIN',
    price: 19.95,
    price_kilo: 2,
    slug: 'gel-de-bano-ph5',
    description: 'Gel de Baño PH5 1000 ml',
    image: 'https://cdn-consum.aktiosdigitalservices.com/tol/consum/media/product/img/300x300/7233976.jpg?t=20250325080943',
    ofertaPack: false,
    unidadesPack: null,
    precioUnidadPack: null
  },
  {
    id: 14230,
    name: 'Loción Corporal PH5 EUCERIN',
    price: 17.95,
    price_kilo: 4.49,
    slug: 'locion-corporal-ph5',
    description: 'Loción Corporal PH5 400 ml',
    image: 'https://cdn-consum.aktiosdigitalservices.com/tol/consum/media/product/img/300x300/7234008.jpg?t=20250325080946',
    ofertaPack: false,
    unidadesPack: null,
    precioUnidadPack: null
  },
  {
    id: 14232,
    name: 'Anti-Estrías BIO OIL',
    price: 8.99,
    price_kilo: 14.98,
    slug: 'anti-estrias',
    description: 'Anti-Estrías 60 ml',
    image: 'https://cdn-consum.aktiosdigitalservices.com/tol/consum/media/product/img/300x300/7234078.jpg?t=20250325080948',
    ofertaPack: false,
    unidadesPack: null,
    precioUnidadPack: null
  },
  {
    id: 14234,
    name: 'Gel Hidratante Vaginal VAGISIL',
    price: 10.3,
    price_kilo: 34.33,
    slug: 'gel-hidratante-vaginal',
    description: 'Gel Hidratante Vaginal 30 ml',
    image: 'https://cdn-consum.aktiosdigitalservices.com/tol/consum/media/product/img/300x300/7234086.jpg?t=20250325080950',
    ofertaPack: false,
    unidadesPack: null,
    precioUnidadPack: null
  },
  {
    id: 14235,
    name: 'Crema Manos con Perfume NEUTROGENA',
    price: 7.95,
    price_kilo: 15.9,
    slug: 'crema-manos-con-perfume',
    description: 'Crema Manos con Perfume 50 ml',
    image: 'https://cdn-consum.aktiosdigitalservices.com/tol/consum/media/product/img/300x300/7234094.jpg?t=20250325080952',
    ofertaPack: false,
    unidadesPack: null,
    precioUnidadPack: null
  },
  {
    id: 14238,
    name: 'Crema Pies Ultra Hidratante NEUTROGENA',
    price: 9.99,
    price_kilo: 9.99,
    slug: 'crema-pies-ultra-hidratante',
    description: 'Crema Pies Ultra Hidratante 100 ml',
    image: 'https://cdn-consum.aktiosdigitalservices.com/tol/consum/media/product/img/300x300/7234107.jpg?t=20250325080955',
    ofertaPack: false,
    unidadesPack: null,
    precioUnidadPack: null
  },
  {
    id: 14242,
    name: 'Gotas Humectantes Hidratan y Refrescan SENTI-2',
    price: 5.99,
    price_kilo: 59.9,
    slug: 'gotas-humectantes-hidratan-y-refrescan',
    description: 'Gotas Humectantes Hidratan y Refrescan 10 ml',
    image: 'https://cdn-consum.aktiosdigitalservices.com/tol/consum/media/product/img/300x300/7234151.jpg?t=20250325080957',
    ofertaPack: false,
    unidadesPack: null,
    precioUnidadPack: null
  },
  {
    id: 14243,
    name: 'Bálsamo Labial Tarro CARMEX',
    price: 3.99,
    price_kilo: 53.2,
    slug: 'balsamo-labial-tarro',
    description: 'Bálsamo Labial Tarro 7,5 Gr',
    image: 'https://cdn-consum.aktiosdigitalservices.com/tol/consum/media/product/img/300x300/7234156.jpg?t=20250325081000',
    ofertaPack: false,
    unidadesPack: null,
    precioUnidadPack: null
  },
  {
    id: 14245,
    name: 'Crema Fijadora Prótesis Extra Fuerte sin Sabor COREGA',
    price: 14.39,
    price_kilo: 205.57,
    slug: 'crema-fijadora-protesis-extra-fuerte-sin-sabor',
    description: 'Crema Fijadora Prótesis Extra Fuerte sin Sabor 70 ml',
    image: 'https://cdn-consum.aktiosdigitalservices.com/tol/consum/media/product/img/300x300/7236073.jpg?t=20250325081002',
    ofertaPack: false,
    unidadesPack: null,
    precioUnidadPack: null
  },
  {
    id: 14253,
    name: 'Pasta Dental Duplo LACER',
    price: 10.85,
    price_kilo: 4.34,
    slug: 'pasta-dental-duplo',
    description: 'Pasta Dental Duplo 2 x 125 ml',
    image: 'https://cdn-consum.aktiosdigitalservices.com/tol/consum/media/product/img/300x300/7238244.jpg?t=20250325081008',
    ofertaPack: false,
    unidadesPack: null,
    precioUnidadPack: null
  },
  {
    id: 14261,
    name: 'Vaselina SENTI-2',
    price: 2.25,
    price_kilo: 2.25,
    slug: 'vaselina',
    description: 'Vaselina 20 Gr',
    image: 'https://cdn-consum.aktiosdigitalservices.com/tol/consum/media/product/img/300x300/7250897.jpg?t=20250325081039',
    ofertaPack: false,
    unidadesPack: null,
    precioUnidadPack: null
  },
  {
    id: 14264,
    name: 'Duplo Pasta Bifluore FLUOCARIL',
    price: 9.6,
    price_kilo: 3.84,
    slug: 'duplo-pasta-bifluore',
    description: 'Duplo Pasta Bifluore 2 x 125 ml',
    image: 'https://cdn-consum.aktiosdigitalservices.com/tol/consum/media/product/img/300x300/7255102.jpg?t=20250325081041',
    ofertaPack: false,
    unidadesPack: null,
    precioUnidadPack: null
  },
  {
    id: 14277,
    name: 'Pack Gel Dermatológico INIBSA',
    price: 8.25,
    price_kilo: 0.41,
    slug: 'pack-gel-dermatologico',
    description: 'Pack Gel Dermatológico',
    image: 'https://cdn-consum.aktiosdigitalservices.com/tol/consum/media/product/img/300x300/7263499.jpg?t=20250325081052',
    ofertaPack: false,
    unidadesPack: null,
    precioUnidadPack: null
  },
  {
    id: 14353,
    name: 'Almohadilla Superior ALGASIV',
    price: 10.25,
    price_kilo: 0.57,
    slug: 'almohadilla-superior',
    description: 'Almohadilla Superior 18 U',
    image: 'https://cdn-consum.aktiosdigitalservices.com/tol/consum/media/product/img/300x300/7277689.jpg?t=20250325081102',
    ofertaPack: false,
    unidadesPack: null,
    precioUnidadPack: null
  },
  {
    id: 14354,
    name: 'Almohadilla Inferior ALGASIV',
    price: 10.25,
    price_kilo: 0.57,
    slug: 'almohadilla-inferior',
    description: 'Almohadilla Inferior 18 U',
    image: 'https://cdn-consum.aktiosdigitalservices.com/tol/consum/media/product/img/300x300/7277700.jpg?t=20250325081105',
    ofertaPack: false,
    unidadesPack: null,
    precioUnidadPack: null
  },
  {
    id: 14455,
    name: 'Sacacorchos Modelo dos manos METALTEX',
    price: 4.39,
    price_kilo: 4.39,
    slug: 'sacacorchos-modelo-dos-manos',
    description: 'Sacacorchos Modelo dos manos 1 U',
    image: 'https://cdn-consum.aktiosdigitalservices.com/tol/consum/media/product/img/300x300/5608765.jpg?t=20250325080807',
    ofertaPack: false,
    unidadesPack: null,
    precioUnidadPack: null
  },
  {
    id: 14667,
    name: 'Champú Arbol de Té ANIAN',
    price: 3.55,
    price_kilo: 0.89,
    slug: 'champu-arbol-de-te',
    description: 'Champú Arbol de Té 400 ml',
    image: 'https://cdn-consum.aktiosdigitalservices.com/tol/consum/media/product/img/300x300/7278989.jpg?t=20250325081112',
    ofertaPack: false,
    unidadesPack: null,
    precioUnidadPack: null
  },
  {
    id: 14728,
    name: 'Papayón Entero ',
    price: 8.47,
    price_kilo: 5.59,
    slug: 'papayon-entero',
    description: 'Papayón Entero',
    image: 'https://cdn-consum.aktiosdigitalservices.com/tol/consum/media/product/img/300x300/54379.jpg?t=20250325080747',
    ofertaPack: false,
    unidadesPack: null,
    precioUnidadPack: null
  },
  {
    id: 15327,
    name: 'Tapón para Vino de Silicona PULLTEX',
    price: 2.95,
    price_kilo: 2.95,
    slug: 'tapon-para-vino-de-silicona',
    description: 'Tapón para Vino de Silicona 1 U',
    image: 'https://cdn-consum.aktiosdigitalservices.com/tol/consum/media/product/img/300x300/7263564.jpg?t=20250325081054',
    ofertaPack: false,
    unidadesPack: null,
    precioUnidadPack: null
  },
  {
    id: 15343,
    name: 'Bacaladilla ',
    price: 0.48,
    price_kilo: 5.95,
    slug: 'bacaladilla',
    description: 'Bacaladilla - Pieza de 80 gr. aproximadamente',
    image: 'https://cdn-consum.aktiosdigitalservices.com/tol/consum/media/product/img/300x300/225854.jpg?t=20250325080751',
    ofertaPack: false,
    unidadesPack: null,
    precioUnidadPack: null
  },
  {
    id: 15498,
    name: 'Spray Nasal Agua de Mar SENTI-2',
    price: 6.99,
    price_kilo: 6.99,
    slug: 'spray-nasal-agua-de-mar',
    description: 'Spray Nasal Agua de Mar 100 ml',
    image: 'https://cdn-consum.aktiosdigitalservices.com/tol/consum/media/product/img/300x300/7287857.jpg?t=20250325081147',
    ofertaPack: false,
    unidadesPack: null,
    precioUnidadPack: null
  },
  {
    id: 15547,
    name: 'Soluble Colágeno más Acido Hilaurónico NATURTIERRA',
    price: 6.49,
    price_kilo: 25.96,
    slug: 'soluble-colageno-mas-acido-hilauronico',
    description: 'Soluble Colágeno más Acido Hilaurónico 250 Gr',
    image: 'https://cdn-consum.aktiosdigitalservices.com/tol/consum/media/product/img/300x300/7288421.jpg?t=20250325081150',
    ofertaPack: false,
    unidadesPack: null,
    precioUnidadPack: null
  },
  {
    id: 15960,
    name: 'Pasta Dental sin Flúor PARODONTAX',
    price: 5.99,
    price_kilo: 7.99,
    slug: 'pasta-dental-sin-fluor',
    description: 'Pasta Dental sin Flúor 75 ml',
    image: 'https://cdn-consum.aktiosdigitalservices.com/tol/consum/media/product/img/300x300/7293694.jpg?t=20250325081207',
    ofertaPack: false,
    unidadesPack: null,
    precioUnidadPack: null
  },
  {
    id: 15993,
    name: 'Gel Refrescante Pies y Piernas KYREY PHARMA',
    price: 1.49,
    price_kilo: 1.19,
    slug: 'gel-refrescante-pies-y-piernas',
    description: 'Gel Refrescante Pies y Piernas 125 ml',
    image: 'https://cdn-consum.aktiosdigitalservices.com/tol/consum/media/product/img/300x300/7291649.jpg?t=20250325081153',
    ofertaPack: false,
    unidadesPack: null,
    precioUnidadPack: null
  },
  {
    id: 16341,
    name: 'Papayón Partido ',
    price: 4.42,
    price_kilo: 5.84,
    slug: 'papayon-partido',
    description: 'Papayón Partido',
    image: 'https://cdn-consum.aktiosdigitalservices.com/tol/consum/media/product/img/300x300/7156326.jpg?t=20250325080823',
    ofertaPack: false,
    unidadesPack: null,
    precioUnidadPack: null
  },
  {
    id: 16393,
    name: 'Café Molido Natural Pack 2 BONKA',
    price: 6.95,
    price_kilo: 13.9,
    slug: 'cafe-molido-natural-pack-2',
    description: 'Café Molido Natural Pack 2 2 x 250 Gr',
    image: 'https://cdn-consum.aktiosdigitalservices.com/tol/consum/media/product/img/300x300/7295921.jpg?t=20250325081211',
    ofertaPack: false,
    unidadesPack: null,
    precioUnidadPack: null
  },
  {
    id: 17438,
    name: 'Crema Nutritiva Noche Ecológica FEEL FREE',
    price: 5.99,
    price_kilo: 11.98,
    slug: 'crema-nutritiva-noche-ecologica',
    description: 'Crema Nutritiva Noche Ecológica 50 ml',
    image: 'https://cdn-consum.aktiosdigitalservices.com/tol/consum/media/product/img/300x300/7301430.jpg?t=20250325081221',
    ofertaPack: false,
    unidadesPack: null,
    precioUnidadPack: null
  },
  {
    id: 17439,
    name: 'Sérum Facial Ecológico FEEL FREE',
    price: 5.59,
    price_kilo: 18.63,
    slug: 'serum-facial-ecologico',
    description: 'Sérum Facial Ecológico 30 ml',
    image: 'https://cdn-consum.aktiosdigitalservices.com/tol/consum/media/product/img/300x300/7301463.jpg?t=20250325081223',
    ofertaPack: false,
    unidadesPack: null,
    precioUnidadPack: null
  },
  {
    id: 17440,
    name: 'Tónico Facial Ecológico FEEL FREE',
    price: 2.99,
    price_kilo: 1.5,
    slug: 'tonico-facial-ecologico',
    description: 'Tónico Facial Ecológico 200 ml',
    image: 'https://cdn-consum.aktiosdigitalservices.com/tol/consum/media/product/img/300x300/7301468.jpg?t=20250325081225',
    ofertaPack: false,
    unidadesPack: null,
    precioUnidadPack: null
  },
  {
    id: 17658,
    name: 'Cerveza Clásica Botella Cristal AMSTEL',
    price: 1.45,
    price_kilo: 1.45,
    slug: 'cerveza-clasica-botella-cristal',
    description: 'Cerveza Clásica Botella Cristal 1 L',
    image: 'https://cdn-consum.aktiosdigitalservices.com/tol/consum/media/product/img/300x300/7216570.jpg?t=20250325080912',
    ofertaPack: false,
    unidadesPack: null,
    precioUnidadPack: null
  },
  {
    id: 18095,
    name: 'Lomo Cerdo Ibérico FINURA',
    price: 8.66,
    price_kilo: 25.99,
    slug: 'lomo-cerdo-iberico',
    description: 'Lomo Cerdo Ibérico',
    image: 'https://cdn-consum.aktiosdigitalservices.com/tol/consum/media/product/img/300x300/7267441.jpg?t=20250325081100',
    ofertaPack: false,
    unidadesPack: null,
    precioUnidadPack: null
  },
  {
    id: 18103,
    name: 'Presa Cerdo Ibérico FINURA',
    price: 10.81,
    price_kilo: 35.99,
    slug: 'presa-cerdo-iberico',
    description: 'Presa Cerdo Ibérico',
    image: 'https://cdn-consum.aktiosdigitalservices.com/tol/consum/media/product/img/300x300/7303352.jpg?t=20250325081227',
    ofertaPack: false,
    unidadesPack: null,
    precioUnidadPack: null
  },
  {
    id: 18766,
    name: 'Zumo Recién Exprimido de Naranja ',
    price: 4.59,
    price_kilo: 4.59,
    slug: 'zumo-recien-exprimido-de-naranja',
    description: 'Zumo Recién Exprimido de Naranja 1L',
    image: 'https://cdn-consum.aktiosdigitalservices.com/tol/consum/media/product/img/300x300/7265895.jpg?t=20250325081058',
    ofertaPack: false,
    unidadesPack: null,
    precioUnidadPack: null
  },
  {
    id: 20123,
    name: 'Anís Seco CERVERO',
    price: 11.75,
    price_kilo: 11.75,
    slug: 'anis-seco',
    description: 'Anís Seco 1 L',
    image: 'https://cdn-consum.aktiosdigitalservices.com/tol/consum/media/product/img/300x300/897132.jpg?t=20250325080753',
    ofertaPack: false,
    unidadesPack: null,
    precioUnidadPack: null
  },
  {
    id: 20224,
    name: 'Harina de Almorta LA ROCHA',
    price: 1.75,
    price_kilo: 3.5,
    slug: 'harina-de-almorta',
    description: 'Harina de Almorta 500 Gr',
    image: 'https://cdn-consum.aktiosdigitalservices.com/tol/consum/media/product/img/300x300/7195196.jpg?t=20250325080840',
    ofertaPack: false,
    unidadesPack: null,
    precioUnidadPack: null
  },
  {
    id: 20911,
    name: 'Antipolillas Bolsa Ropa Limpia ORION',
    price: 2.85,
    price_kilo: 0.14,
    slug: 'antipolillas-bolsa-ropa-limpia',
    description: 'Antipolillas Bolsa Ropa Limpia 20 U',
    image: 'https://cdn-consum.aktiosdigitalservices.com/tol/consum/media/product/img/300x300/7329597.jpg?t=20250325081234',
    ofertaPack: false,
    unidadesPack: null,
    precioUnidadPack: null
  },
  {
    id: 20996,
    name: 'Insecticida Aerosol Family AUTAN',
    price: 7.99,
    price_kilo: 7.99,
    slug: 'insecticida-aerosol-family',
    description: 'Insecticida Aerosol Family 100 ml',
    image: 'https://cdn-consum.aktiosdigitalservices.com/tol/consum/media/product/img/300x300/7330152.jpg?t=20250325081237',
    ofertaPack: false,
    unidadesPack: null,
    precioUnidadPack: null
  },
  {
    id: 21903,
    name: 'Cerveza Tostada 0,0 Pack de 6 botellas MAHOU',
    price: 4.29,
    price_kilo: 2.86,
    slug: 'cerveza-tostada-00-pack-de-6-botellas',
    description: 'Cerveza Tostada 0,0 Pack de 6 botellas 6 x 0,25 L',
    image: 'https://cdn-consum.aktiosdigitalservices.com/tol/consum/media/product/img/300x300/7336902.jpg?t=20250325081241',
    ofertaPack: false,
    unidadesPack: null,
    precioUnidadPack: null
  },
  {
    id: 22016,
    name: 'Barra de Labios 250 Superstay MAYBELLINE',
    price: 9.99,
    price_kilo: 9.99,
    slug: 'barra-de-labios-250-superstay',
    description: 'Barra de Labios 250 Superstay 1 U',
    image: 'https://cdn-consum.aktiosdigitalservices.com/tol/consum/media/product/img/300x300/7223936.jpg?t=20250325080916',
    ofertaPack: false,
    unidadesPack: null,
    precioUnidadPack: null
  },
  {
    id: 22017,
    name: 'Barra de Labios 260 Superstay MAYBELLINE',
    price: 9.99,
    price_kilo: 9.99,
    slug: 'barra-de-labios-260-superstay',
    description: 'Barra de Labios 260 Superstay 1 U',
    image: 'https://cdn-consum.aktiosdigitalservices.com/tol/consum/media/product/img/300x300/7223949.jpg?t=20250325080919',
    ofertaPack: false,
    unidadesPack: null,
    precioUnidadPack: null
  },
  {
    id: 22019,
    name: 'Barra de Labios Nº185 Superstay MAYBELLINE',
    price: 9.99,
    price_kilo: 9.99,
    slug: 'barra-de-labios-n185-superstay',
    description: 'Barra de Labios Nº185 Superstay 1 U',
    image: 'https://cdn-consum.aktiosdigitalservices.com/tol/consum/media/product/img/300x300/7223956.jpg?t=20250325080921',
    ofertaPack: false,
    unidadesPack: null,
    precioUnidadPack: null
  },
  {
    id: 22027,
    name: 'Máscara Pestañas Negras Lash MAYBELLINE',
    price: 9.35,
    price_kilo: 9.35,
    slug: 'mascara-pestanas-negras-lash',
    description: 'Máscara Pestañas Negras Lash 1 U',
    image: 'https://cdn-consum.aktiosdigitalservices.com/tol/consum/media/product/img/300x300/7237139.jpg?t=20250325081005',
    ofertaPack: false,
    unidadesPack: null,
    precioUnidadPack: null
  },
  {
    id: 22041,
    name: 'Paleta Sombras Nude The Blushed Nudes MAYBELLINE',
    price: 10.99,
    price_kilo: 10.99,
    slug: 'paleta-sombras-nude-the-blushed-nudes',
    description: 'Paleta Sombras Nude The Blushed Nudes 1 U',
    image: 'https://cdn-consum.aktiosdigitalservices.com/tol/consum/media/product/img/300x300/7256279.jpg?t=20250325081042',
    ofertaPack: false,
    unidadesPack: null,
    precioUnidadPack: null
  },
  {
    id: 22043,
    name: 'Barra de Labios Nº207 Nudes Color Sensational MAYBELLINE',
    price: 4.99,
    price_kilo: 4.99,
    slug: 'barra-de-labios-n207-nudes-color-sensational',
    description: 'Barra de Labios Nº207 Nudes Color Sensational 1 U',
    image: 'https://cdn-consum.aktiosdigitalservices.com/tol/consum/media/product/img/300x300/7261477.jpg?t=20250325081046',
    ofertaPack: false,
    unidadesPack: null,
    precioUnidadPack: null
  },
  {
    id: 22149,
    name: 'Maquillaje Fluido 128 Fit Me Mate MAYBELLINE',
    price: 7,
    price_kilo: 7,
    slug: 'maquillaje-fluido-128-fit-me-mate',
    description: 'Maquillaje Fluido 128 Fit Me Mate 1 U',
    image: 'https://cdn-consum.aktiosdigitalservices.com/tol/consum/media/product/img/300x300/7284383.jpg?t=20250325081135',
    ofertaPack: false,
    unidadesPack: null,
    precioUnidadPack: null
  },
  {
    id: 22152,
    name: 'Maquillaje Mate 250 Fit Me MAYBELLINE',
    price: 7,
    price_kilo: 7,
    slug: 'maquillaje-mate-250-fit-me',
    description: 'Maquillaje Mate 250 Fit Me 1 U',
    image: 'https://cdn-consum.aktiosdigitalservices.com/tol/consum/media/product/img/300x300/7284409.jpg?t=20250325081137',
    ofertaPack: false,
    unidadesPack: null,
    precioUnidadPack: null
  },
  {
    id: 22153,
    name: 'Maquillaje mate 320 Fit Me MAYBELLINE',
    price: 7,
    price_kilo: 7,
    slug: 'maquillaje-mate-320-fit-me',
    description: 'Maquillaje mate 320 Fit Me 1 U',
    image: 'https://cdn-consum.aktiosdigitalservices.com/tol/consum/media/product/img/300x300/7284412.jpg?t=20250325081138',
    ofertaPack: false,
    unidadesPack: null,
    precioUnidadPack: null
  },
  {
    id: 22156,
    name: 'Barra de Labios Nº987 Mate MAYBELLINE',
    price: 4.99,
    price_kilo: 4.99,
    slug: 'barra-de-labios-n987-mate',
    description: 'Barra de Labios Nº987 Mate 1 U',
    image: 'https://cdn-consum.aktiosdigitalservices.com/tol/consum/media/product/img/300x300/7285401.jpg?t=20250325081142',
    ofertaPack: false,
    unidadesPack: null,
    precioUnidadPack: null
  },
  {
    id: 22158,
    name: 'Perfilador Labios 110 MAYBELLINE',
    price: 5.29,
    price_kilo: 5.29,
    slug: 'perfilador-labios-110',
    description: 'Perfilador Labios 110 1 U',
    image: 'https://cdn-consum.aktiosdigitalservices.com/tol/consum/media/product/img/300x300/7286685.jpg?t=20250325081143',
    ofertaPack: false,
    unidadesPack: null,
    precioUnidadPack: null
  },
  {
    id: 22159,
    name: 'Perfilador Labios Nº90 MAYBELLINE',
    price: 5.29,
    price_kilo: 5.29,
    slug: 'perfilador-labios-n90',
    description: 'Perfilador Labios Nº90 1 U',
    image: 'https://cdn-consum.aktiosdigitalservices.com/tol/consum/media/product/img/300x300/7286701.jpg?t=20250325081144',
    ofertaPack: false,
    unidadesPack: null,
    precioUnidadPack: null
  },
  {
    id: 22160,
    name: 'Perfilador Labios 50 MAYBELLINE',
    price: 5.29,
    price_kilo: 5.29,
    slug: 'perfilador-labios-50',
    description: 'Perfilador Labios 50 1 U',
    image: 'https://cdn-consum.aktiosdigitalservices.com/tol/consum/media/product/img/300x300/7286706.jpg?t=20250325081145',
    ofertaPack: false,
    unidadesPack: null,
    precioUnidadPack: null
  },
  {
    id: 22201,
    name: 'Borrador Corrector Ojo Nude MAYBELLINE',
    price: 9.99,
    price_kilo: 9.99,
    slug: 'borrador-corrector-ojo-nude',
    description: 'Borrador Corrector Ojo Nude 1 U',
    image: 'https://cdn-consum.aktiosdigitalservices.com/tol/consum/media/product/img/300x300/7301083.jpg?t=20250325081216',
    ofertaPack: false,
    unidadesPack: null,
    precioUnidadPack: null
  },
  {
    id: 22202,
    name: 'Borrador Corrector Ojo Light MAYBELLINE',
    price: 9.99,
    price_kilo: 9.99,
    slug: 'borrador-corrector-ojo-light',
    description: 'Borrador Corrector Ojo Light 1 U',
    image: 'https://cdn-consum.aktiosdigitalservices.com/tol/consum/media/product/img/300x300/7301088.jpg?t=20250325081218',
    ofertaPack: false,
    unidadesPack: null,
    precioUnidadPack: null
  },
  {
    id: 22220,
    name: 'Barra de Labios 60 Ink Mate Nude MAYBELLINE',
    price: 8.95,
    price_kilo: 8.95,
    slug: 'barra-de-labios-60-ink-mate-nude',
    description: 'Barra de Labios 60 Ink Mate Nude 1 U',
    image: 'https://cdn-consum.aktiosdigitalservices.com/tol/consum/media/product/img/300x300/7309230.jpg?t=20250325081230',
    ofertaPack: false,
    unidadesPack: null,
    precioUnidadPack: null
  },
  {
    id: 23193,
    name: 'Espuma Limpiadora Ecológica FEEL FREE',
    price: 3.99,
    price_kilo: 2.66,
    slug: 'espuma-limpiadora-ecologica',
    description: 'Espuma Limpiadora Ecológica 150 ml',
    image: 'https://cdn-consum.aktiosdigitalservices.com/tol/consum/media/product/img/300x300/7346224.jpg?t=20250325081243',
    ofertaPack: false,
    unidadesPack: null,
    precioUnidadPack: null
  },
  {
    id: 23305,
    name: 'Agua Mineral con Gas Botella Cristal SOLAN CABRAS',
    price: 1.65,
    price_kilo: 2.2,
    slug: 'agua-mineral-con-gas-botella-cristal',
    description: 'Agua Mineral con Gas Botella Cristal 0,75 L',
    image: 'https://cdn-consum.aktiosdigitalservices.com/tol/consum/media/product/img/300x300/7347842.jpg?t=20250325081245',
    ofertaPack: false,
    unidadesPack: null,
    precioUnidadPack: null
  },
  {
    id: 23598,
    name: 'Barra de Labios 35 Ink Mate MAYBELLINE',
    price: 8.95,
    price_kilo: 8.95,
    slug: 'barra-de-labios-35-ink-mate',
    description: 'Barra de Labios 35 Ink Mate 1 U',
    image: 'https://cdn-consum.aktiosdigitalservices.com/tol/consum/media/product/img/300x300/7310936.jpg?t=20250325081231',
    ofertaPack: false,
    unidadesPack: null,
    precioUnidadPack: null
  },
  {
    id: 23981,
    name: 'Insecticida Eléctrico Eucalipto Apto.45Noches RAID',
    price: 8.75,
    price_kilo: 8.75,
    slug: 'insecticida-electrico-eucalipto-apto45noches',
    description: 'Insecticida Eléctrico Eucalipto Apto.45Noches 1 U',
    image: 'https://cdn-consum.aktiosdigitalservices.com/tol/consum/media/product/img/300x300/7352375.jpg?t=20250325081246',
    ofertaPack: false,
    unidadesPack: null,
    precioUnidadPack: null
  },
  ... 69 more items
]
