[
    {
        "id": 32718,
        "name": "Cerveza Lager Lata HOCHSTER",
        "price": 0.29,
        "price_kilo": 0.88,
        "slug": "cerveza-lager-lata",
        "description": "Cerveza Lager Lata 0,33 L",
        "image": "https:\/\/cdn-consum.aktiosdigitalservices.com\/tol\/consum\/media\/product\/img\/300x300\/7426906.jpg?t=20250312161304"
    },
    {
        "id": 34730,
        "name": "Cerveza Rubia Lata CONSENTIDA",
        "price": 0.4,
        "price_kilo": 1.21,
        "slug": "cerveza-rubia-lata",
        "description": "Cerveza Rubia Lata 0,33 L",
        "image": "https:\/\/cdn-consum.aktiosdigitalservices.com\/tol\/consum\/media\/product\/img\/300x300\/7443729.jpg?t=20250109111650"
    },
    {
        "id": 27997,
        "name": "Cerveza Cl\u00e1sica Tostada Lata AMSTEL",
        "price": 0.46,
        "price_kilo": 1.39,
        "slug": "cerveza-clasica-tostada-lata",
        "description": "Cerveza Cl\u00e1sica Tostada Lata 0,33 L",
        "image": "https:\/\/cdn-consum.aktiosdigitalservices.com\/tol\/consum\/media\/product\/img\/300x300\/7388577.jpg?t=20250318080954"
    },
    {
        "id": 6995,
        "name": "Cerveza Cl\u00e1sica Lata AMSTEL",
        "price": 0.49,
        "price_kilo": 1.48,
        "slug": "cerveza-clasica-lata",
        "description": "Cerveza Cl\u00e1sica Lata 0,33 L",
        "image": "https:\/\/cdn-consum.aktiosdigitalservices.com\/tol\/consum\/media\/product\/img\/300x300\/7190726.jpg?t=20250304115716"
    },
    {
        "id": 4846,
        "name": "Refresco Cola Lata PEPSI-COLA",
        "price": 0.5,
        "price_kilo": 1.52,
        "slug": "refresco-cola-lata",
        "description": "Refresco Cola Lata 0,33 L",
        "image": "https:\/\/cdn-consum.aktiosdigitalservices.com\/tol\/consum\/media\/product\/img\/300x300\/303453.jpg?t=20250227085742"
    },
    {
        "id": 4910,
        "name": "Refresco Cola Zero Lata PEPSI-COLA",
        "price": 0.5,
        "price_kilo": 1.52,
        "slug": "refresco-cola-zero-lata",
        "description": "Refresco Cola Zero Lata 0,33 L",
        "image": "https:\/\/cdn-consum.aktiosdigitalservices.com\/tol\/consum\/media\/product\/img\/300x300\/340315.jpg?t=20250311132753"
    },
    {
        "id": 13390,
        "name": "Morcilla de Cebolla Oreada ",
        "price": 0.46,
        "price_kilo": 6.89,
        "slug": "morcilla-de-cebolla-oreada",
        "description": "Morcilla de Cebolla Oreada",
        "image": "https:\/\/cdn-consum.aktiosdigitalservices.com\/tol\/consum\/media\/product\/img\/300x300\/1717420.jpg?t=20250322075740"
    },
    {
        "id": 25963,
        "name": "Barra de Pan ",
        "price": 0.5,
        "price_kilo": 2,
        "slug": "barra-de-pan",
        "description": "Barra de Pan 250 Gr",
        "image": "https:\/\/cdn-consum.aktiosdigitalservices.com\/tol\/consum\/media\/product\/img\/300x300\/7370323.jpg?t=20250102080817"
    },
    {
        "id": 5625,
        "name": "Cerveza Lata ALHAMBRA",
        "price": 0.55,
        "price_kilo": 1.67,
        "slug": "cerveza-lata",
        "description": "Cerveza Lata 0,33 L",
        "image": "https:\/\/cdn-consum.aktiosdigitalservices.com\/tol\/consum\/media\/product\/img\/300x300\/7045177.jpg?t=20250227090427"
    },
    {
        "id": 7415,
        "name": "Refresco de Lima-Lim\u00f3n Lata SPRITE",
        "price": 0.55,
        "price_kilo": 1.67,
        "slug": "refresco-de-lima-limon-lata",
        "description": "Refresco de Lima-Lim\u00f3n Lata 0,33 L",
        "image": "https:\/\/cdn-consum.aktiosdigitalservices.com\/tol\/consum\/media\/product\/img\/300x300\/7214138.jpg?t=20250227091533"
    },
    {
        "id": 35454,
        "name": "Bocata R\u00fastico 1 Unidad ",
        "price": 0.51,
        "price_kilo": 4.63,
        "slug": "bocata-rustico-1-unidad",
        "description": "Bocata R\u00fastico 1 Unidad 110 Gr",
        "image": "https:\/\/cdn-consum.aktiosdigitalservices.com\/tol\/consum\/media\/product\/img\/300x300\/7448785.jpg?t=20250318080858"
    },
    {
        "id": 4855,
        "name": "Refresco Lima Lim\u00f3n Lata SEVEN UP",
        "price": 0.59,
        "price_kilo": 1.79,
        "slug": "refresco-lima-limon-lata",
        "description": "Refresco Lima Lim\u00f3n Lata 0,33 L",
        "image": "https:\/\/cdn-consum.aktiosdigitalservices.com\/tol\/consum\/media\/product\/img\/300x300\/308726.jpg?t=20250311132738"
    },
    {
        "id": 5250,
        "name": "Agua Mineral Natural Botella AQUAREL",
        "price": 0.45,
        "price_kilo": 0.3,
        "slug": "agua-mineral-natural-botella",
        "description": "Agua Mineral Natural Botella 1,5 L",
        "image": "https:\/\/cdn-consum.aktiosdigitalservices.com\/tol\/consum\/media\/product\/img\/300x300\/2569879.jpg?t=20250227090211"
    },
    {
        "id": 5131,
        "name": "Gaseosa Lata LA CASERA",
        "price": 0.52,
        "price_kilo": 1.58,
        "slug": "gaseosa-lata",
        "description": "Gaseosa Lata 0,33 L",
        "image": "https:\/\/cdn-consum.aktiosdigitalservices.com\/tol\/consum\/media\/product\/img\/300x300\/764779.jpg?t=20250311132913"
    },
    {
        "id": 34851,
        "name": "Gaseosa Hierbabuena Lata LA CASERA",
        "price": 0.52,
        "price_kilo": 1.58,
        "slug": "gaseosa-hierbabuena-lata",
        "description": "Gaseosa Hierbabuena Lata 0,33 L",
        "image": "https:\/\/cdn-consum.aktiosdigitalservices.com\/tol\/consum\/media\/product\/img\/300x300\/7440832.jpg?t=20250312092858"
    },
    {
        "id": 34852,
        "name": "Gaseosa Manzana Lata LA CASERA",
        "price": 0.52,
        "price_kilo": 1.58,
        "slug": "gaseosa-manzana-lata",
        "description": "Gaseosa Manzana Lata 0,33 L",
        "image": "https:\/\/cdn-consum.aktiosdigitalservices.com\/tol\/consum\/media\/product\/img\/300x300\/7440837.jpg?t=20250312092858"
    },
    {
        "id": 4859,
        "name": "Agua Mineral Natural. Botella FONT VELLA",
        "price": 0.65,
        "price_kilo": 0.43,
        "slug": "agua-mineral-natural-botella",
        "description": "Agua Mineral Natural. Botella 1,5 L",
        "image": "https:\/\/cdn-consum.aktiosdigitalservices.com\/tol\/consum\/media\/product\/img\/300x300\/311530.jpg?t=20250227085801"
    },
    {
        "id": 5422,
        "name": "T\u00f3nica Lata NORDIC MIST",
        "price": 0.65,
        "price_kilo": 2.6,
        "slug": "tonica-lata",
        "description": "T\u00f3nica Lata 0,25 L",
        "image": "https:\/\/cdn-consum.aktiosdigitalservices.com\/tol\/consum\/media\/product\/img\/300x300\/7015407.jpg?t=20250212075817"
    },
    {
        "id": 14651,
        "name": "Agua Mineral Natural de Mineralizaci\u00f3n Muy d\u00e9bil BEZOYA",
        "price": 0.59,
        "price_kilo": 1.18,
        "slug": "agua-mineral-natural-de-mineralizacion-muy-debil",
        "description": "Agua Mineral Natural de Mineralizaci\u00f3n Muy d\u00e9bil Bezoya 0,5 L",
        "image": "https:\/\/cdn-consum.aktiosdigitalservices.com\/tol\/consum\/media\/product\/img\/300x300\/7090814.jpg?t=20250312092745"
    },
    {
        "id": 26947,
        "name": "Tri\u00e1ngulo Pavo y Queso Empanado ",
        "price": 0.59,
        "price_kilo": 1.64,
        "slug": "triangulo-pavo-y-queso-empanado",
        "description": "Tri\u00e1ngulo Pavo y Queso Empanado 36 Gr",
        "image": "https:\/\/cdn-consum.aktiosdigitalservices.com\/tol\/consum\/media\/product\/img\/300x300\/7379134.jpg?t=20250318080454"
    },
    {
        "id": 8708,
        "name": "Manzana Pink Lady ",
        "price": 0.61,
        "price_kilo": 2.75,
        "slug": "manzana-pink-lady",
        "description": "Manzana Pink Lady",
        "image": "https:\/\/cdn-consum.aktiosdigitalservices.com\/tol\/consum\/media\/product\/img\/300x300\/2388676.jpg?t=20250322075744"
    },
    {
        "id": 4743,
        "name": "Agua Mineral Natural. Botella LANJARON",
        "price": 0.73,
        "price_kilo": 0.49,
        "slug": "agua-mineral-natural-botella",
        "description": "Agua Mineral Natural. Botella 1,5 L",
        "image": "https:\/\/cdn-consum.aktiosdigitalservices.com\/tol\/consum\/media\/product\/img\/300x300\/162925.jpg?t=20250312092738"
    },
    {
        "id": 14767,
        "name": "Cerveza Lata AMSTEL",
        "price": 0.74,
        "price_kilo": 2.24,
        "slug": "cerveza-lata",
        "description": "Cerveza Lata 0,33 L",
        "image": "https:\/\/cdn-consum.aktiosdigitalservices.com\/tol\/consum\/media\/product\/img\/300x300\/7283096.jpg?t=20250320080029"
    },
    {
        "id": 16333,
        "name": "Refresco Cola Zero Lima Lata PEPSI-COLA",
        "price": 0.5,
        "price_kilo": 1.51,
        "slug": "refresco-cola-zero-lima-lata",
        "description": "Refresco Cola Zero Lima Lata 0,33 L",
        "image": "https:\/\/cdn-consum.aktiosdigitalservices.com\/tol\/consum\/media\/product\/img\/300x300\/7296965.jpg?t=20250311133931"
    },
    {
        "id": 17499,
        "name": "Refresco Cola Zero Sin Cafe\u00edna Lata PEPSI-COLA",
        "price": 0.5,
        "price_kilo": 1.51,
        "slug": "refresco-cola-zero-sin-cafeina-lata",
        "description": "Refresco Cola Zero Sin Cafe\u00edna Lata 0,33 L",
        "image": "https:\/\/cdn-consum.aktiosdigitalservices.com\/tol\/consum\/media\/product\/img\/300x300\/7302602.jpg?t=20250311133947"
    },
    {
        "id": 17597,
        "name": "Agua Mineral Natural Botella CABREIROA",
        "price": 0.75,
        "price_kilo": 0.75,
        "slug": "agua-mineral-natural-botella",
        "description": "Agua Mineral Natural Botella 1 L",
        "image": "https:\/\/cdn-consum.aktiosdigitalservices.com\/tol\/consum\/media\/product\/img\/300x300\/7303712.jpg?t=20250312092758"
    },
    {
        "id": 6408,
        "name": "Agua Mineral Natural Tap\u00f3n Rosca SOLAN CABRAS",
        "price": 0.66,
        "price_kilo": 1.32,
        "slug": "agua-mineral-natural-tapon-rosca",
        "description": "Agua Mineral Natural Tap\u00f3n Rosca 0,5 L",
        "image": "https:\/\/cdn-consum.aktiosdigitalservices.com\/tol\/consum\/media\/product\/img\/300x300\/7147895.jpg?t=20250311133404"
    },
    {
        "id": 16695,
        "name": "Palitos Aceite Oliva QUELY",
        "price": 0.69,
        "price_kilo": 13.8,
        "slug": "palitos-aceite-oliva",
        "description": "Palitos Aceite Oliva 50 Gr",
        "image": "https:\/\/cdn-consum.aktiosdigitalservices.com\/tol\/consum\/media\/product\/img\/300x300\/7113355.jpg?t=20250313080108"
    },
    {
        "id": 16709,
        "name": "Palitos Con Pipas QUELY",
        "price": 0.69,
        "price_kilo": 13.8,
        "slug": "palitos-con-pipas",
        "description": "Palitos Con Pipas 50 Gr",
        "image": "https:\/\/cdn-consum.aktiosdigitalservices.com\/tol\/consum\/media\/product\/img\/300x300\/7150084.jpg?t=20250313080127"
    },
    {
        "id": 27170,
        "name": "Solomillos Empanados ",
        "price": 0.73,
        "price_kilo": 9.1,
        "slug": "solomillos-empanados",
        "description": "Solomillos Empanados",
        "image": "https:\/\/cdn-consum.aktiosdigitalservices.com\/tol\/consum\/media\/product\/img\/300x300\/7380236.jpg?t=20250319075947"
    },
    {
        "id": 5361,
        "name": "Refresco Naranja Zero Lata FANTA",
        "price": 0.75,
        "price_kilo": 2.27,
        "slug": "refresco-naranja-zero-lata",
        "description": "Refresco Naranja Zero Lata 0,33 L",
        "image": "https:\/\/cdn-consum.aktiosdigitalservices.com\/tol\/consum\/media\/product\/img\/300x300\/5547526.jpg?t=20250227090304"
    },
    {
        "id": 5408,
        "name": "Refresco Lim\u00f3n Zero Lata FANTA",
        "price": 0.75,
        "price_kilo": 2.27,
        "slug": "refresco-limon-zero-lata",
        "description": "Refresco Lim\u00f3n Zero Lata 0,33 L",
        "image": "https:\/\/cdn-consum.aktiosdigitalservices.com\/tol\/consum\/media\/product\/img\/300x300\/7009538.jpg?t=20250227090321"
    },
    {
        "id": 24847,
        "name": "Refresco Sand\u00eda Zero Lata FANTA",
        "price": 0.75,
        "price_kilo": 2.27,
        "slug": "refresco-sandia-zero-lata",
        "description": "Refresco Sand\u00eda Zero Lata 0,33 L",
        "image": "https:\/\/cdn-consum.aktiosdigitalservices.com\/tol\/consum\/media\/product\/img\/300x300\/7354608.jpg?t=20250227093411"
    },
    {
        "id": 34251,
        "name": "Refresco Frambuesa Zero Lata FANTA",
        "price": 0.75,
        "price_kilo": 2.27,
        "slug": "refresco-frambuesa-zero-lata",
        "description": "Refresco Frambuesa Zero Lata 0,33 L",
        "image": "https:\/\/cdn-consum.aktiosdigitalservices.com\/tol\/consum\/media\/product\/img\/300x300\/7438539.jpg?t=20250227095206"
    },
    {
        "id": 5064,
        "name": "Cerveza Lata 5 Estrellas MAHOU 5 ESTR",
        "price": 0.85,
        "price_kilo": 2.58,
        "slug": "cerveza-lata-5-estrellas",
        "description": "Cerveza Lata 5 Estrellas 0,33 L",
        "image": "https:\/\/cdn-consum.aktiosdigitalservices.com\/tol\/consum\/media\/product\/img\/300x300\/465708.jpg?t=20250321075635"
    },
    {
        "id": 7910,
        "name": "Cerveza Tostada Lata AMSTEL ORO",
        "price": 0.68,
        "price_kilo": 2.06,
        "slug": "cerveza-tostada-lata",
        "description": "Cerveza Tostada Lata 0,33 L",
        "image": "https:\/\/cdn-consum.aktiosdigitalservices.com\/tol\/consum\/media\/product\/img\/300x300\/7239189.jpg?t=20250228080114"
    },
    {
        "id": 8496,
        "name": "Cerveza Especial Lata CRUZCAMPO",
        "price": 0.68,
        "price_kilo": 2.06,
        "slug": "cerveza-especial-lata",
        "description": "Cerveza Especial Lata 0,33 L",
        "image": "https:\/\/cdn-consum.aktiosdigitalservices.com\/tol\/consum\/media\/product\/img\/300x300\/7257587.jpg?t=20250227092240"
    },
    {
        "id": 15851,
        "name": "Cerveza Tostada 0,0 Lata MAHOU",
        "price": 0.66,
        "price_kilo": 2,
        "slug": "cerveza-tostada-00-lata",
        "description": "Cerveza Tostada 0,0 Lata 0,33 L",
        "image": "https:\/\/cdn-consum.aktiosdigitalservices.com\/tol\/consum\/media\/product\/img\/300x300\/7292063.jpg?t=20250312125537"
    },
    {
        "id": 21126,
        "name": "Cerveza Magna Lata SAN MIGUEL",
        "price": 0.66,
        "price_kilo": 2,
        "slug": "cerveza-magna-lata",
        "description": "Cerveza Magna Lata 0,33 L",
        "image": "https:\/\/cdn-consum.aktiosdigitalservices.com\/tol\/consum\/media\/product\/img\/300x300\/7329894.jpg?t=20250227093110"
    },
    {
        "id": 21740,
        "name": "Cerveza 0,0% Tostada Lata AMSTEL ORO",
        "price": 0.68,
        "price_kilo": 2.06,
        "slug": "cerveza-00-tostada-lata",
        "description": "Cerveza 0,0% Tostada Lata 0,33 L",
        "image": "https:\/\/cdn-consum.aktiosdigitalservices.com\/tol\/consum\/media\/product\/img\/300x300\/7336063.jpg?t=20250228080358"
    },
    {
        "id": 30785,
        "name": "Refresco Lima-Lim\u00f3n Lata LAIMON",
        "price": 0.64,
        "price_kilo": 1.94,
        "slug": "refresco-lima-limon-lata",
        "description": "Refresco Lima-Lim\u00f3n Lata 0,33 L",
        "image": "https:\/\/cdn-consum.aktiosdigitalservices.com\/tol\/consum\/media\/product\/img\/300x300\/7411890.jpg?t=20250227094348"
    },
    {
        "id": 29037,
        "name": "Cerveza Holandesa Lata HEINEKEN SIL",
        "price": 0.65,
        "price_kilo": 1.97,
        "slug": "cerveza-holandesa-lata",
        "description": "Cerveza Holandesa Lata 0,33 L",
        "image": "https:\/\/cdn-consum.aktiosdigitalservices.com\/tol\/consum\/media\/product\/img\/300x300\/7398469.jpg?t=20250312130017"
    },
    {
        "id": 4740,
        "name": "Cerveza Lata. EST.DAMM",
        "price": 0.75,
        "price_kilo": 2.28,
        "slug": "cerveza-lata",
        "description": "Cerveza Lata. 0,33 L",
        "image": "https:\/\/cdn-consum.aktiosdigitalservices.com\/tol\/consum\/media\/product\/img\/300x300\/156349.jpg?t=20250312124707"
    },
    {
        "id": 5439,
        "name": "Cerveza Shandy Lata. CRUZCAMPO",
        "price": 0.68,
        "price_kilo": 2.06,
        "slug": "cerveza-shandy-lata",
        "description": "Cerveza Shandy Lata. 0,33 L",
        "image": "https:\/\/cdn-consum.aktiosdigitalservices.com\/tol\/consum\/media\/product\/img\/300x300\/7019607.jpg?t=20250312155858"
    },
    {
        "id": 7120,
        "name": "T\u00f3nica Lata SCHWEPPES",
        "price": 0.7,
        "price_kilo": 2.8,
        "slug": "tonica-lata",
        "description": "T\u00f3nica Lata 0,25 L",
        "image": "https:\/\/cdn-consum.aktiosdigitalservices.com\/tol\/consum\/media\/product\/img\/300x300\/7197481.jpg?t=20250227091335"
    },
    {
        "id": 14352,
        "name": "Ginger Ale Lata SCHWEPPES",
        "price": 0.7,
        "price_kilo": 2.8,
        "slug": "ginger-ale-lata",
        "description": "Ginger Ale Lata 0,25 L",
        "image": "https:\/\/cdn-consum.aktiosdigitalservices.com\/tol\/consum\/media\/product\/img\/300x300\/7277622.jpg?t=20250227092452"
    },
    {
        "id": 31449,
        "name": "Refresco Naranja Florida Botell\u00edn SUNNY",
        "price": 0.9,
        "price_kilo": 2.73,
        "slug": "refresco-naranja-florida-botellin",
        "description": "Refresco Naranja Florida Botell\u00edn 0,33 L",
        "image": "https:\/\/cdn-consum.aktiosdigitalservices.com\/tol\/consum\/media\/product\/img\/300x300\/7417496.jpg?t=20250227094527"
    },
    {
        "id": 31519,
        "name": "Refresco Blue Frutas del Bosque SUNNY",
        "price": 0.9,
        "price_kilo": 2.73,
        "slug": "refresco-blue-frutas-del-bosque",
        "description": "Refresco Blue Frutas del Bosque 0,33 L",
        "image": "https:\/\/cdn-consum.aktiosdigitalservices.com\/tol\/consum\/media\/product\/img\/300x300\/7417504.jpg?t=20250227094528"
    },
    {
        "id": 34398,
        "name": "Croissant de Chocolate 20% 1 U ",
        "price": 0.8,
        "price_kilo": 9.41,
        "slug": "croissant-de-chocolate-20-1-u",
        "description": "Croissant de Chocolate 20% 1 U 85 Gr",
        "image": "https:\/\/cdn-consum.aktiosdigitalservices.com\/tol\/consum\/media\/product\/img\/300x300\/7440147.jpg?t=20250318081010"
    },
    {
        "id": 4844,
        "name": "Refresco Cola Light Lata COCA-COLA",
        "price": 0.92,
        "price_kilo": 2.79,
        "slug": "refresco-cola-light-lata",
        "description": "Refresco Cola Light Lata 0,33 L",
        "image": "https:\/\/cdn-consum.aktiosdigitalservices.com\/tol\/consum\/media\/product\/img\/300x300\/303362.jpg?t=20250227085738"
    },
    {
        "id": 5066,
        "name": "Cerveza Americana Lata BUDWEISER",
        "price": 0.74,
        "price_kilo": 2.24,
        "slug": "cerveza-americana-lata",
        "description": "Cerveza Americana Lata 0,33 L",
        "image": "https:\/\/cdn-consum.aktiosdigitalservices.com\/tol\/consum\/media\/product\/img\/300x300\/465740.jpg?t=20250227090006"
    },
    {
        "id": 16052,
        "name": "Salchicha Doble Leche CAMPOFR\u00cdO",
        "price": 0.83,
        "price_kilo": 5.93,
        "slug": "salchicha-doble-leche",
        "description": "Salchicha Doble Leche 140 Gr",
        "image": "https:\/\/cdn-consum.aktiosdigitalservices.com\/tol\/consum\/media\/product\/img\/300x300\/7291722.jpg?t=20250227092627"
    },
    {
        "id": 26301,
        "name": "Refresco Cola Zero Lata COCA-COLA",
        "price": 0.92,
        "price_kilo": 2.79,
        "slug": "refresco-cola-zero-lata",
        "description": "Refresco Cola Zero Lata 0,33 L",
        "image": "https:\/\/cdn-consum.aktiosdigitalservices.com\/tol\/consum\/media\/product\/img\/300x300\/7374742.jpg?t=20250227093714"
    },
    {
        "id": 26302,
        "name": "Refresco Cola Zero Zero Lata COCA-COLA",
        "price": 0.92,
        "price_kilo": 2.79,
        "slug": "refresco-cola-zero-zero-lata",
        "description": "Refresco Cola Zero Zero Lata 0,33 L",
        "image": "https:\/\/cdn-consum.aktiosdigitalservices.com\/tol\/consum\/media\/product\/img\/300x300\/7374747.jpg?t=20250227093715"
    },
    {
        "id": 26303,
        "name": "Refresco Cola Lata COCA-COLA",
        "price": 0.92,
        "price_kilo": 2.79,
        "slug": "refresco-cola-lata",
        "description": "Refresco Cola Lata 0,33 L",
        "image": "https:\/\/cdn-consum.aktiosdigitalservices.com\/tol\/consum\/media\/product\/img\/300x300\/7374759.jpg?t=20250227093717"
    },
    {
        "id": 6414,
        "name": "Agua Mineral Natural Botella SOLAN CABRAS",
        "price": 0.93,
        "price_kilo": 0.62,
        "slug": "agua-mineral-natural-botella",
        "description": "Agua Mineral Natural Botella 1,5 L",
        "image": "https:\/\/cdn-consum.aktiosdigitalservices.com\/tol\/consum\/media\/product\/img\/300x300\/7148203.jpg?t=20250314121416"
    },
    {
        "id": 4813,
        "name": "Bebida Isot\u00f3nica Naranja Lata AQUARIUS",
        "price": 0.95,
        "price_kilo": 2.88,
        "slug": "bebida-isotonica-naranja-lata",
        "description": "Bebida Isot\u00f3nica Naranja Lata 0,33 L",
        "image": "https:\/\/cdn-consum.aktiosdigitalservices.com\/tol\/consum\/media\/product\/img\/300x300\/245415.jpg?t=20250220075713"
    },
    {
        "id": 5122,
        "name": "Pasta Oriental Pollo Bolsa MAGGI",
        "price": 0.8,
        "price_kilo": 11.27,
        "slug": "pasta-oriental-pollo-bolsa",
        "description": "Pasta Oriental Pollo Bolsa 71 Gr",
        "image": "https:\/\/cdn-consum.aktiosdigitalservices.com\/tol\/consum\/media\/product\/img\/300x300\/710343.jpg?t=20250312092740"
    },
    {
        "id": 6756,
        "name": "Bebida Isot\u00f3nica Lim\u00f3n Zero Lata AQUARIUS",
        "price": 0.85,
        "price_kilo": 2.58,
        "slug": "bebida-isotonica-limon-zero-lata",
        "description": "Bebida Isot\u00f3nica Lim\u00f3n Zero Lata 0,33 L",
        "image": "https:\/\/cdn-consum.aktiosdigitalservices.com\/tol\/consum\/media\/product\/img\/300x300\/7173516.jpg?t=20250227091117"
    },
    {
        "id": 13580,
        "name": "Cerveza Export Lata AMBAR",
        "price": 0.75,
        "price_kilo": 2.27,
        "slug": "cerveza-export-lata",
        "description": "Cerveza Export Lata 0,33 L",
        "image": "https:\/\/cdn-consum.aktiosdigitalservices.com\/tol\/consum\/media\/product\/img\/300x300\/7276173.jpg?t=20250312125516"
    },
    {
        "id": 24552,
        "name": "Bebida Isot\u00f3nica Naranja Zero Lata AQUARIUS",
        "price": 0.85,
        "price_kilo": 2.58,
        "slug": "bebida-isotonica-naranja-zero-lata",
        "description": "Bebida Isot\u00f3nica Naranja Zero Lata 0,33 L",
        "image": "https:\/\/cdn-consum.aktiosdigitalservices.com\/tol\/consum\/media\/product\/img\/300x300\/7359367.jpg?t=20250227093454"
    },
    {
        "id": 32048,
        "name": "Cerveza Ros\u00e9 Lata MAHOU",
        "price": 0.76,
        "price_kilo": 2.3,
        "slug": "cerveza-rose-lata",
        "description": "Cerveza Ros\u00e9 Lata 0,33 L",
        "image": "https:\/\/cdn-consum.aktiosdigitalservices.com\/tol\/consum\/media\/product\/img\/300x300\/7423002.jpg?t=20250312130202"
    },
    {
        "id": 34461,
        "name": "Bebida Isot\u00f3nica Melocot\u00f3n Lata AQUARIUS",
        "price": 0.85,
        "price_kilo": 2.58,
        "slug": "bebida-isotonica-melocoton-lata",
        "description": "Bebida Isot\u00f3nica Melocot\u00f3n Lata 0,33 L",
        "image": "https:\/\/cdn-consum.aktiosdigitalservices.com\/tol\/consum\/media\/product\/img\/300x300\/7438513.jpg?t=20250227095204"
    },
    {
        "id": 5791,
        "name": "Refresco Lim\u00f3n Lata SCHWEPPES",
        "price": 0.97,
        "price_kilo": 2.94,
        "slug": "refresco-limon-lata",
        "description": "Refresco Lim\u00f3n Lata 0,33 L",
        "image": "https:\/\/cdn-consum.aktiosdigitalservices.com\/tol\/consum\/media\/product\/img\/300x300\/7066020.jpg?t=20250311133157"
    },
    {
        "id": 5792,
        "name": "Refresco Lim\u00f3n Zero Lata SCHWEPPES",
        "price": 0.69,
        "price_kilo": 2.09,
        "slug": "refresco-limon-zero-lata",
        "description": "Refresco Lim\u00f3n Zero Lata 0,33 L",
        "image": "https:\/\/cdn-consum.aktiosdigitalservices.com\/tol\/consum\/media\/product\/img\/300x300\/7066033.jpg?t=20250227090519"
    },
    {
        "id": 28169,
        "name": "Refresco Mandarina Zero Lima, Naranja y Pomelo SCHWEPPES",
        "price": 0.69,
        "price_kilo": 2.09,
        "slug": "refresco-mandarina-zero-lima-naranja-y-pomelo",
        "description": "Refresco Mandarina Zero Lima, Naranja y Pomelo 0,33 L",
        "image": "https:\/\/cdn-consum.aktiosdigitalservices.com\/tol\/consum\/media\/product\/img\/300x300\/7390040.jpg?t=20250227093933"
    },
    {
        "id": 32511,
        "name": "Refresco Naranja Zero Lata SCHWEPPES",
        "price": 0.69,
        "price_kilo": 2.09,
        "slug": "refresco-naranja-zero-lata",
        "description": "Refresco Naranja Zero Lata 0,33 L",
        "image": "https:\/\/cdn-consum.aktiosdigitalservices.com\/tol\/consum\/media\/product\/img\/300x300\/7425577.jpg?t=20250227094802"
    },
    {
        "id": 4724,
        "name": "T\u00f3nica Zero Lata SCHWEPPES",
        "price": 0.99,
        "price_kilo": 3,
        "slug": "tonica-zero-lata",
        "description": "T\u00f3nica Zero Lata 0,33 L",
        "image": "https:\/\/cdn-consum.aktiosdigitalservices.com\/tol\/consum\/media\/product\/img\/300x300\/113050.jpg?t=20250304103708"
    },
    {
        "id": 4847,
        "name": "T\u00f3nica Lata SCHWEPPES",
        "price": 0.99,
        "price_kilo": 3,
        "slug": "tonica-lata",
        "description": "T\u00f3nica Lata 0,33 L",
        "image": "https:\/\/cdn-consum.aktiosdigitalservices.com\/tol\/consum\/media\/product\/img\/300x300\/303628.jpg?t=20250304103847"
    },
    {
        "id": 6439,
        "name": "Tomate Frito Brik ORLANDO",
        "price": 0.85,
        "price_kilo": 2.43,
        "slug": "tomate-frito-brik",
        "description": "Tomate Frito Brik 350 Gr",
        "image": "https:\/\/cdn-consum.aktiosdigitalservices.com\/tol\/consum\/media\/product\/img\/300x300\/7150584.jpg?t=20250227090926"
    },
    {
        "id": 20714,
        "name": "Cerveza sin Filtrar Botella EL \u00c1GUILA",
        "price": 0.89,
        "price_kilo": 2.7,
        "slug": "cerveza-sin-filtrar-botella",
        "description": "Cerveza sin Filtrar Botella 0,33 L",
        "image": "https:\/\/cdn-consum.aktiosdigitalservices.com\/tol\/consum\/media\/product\/img\/300x300\/7328177.jpg?t=20250227093049"
    },
    {
        "id": 27296,
        "name": "Smoothie Kiwi, Pi\u00f1a con Spirulina FRUTAE",
        "price": 0.89,
        "price_kilo": 3.56,
        "slug": "smoothie-kiwi-pina-con-spirulina",
        "description": "Smoothie Kiwi, Pi\u00f1a con Spirulina 250 ml",
        "image": "https:\/\/cdn-consum.aktiosdigitalservices.com\/tol\/consum\/media\/product\/img\/300x300\/7377927.jpg?t=20250227093745"
    },
    {
        "id": 27684,
        "name": "Cerveza Artesana Botella CONSENTIDA",
        "price": 0.89,
        "price_kilo": 2.7,
        "slug": "cerveza-artesana-botella",
        "description": "Cerveza Artesana Botella 0,33 L",
        "image": "https:\/\/cdn-consum.aktiosdigitalservices.com\/tol\/consum\/media\/product\/img\/300x300\/7384485.jpg?t=20250227093853"
    },
    {
        "id": 32364,
        "name": "T\u00f3nica Pink Zero Lata SCHWEPPES",
        "price": 0.99,
        "price_kilo": 3,
        "slug": "tonica-pink-zero-lata",
        "description": "T\u00f3nica Pink Zero Lata 0,33 L",
        "image": "https:\/\/cdn-consum.aktiosdigitalservices.com\/tol\/consum\/media\/product\/img\/300x300\/7419831.jpg?t=20250312092833"
    },
    {
        "id": 34565,
        "name": "Bebida Energ\u00e9tica Mango Lata PARKOUR",
        "price": 0.79,
        "price_kilo": 1.58,
        "slug": "bebida-energetica-mango-lata",
        "description": "Bebida Energ\u00e9tica Mango Lata 0,5 L",
        "image": "https:\/\/cdn-consum.aktiosdigitalservices.com\/tol\/consum\/media\/product\/img\/300x300\/7440592.jpg?t=20250311135024"
    },
    {
        "id": 35480,
        "name": "T\u00e9 Lim\u00f3n Lata. FUZE TEA",
        "price": 0.99,
        "price_kilo": 3,
        "slug": "te-limon-lata",
        "description": "T\u00e9 Lim\u00f3n Lata. 0,33 L",
        "image": "https:\/\/cdn-consum.aktiosdigitalservices.com\/tol\/consum\/media\/product\/img\/300x300\/7445062.jpg?t=20250321080025"
    },
    {
        "id": 7208,
        "name": "Reques\u00f3n GRANJA RINYA",
        "price": 0.9,
        "price_kilo": 4.5,
        "slug": "requeson",
        "description": "Reques\u00f3n 200 Gr",
        "image": "https:\/\/cdn-consum.aktiosdigitalservices.com\/tol\/consum\/media\/product\/img\/300x300\/7201460.jpg?t=20250227091408"
    },
    {
        "id": 7228,
        "name": "Bebida Energ\u00e9tica Lata BURN",
        "price": 1,
        "price_kilo": 2,
        "slug": "bebida-energetica-lata",
        "description": "Bebida Energ\u00e9tica Lata 0,5 L",
        "image": "https:\/\/cdn-consum.aktiosdigitalservices.com\/tol\/consum\/media\/product\/img\/300x300\/7202737.jpg?t=20250227091414"
    },
    {
        "id": 21092,
        "name": "Refresco Agua con Gas Lim\u00f3n Botella M. PERRIER",
        "price": 0.75,
        "price_kilo": 1.5,
        "slug": "refresco-agua-con-gas-limon-botella",
        "description": "Refresco Agua con Gas Lim\u00f3n Botella 0,5 L",
        "image": "https:\/\/cdn-consum.aktiosdigitalservices.com\/tol\/consum\/media\/product\/img\/300x300\/7331465.jpg?t=20250311134120"
    },
    {
        "id": 5124,
        "name": "Leche Desnatada Brik ASTURIANA",
        "price": 1.04,
        "price_kilo": 1.04,
        "slug": "leche-desnatada-brik",
        "description": "Leche Desnatada Brik 1 L",
        "image": "https:\/\/cdn-consum.aktiosdigitalservices.com\/tol\/consum\/media\/product\/img\/300x300\/735340.jpg?t=20250311103413"
    },
    {
        "id": 5455,
        "name": "Rosquilletas con Pipas Artesanas VELARTE",
        "price": 0.95,
        "price_kilo": 11.88,
        "slug": "rosquilletas-con-pipas-artesanas",
        "description": "Rosquilletas con Pipas Artesanas 80 Gr",
        "image": "https:\/\/cdn-consum.aktiosdigitalservices.com\/tol\/consum\/media\/product\/img\/300x300\/7022648.jpg?t=20250311103829"
    },
    {
        "id": 8132,
        "name": "Cerveza sin Gluten Botella SAN MIGUEL",
        "price": 0.88,
        "price_kilo": 2.66,
        "slug": "cerveza-sin-gluten-botella",
        "description": "Cerveza sin Gluten Botella 0,33 L",
        "image": "https:\/\/cdn-consum.aktiosdigitalservices.com\/tol\/consum\/media\/product\/img\/300x300\/7252810.jpg?t=20250311133746"
    },
    {
        "id": 29839,
        "name": "T\u00f3nica Botella Vidrio SCHWEPPES",
        "price": 1.09,
        "price_kilo": 5.45,
        "slug": "tonica-botella-vidrio",
        "description": "T\u00f3nica Botella Vidrio 0,2 L",
        "image": "https:\/\/cdn-consum.aktiosdigitalservices.com\/tol\/consum\/media\/product\/img\/300x300\/7402923.jpg?t=20250220080925"
    },
    {
        "id": 31934,
        "name": "Toallitas Infantiles Cara y Manos BREVIA",
        "price": 0.95,
        "price_kilo": 0.04,
        "slug": "toallitas-infantiles-cara-y-manos",
        "description": "Toallitas Infantiles Cara y Manos 20 U",
        "image": "https:\/\/cdn-consum.aktiosdigitalservices.com\/tol\/consum\/media\/product\/img\/300x300\/7421332.jpg?t=20250227094651"
    },
    {
        "id": 5125,
        "name": "Leche Semidesnatada Brik ASTURIANA",
        "price": 1.09,
        "price_kilo": 1.09,
        "slug": "leche-semidesnatada-brik",
        "description": "Leche Semidesnatada Brik 1 L",
        "image": "https:\/\/cdn-consum.aktiosdigitalservices.com\/tol\/consum\/media\/product\/img\/300x300\/735399.jpg?t=20250311103416"
    },
    {
        "id": 18178,
        "name": "Palitos de Cereales Con Olivas y S\u00e9samo SNATT'S",
        "price": 1,
        "price_kilo": 16.66,
        "slug": "palitos-de-cereales-con-olivas-y-sesamo",
        "description": "Palitos de Cereales Con Olivas y S\u00e9samo 60 Gr",
        "image": "https:\/\/cdn-consum.aktiosdigitalservices.com\/tol\/consum\/media\/product\/img\/300x300\/7309131.jpg?t=20250312092759"
    },
    {
        "id": 18179,
        "name": "Palitos de Cereales Con Pipas SNATT'S",
        "price": 1,
        "price_kilo": 16.13,
        "slug": "palitos-de-cereales-con-pipas",
        "description": "Palitos de Cereales Con Pipas 62 Gr",
        "image": "https:\/\/cdn-consum.aktiosdigitalservices.com\/tol\/consum\/media\/product\/img\/300x300\/7309144.jpg?t=20250311110526"
    },
    {
        "id": 30957,
        "name": "Palitos Con Queso SNATT'S",
        "price": 1,
        "price_kilo": 18.18,
        "slug": "palitos-con-queso",
        "description": "Palitos Con Queso 55 Gr",
        "image": "https:\/\/cdn-consum.aktiosdigitalservices.com\/tol\/consum\/media\/product\/img\/300x300\/7412984.jpg?t=20250311112413"
    },
    {
        "id": 20820,
        "name": "Refresco Manzana sin Gas Botella ENJOY",
        "price": 0.87,
        "price_kilo": 0.58,
        "slug": "refresco-manzana-sin-gas-botella",
        "description": "Refresco Manzana sin Gas Botella 1,5 L",
        "image": "https:\/\/cdn-consum.aktiosdigitalservices.com\/tol\/consum\/media\/product\/img\/300x300\/7330579.jpg?t=20250227093113"
    },
    {
        "id": 13749,
        "name": "Leche sin Lactosa 0% Desnatada Brik ASTURIANA",
        "price": 1.13,
        "price_kilo": 1.13,
        "slug": "leche-sin-lactosa-0-desnatada-brik",
        "description": "Leche sin Lactosa 0% Desnatada Brik 1 L",
        "image": "https:\/\/cdn-consum.aktiosdigitalservices.com\/tol\/consum\/media\/product\/img\/300x300\/7277338.jpg?t=20250311110007"
    },
    {
        "id": 5126,
        "name": "Leche Entera Brik ASTURIANA",
        "price": 1.19,
        "price_kilo": 1.19,
        "slug": "leche-entera-brik",
        "description": "Leche Entera Brik 1 L",
        "image": "https:\/\/cdn-consum.aktiosdigitalservices.com\/tol\/consum\/media\/product\/img\/300x300\/735423.jpg?t=20250311103418"
    },
    {
        "id": 23182,
        "name": "Tubitos Rellenos Crema de Cacao MELS",
        "price": 1,
        "price_kilo": 6.66,
        "slug": "tubitos-rellenos-crema-de-cacao",
        "description": "Tubitos Rellenos Crema de Cacao 160 Gr",
        "image": "https:\/\/cdn-consum.aktiosdigitalservices.com\/tol\/consum\/media\/product\/img\/300x300\/7324838.jpg?t=20250318080942"
    },
    {
        "id": 23183,
        "name": "Tubitos Rellenos Crema de Vainilla MELS",
        "price": 1,
        "price_kilo": 6.66,
        "slug": "tubitos-rellenos-crema-de-vainilla",
        "description": "Tubitos Rellenos Crema de Vainilla 160 Gr",
        "image": "https:\/\/cdn-consum.aktiosdigitalservices.com\/tol\/consum\/media\/product\/img\/300x300\/7324853.jpg?t=20250311110735"
    },
    {
        "id": 23390,
        "name": "Energy Flapjack Avena y Capuccino JUST LOADING",
        "price": 1.05,
        "price_kilo": 17.5,
        "slug": "energy-flapjack-avena-y-capuccino",
        "description": "Energy Flapjack Avena y Capuccino 60 Gr",
        "image": "https:\/\/cdn-consum.aktiosdigitalservices.com\/tol\/consum\/media\/product\/img\/300x300\/7348910.jpg?t=20250311134204"
    },
    {
        "id": 26571,
        "name": "Pouch Cool Fruits Manzana, Fresa, Banana NESTLE",
        "price": 1,
        "price_kilo": 9.09,
        "slug": "pouch-cool-fruits-manzana-fresa-banana",
        "description": "Pouch Cool Fruits Manzana, Fresa, Banana 110 Gr",
        "image": "https:\/\/cdn-consum.aktiosdigitalservices.com\/tol\/consum\/media\/product\/img\/300x300\/7376036.jpg?t=20250311111614"
    },
    {
        "id": 26572,
        "name": "Pouch Happy Fruits Frutas Variadas NESTLE",
        "price": 1,
        "price_kilo": 9.09,
        "slug": "pouch-happy-fruits-frutas-variadas",
        "description": "Pouch Happy Fruits Frutas Variadas 110 Gr",
        "image": "https:\/\/cdn-consum.aktiosdigitalservices.com\/tol\/consum\/media\/product\/img\/300x300\/7376069.jpg?t=20250311111617"
    },
    {
        "id": 27354,
        "name": "Refresco Cola Zero Botella PEPSI-COLA",
        "price": 1,
        "price_kilo": 1,
        "slug": "refresco-cola-zero-botella",
        "description": "Refresco Cola Zero Botella 1 L",
        "image": "https:\/\/cdn-consum.aktiosdigitalservices.com\/tol\/consum\/media\/product\/img\/300x300\/7382328.jpg?t=20250311134426"
    },
    {
        "id": 27355,
        "name": "Refresco Cola Botella PEPSI-COLA",
        "price": 1,
        "price_kilo": 1,
        "slug": "refresco-cola-botella",
        "description": "Refresco Cola Botella 1 L",
        "image": "https:\/\/cdn-consum.aktiosdigitalservices.com\/tol\/consum\/media\/product\/img\/300x300\/7382331.jpg?t=20250312092807"
    },
    {
        "id": 28481,
        "name": "Pouch Crazy Fruits Tutti Frutti NESTLE",
        "price": 1,
        "price_kilo": 9.09,
        "slug": "pouch-crazy-fruits-tutti-frutti",
        "description": "Pouch Crazy Fruits Tutti Frutti 110 Gr",
        "image": "https:\/\/cdn-consum.aktiosdigitalservices.com\/tol\/consum\/media\/product\/img\/300x300\/7392103.jpg?t=20250311111938"
    },
    {
        "id": 29323,
        "name": "Cerveza Artesana IPA Lata C.VOLADORES",
        "price": 0.95,
        "price_kilo": 2.88,
        "slug": "cerveza-artesana-ipa-lata",
        "description": "Cerveza Artesana IPA Lata 0,33 L",
        "image": "https:\/\/cdn-consum.aktiosdigitalservices.com\/tol\/consum\/media\/product\/img\/300x300\/7399962.jpg?t=20250227094145"
    },
    {
        "id": 35088,
        "name": "Allioli con Sriracha CHOVI",
        "price": 1,
        "price_kilo": 6.66,
        "slug": "allioli-con-sriracha",
        "description": "Allioli con Sriracha 150 Gr",
        "image": "https:\/\/cdn-consum.aktiosdigitalservices.com\/tol\/consum\/media\/product\/img\/300x300\/7445179.jpg?t=20250227095458"
    },
    {
        "id": 39487,
        "name": "Pouch Funny Fruits Ar\u00e1ndanos y Pl\u00e1tano NESTLE",
        "price": 1,
        "price_kilo": 9.09,
        "slug": "pouch-funny-fruits-arandanos-y-platano",
        "description": "Pouch Funny Fruits Ar\u00e1ndanos y Pl\u00e1tano 110 Gr",
        "image": "https:\/\/cdn-consum.aktiosdigitalservices.com\/tol\/consum\/media\/product\/img\/300x300\/7451862.jpg?t=20250312092918"
    },
    {
        "id": 7128,
        "name": "Cerveza Celiacos Botella AMBAR",
        "price": 1.09,
        "price_kilo": 3.3,
        "slug": "cerveza-celiacos-botella",
        "description": "Cerveza Celiacos Botella 0,33 L",
        "image": "https:\/\/cdn-consum.aktiosdigitalservices.com\/tol\/consum\/media\/product\/img\/300x300\/7197817.jpg?t=20250227091342"
    },
    {
        "id": 15175,
        "name": "Cerveza Original Lata DESPERADOS",
        "price": 1,
        "price_kilo": 3.03,
        "slug": "cerveza-original-lata",
        "description": "Cerveza Original Lata 0,33 L",
        "image": "https:\/\/cdn-consum.aktiosdigitalservices.com\/tol\/consum\/media\/product\/img\/300x300\/7276186.jpg?t=20250312125519"
    },
    {
        "id": 27667,
        "name": "Bolitas de Fuet GOIKOA",
        "price": 1.15,
        "price_kilo": 23,
        "slug": "bolitas-de-fuet",
        "description": "Bolitas de Fuet 50 Gr",
        "image": "https:\/\/cdn-consum.aktiosdigitalservices.com\/tol\/consum\/media\/product\/img\/300x300\/7385404.jpg?t=20250227093900"
    },
    {
        "id": 35038,
        "name": "Tortas de Aceite Artesanales CARMEN LUPI.",
        "price": 1.15,
        "price_kilo": 4.6,
        "slug": "tortas-de-aceite-artesanales",
        "description": "Tortas de Aceite Artesanales 250 Gr",
        "image": "https:\/\/cdn-consum.aktiosdigitalservices.com\/tol\/consum\/media\/product\/img\/300x300\/7445013.jpg?t=20250311113554"
    },
    {
        "id": 6871,
        "name": "Leche sin Lactosa Semidesnatada Brik ASTURIANA",
        "price": 1.2,
        "price_kilo": 1.2,
        "slug": "leche-sin-lactosa-semidesnatada-brik",
        "description": "Leche sin Lactosa Semidesnatada Brik 1 L",
        "image": "https:\/\/cdn-consum.aktiosdigitalservices.com\/tol\/consum\/media\/product\/img\/300x300\/7181720.jpg?t=20250311104913"
    },
    {
        "id": 18264,
        "name": "Leche sin Lactosa Entera Brik ASTURIANA",
        "price": 1.25,
        "price_kilo": 1.25,
        "slug": "leche-sin-lactosa-entera-brik",
        "description": "Leche sin Lactosa Entera Brik 1 L",
        "image": "https:\/\/cdn-consum.aktiosdigitalservices.com\/tol\/consum\/media\/product\/img\/300x300\/7309842.jpg?t=20250312092759"
    },
    {
        "id": 24873,
        "name": "Refresco T\u00e9 Melocot\u00f3n Botella DON SIMON",
        "price": 1,
        "price_kilo": 0.67,
        "slug": "refresco-te-melocoton-botella",
        "description": "Refresco T\u00e9 Melocot\u00f3n Botella 1,5 L",
        "image": "https:\/\/cdn-consum.aktiosdigitalservices.com\/tol\/consum\/media\/product\/img\/300x300\/7361368.jpg?t=20250311134302"
    },
    {
        "id": 24874,
        "name": "Refresco T\u00e9 Lim\u00f3n Botella DON SIMON",
        "price": 1,
        "price_kilo": 0.67,
        "slug": "refresco-te-limon-botella",
        "description": "Refresco T\u00e9 Lim\u00f3n Botella 1,5 L",
        "image": "https:\/\/cdn-consum.aktiosdigitalservices.com\/tol\/consum\/media\/product\/img\/300x300\/7361376.jpg?t=20250311134305"
    },
    {
        "id": 5875,
        "name": "Sazonador para Fajita OLD EL PASO",
        "price": 1.19,
        "price_kilo": 3.96,
        "slug": "sazonador-para-fajita",
        "description": "Sazonador para Fajita 30 Gr",
        "image": "https:\/\/cdn-consum.aktiosdigitalservices.com\/tol\/consum\/media\/product\/img\/300x300\/7072754.jpg?t=20250318075937"
    },
    {
        "id": 17583,
        "name": "Suizos con Mantequilla ",
        "price": 1.25,
        "price_kilo": 12.5,
        "slug": "suizos-con-mantequilla",
        "description": "Suizos con Mantequilla 100 Gr",
        "image": "https:\/\/cdn-consum.aktiosdigitalservices.com\/tol\/consum\/media\/product\/img\/300x300\/7297617.jpg?t=20250318080300"
    },
    {
        "id": 34591,
        "name": "Hojaldre de At\u00fan 9% y Huevo 5.3% ",
        "price": 1.25,
        "price_kilo": 9.61,
        "slug": "hojaldre-de-atun-9-y-huevo-53",
        "description": "Hojaldre de At\u00fan 9% y Huevo 5.3% 130 Gr",
        "image": "https:\/\/cdn-consum.aktiosdigitalservices.com\/tol\/consum\/media\/product\/img\/300x300\/7442593.jpg?t=20250318081016"
    },
    {
        "id": 25231,
        "name": "Fideua Paquete GALLO",
        "price": 1.15,
        "price_kilo": 2.55,
        "slug": "fideua-paquete",
        "description": "Fideua Paquete 450 Gr",
        "image": "https:\/\/cdn-consum.aktiosdigitalservices.com\/tol\/consum\/media\/product\/img\/300x300\/7364990.jpg?t=20250313080745"
    },
    {
        "id": 4745,
        "name": "Harina de Trigo Paquete GALLO",
        "price": 1.2,
        "price_kilo": 1.2,
        "slug": "harina-de-trigo-paquete",
        "description": "Harina de Trigo Paquete 1 Kg",
        "image": "https:\/\/cdn-consum.aktiosdigitalservices.com\/tol\/consum\/media\/product\/img\/300x300\/170316.jpg?t=20250312092738"
    },
    {
        "id": 8311,
        "name": "Zumo Pi\u00f1a Manzana Uva Concentrado Brik DON SIMON",
        "price": 1.25,
        "price_kilo": 1.25,
        "slug": "zumo-pina-manzana-uva-concentrado-brik",
        "description": "Zumo Pi\u00f1a Manzana Uva Concentrado Brik 1 L",
        "image": "https:\/\/cdn-consum.aktiosdigitalservices.com\/tol\/consum\/media\/product\/img\/300x300\/7082902.jpg?t=20250312155936"
    },
    {
        "id": 11155,
        "name": "Snacks para perros sabor buey Rodeo Pedigree 70g PEDIGREE",
        "price": 1.49,
        "price_kilo": 21.29,
        "slug": "snacks-para-perros-sabor-buey-rodeo-pedigree-70g",
        "description": "Snacks para perros sabor buey Rodeo Pedigree 70g",
        "image": "https:\/\/cdn-consum.aktiosdigitalservices.com\/tol\/consum\/media\/product\/img\/300x300\/7071637.jpg?t=20250227090542"
    },
    {
        "id": 13954,
        "name": "Tarta Tiramis\u00fa MELS",
        "price": 1.29,
        "price_kilo": 6.45,
        "slug": "tarta-tiramisu",
        "description": "Tarta Tiramis\u00fa 200 Gr",
        "image": "https:\/\/cdn-consum.aktiosdigitalservices.com\/tol\/consum\/media\/product\/img\/300x300\/7278794.jpg?t=20250312092756"
    },
    {
        "id": 15801,
        "name": "Crema Nutrici\u00f3n Intensa Piel Seca DOVE",
        "price": 1.49,
        "price_kilo": 1.99,
        "slug": "crema-nutricion-intensa-piel-seca",
        "description": "Crema Nutrici\u00f3n Intensa Piel Seca 75 ml",
        "image": "https:\/\/cdn-consum.aktiosdigitalservices.com\/tol\/consum\/media\/product\/img\/300x300\/7291219.jpg?t=20250227092619"
    },
    {
        "id": 21105,
        "name": "Cider Lata Manzana L.MANZANAS",
        "price": 1.19,
        "price_kilo": 3.61,
        "slug": "cider-lata-manzana",
        "description": "Cider Lata Manzana 0,33 L",
        "image": "https:\/\/cdn-consum.aktiosdigitalservices.com\/tol\/consum\/media\/product\/img\/300x300\/7331648.jpg?t=20250312125656"
    },
    {
        "id": 30094,
        "name": "Tortilla Vegana REVOLU GREEN",
        "price": 1.25,
        "price_kilo": 6.25,
        "slug": "tortilla-vegana",
        "description": "Tortilla Vegana 200 Gr",
        "image": "https:\/\/cdn-consum.aktiosdigitalservices.com\/tol\/consum\/media\/product\/img\/300x300\/7406148.jpg?t=20250227094303"
    },
    {
        "id": 32234,
        "name": "Caff\u00e8 Latte Espresso NESCAFE",
        "price": 1.25,
        "price_kilo": 6.1,
        "slug": "caffe-latte-espresso",
        "description": "Caff\u00e8 Latte Espresso 205 ml",
        "image": "https:\/\/cdn-consum.aktiosdigitalservices.com\/tol\/consum\/media\/product\/img\/300x300\/7418622.jpg?t=20250312130141"
    },
    {
        "id": 32235,
        "name": "Caff\u00e8 Latte Cappuccino Descafeinado NESCAFE",
        "price": 1.25,
        "price_kilo": 6.1,
        "slug": "caffe-latte-cappuccino-descafeinado",
        "description": "Caff\u00e8 Latte Cappuccino Descafeinado 205 ml",
        "image": "https:\/\/cdn-consum.aktiosdigitalservices.com\/tol\/consum\/media\/product\/img\/300x300\/7418635.jpg?t=20250227094545"
    },
    {
        "id": 32268,
        "name": "Nescaf\u00e9 Latte Cappuccin Caf\u00e9 NESCAFE",
        "price": 1.25,
        "price_kilo": 6.1,
        "slug": "nescafe-latte-cappuccin-cafe",
        "description": "Nescaf\u00e9 Latte Cappuccin Caf\u00e9 205 ml",
        "image": "https:\/\/cdn-consum.aktiosdigitalservices.com\/tol\/consum\/media\/product\/img\/300x300\/7423432.jpg?t=20250312130207"
    },
    {
        "id": 32320,
        "name": "Chocolate con Galleta Dinosaurus NESTLE",
        "price": 1.25,
        "price_kilo": 14.88,
        "slug": "chocolate-con-galleta-dinosaurus",
        "description": "Chocolate con Galleta Dinosaurus 84 Gr",
        "image": "https:\/\/cdn-consum.aktiosdigitalservices.com\/tol\/consum\/media\/product\/img\/300x300\/7423163.jpg?t=20250312161231"
    },
    {
        "id": 32961,
        "name": "Chocolate Extrafino Dulce de Leche NESTLE",
        "price": 1.25,
        "price_kilo": 15.06,
        "slug": "chocolate-extrafino-dulce-de-leche",
        "description": "Chocolate Extrafino Dulce de Leche 83 Gr",
        "image": "https:\/\/cdn-consum.aktiosdigitalservices.com\/tol\/consum\/media\/product\/img\/300x300\/7428998.jpg?t=20250312161325"
    },
    {
        "id": 33126,
        "name": "Chocolate con Galleta Filipinos Blanco NESTLE",
        "price": 1.25,
        "price_kilo": 14.88,
        "slug": "chocolate-con-galleta-filipinos-blanco",
        "description": "Chocolate con Galleta Filipinos Blanco 84 Gr",
        "image": "https:\/\/cdn-consum.aktiosdigitalservices.com\/tol\/consum\/media\/product\/img\/300x300\/7429004.jpg?t=20250312161327"
    },
    {
        "id": 35758,
        "name": "Nescaf\u00e9 Latte Choco Blanco NESCAFE",
        "price": 1.49,
        "price_kilo": 7.27,
        "slug": "nescafe-latte-choco-blanco",
        "description": "Nescaf\u00e9 Latte Choco Blanco 205 ml",
        "image": "https:\/\/cdn-consum.aktiosdigitalservices.com\/tol\/consum\/media\/product\/img\/300x300\/7450299.jpg?t=20250311113741"
    },
    {
        "id": 39601,
        "name": "Postre 0% Proteico Pudding Caramelo YOPRO DANONE",
        "price": 1.25,
        "price_kilo": 8.33,
        "slug": "postre-0-proteico-pudding-caramelo",
        "description": "Postre 0% Proteico Pudding Caramelo 150 Gr",
        "image": "https:\/\/cdn-consum.aktiosdigitalservices.com\/tol\/consum\/media\/product\/img\/300x300\/7452985.jpg?t=20250318081028"
    },
    {
        "id": 9195,
        "name": "Pan Hot Dog 4 Unidades BIMBO",
        "price": 1.5,
        "price_kilo": 6.82,
        "slug": "pan-hot-dog-4-unidades",
        "description": "Pan Hot Dog 4 Unidades 220 Gr",
        "image": "https:\/\/cdn-consum.aktiosdigitalservices.com\/tol\/consum\/media\/product\/img\/300x300\/305664.jpg?t=20250311103055"
    },
    {
        "id": 15610,
        "name": "Mortadela con Aceitunas Lonchas ELPOZO",
        "price": 1.5,
        "price_kilo": 7.5,
        "slug": "mortadela-con-aceitunas-lonchas",
        "description": "Mortadela con Aceitunas Lonchas 200 Gr",
        "image": "https:\/\/cdn-consum.aktiosdigitalservices.com\/tol\/consum\/media\/product\/img\/300x300\/7288959.jpg?t=20250311133916"
    },
    {
        "id": 39602,
        "name": "Cheetos Gustosines Bolsa CHEETOS",
        "price": 1.5,
        "price_kilo": 20,
        "slug": "cheetos-gustosines-bolsa",
        "description": "Cheetos Gustosines Bolsa 75 Gr",
        "image": "https:\/\/cdn-consum.aktiosdigitalservices.com\/tol\/consum\/media\/product\/img\/300x300\/7453041.jpg?t=20250312092920"
    },
    {
        "id": 39707,
        "name": "Patatas Churrer\u00eda Bolsa SANTA ANA",
        "price": 1.25,
        "price_kilo": 8.93,
        "slug": "patatas-churreria-bolsa",
        "description": "Patatas Churrer\u00eda Bolsa 140 Gr",
        "image": "https:\/\/cdn-consum.aktiosdigitalservices.com\/tol\/consum\/media\/product\/img\/300x300\/7453046.jpg?t=20250318080915"
    },
    {
        "id": 18266,
        "name": "Leche Calcio Sin Lactosa Desnatada Suprema Brik ASTURIANA",
        "price": 1.41,
        "price_kilo": 1.41,
        "slug": "leche-calcio-sin-lactosa-desnatada-suprema-brik",
        "description": "Leche Calcio Sin Lactosa Desnatada Suprema Brik 1 L",
        "image": "https:\/\/cdn-consum.aktiosdigitalservices.com\/tol\/consum\/media\/product\/img\/300x300\/7309854.jpg?t=20250313080551"
    },
    {
        "id": 7107,
        "name": "Fideos Orientales Pollo Yatekomo YATEKOMO",
        "price": 1.55,
        "price_kilo": 25.83,
        "slug": "fideos-orientales-pollo-yatekomo",
        "description": "Fideos Orientales Pollo Yatekomo 60 Gr",
        "image": "https:\/\/cdn-consum.aktiosdigitalservices.com\/tol\/consum\/media\/product\/img\/300x300\/7196538.jpg?t=20250318080057"
    },
    {
        "id": 29597,
        "name": "Hogaza Rebanada 100% Natural ",
        "price": 1.4,
        "price_kilo": 2.75,
        "slug": "hogaza-rebanada-100-natural",
        "description": "Hogaza Rebanada 100% Natural 510 Gr",
        "image": "https:\/\/cdn-consum.aktiosdigitalservices.com\/tol\/consum\/media\/product\/img\/300x300\/7402550.jpg?t=20250318080536"
    },
    {
        "id": 4764,
        "name": "Bebida Energ\u00e9tica Lata RED BULL",
        "price": 1.59,
        "price_kilo": 6.36,
        "slug": "bebida-energetica-lata",
        "description": "Bebida Energ\u00e9tica Lata 0,25 L",
        "image": "https:\/\/cdn-consum.aktiosdigitalservices.com\/tol\/consum\/media\/product\/img\/300x300\/202986.jpg?t=20250311164528"
    },
    {
        "id": 6428,
        "name": "L\u00e1cteo Fibra Brik ASTURIANA",
        "price": 1.59,
        "price_kilo": 1.59,
        "slug": "lacteo-fibra-brik",
        "description": "L\u00e1cteo Fibra Brik 1 L",
        "image": "https:\/\/cdn-consum.aktiosdigitalservices.com\/tol\/consum\/media\/product\/img\/300x300\/7149818.jpg?t=20250311104645"
    },
    {
        "id": 8431,
        "name": "Fideos Orientales Curry Yatekomo YATEKOMO",
        "price": 1.59,
        "price_kilo": 26.07,
        "slug": "fideos-orientales-curry-yatekomo",
        "description": "Fideos Orientales Curry Yatekomo 61 Gr",
        "image": "https:\/\/cdn-consum.aktiosdigitalservices.com\/tol\/consum\/media\/product\/img\/300x300\/7216679.jpg?t=20250227091610"
    },
    {
        "id": 8719,
        "name": "Bebida Energ\u00e9tica Light Lata RED BULL",
        "price": 1.59,
        "price_kilo": 6.36,
        "slug": "bebida-energetica-light-lata",
        "description": "Bebida Energ\u00e9tica Light Lata 0,25 L",
        "image": "https:\/\/cdn-consum.aktiosdigitalservices.com\/tol\/consum\/media\/product\/img\/300x300\/5418249.jpg?t=20250227090253"
    },
    {
        "id": 9050,
        "name": "Tzaziki Crema Yogur con Pepino DELITUSS",
        "price": 1.4,
        "price_kilo": 9.33,
        "slug": "tzaziki-crema-yogur-con-pepino",
        "description": "Tzaziki Crema Yogur con Pepino 150 Gr",
        "image": "https:\/\/cdn-consum.aktiosdigitalservices.com\/tol\/consum\/media\/product\/img\/300x300\/7246791.jpg?t=20250227092047"
    },
    {
        "id": 9669,
        "name": "Saladitos Bolsa 4 Paquetes VELARTE",
        "price": 1.35,
        "price_kilo": 11.25,
        "slug": "saladitos-bolsa-4-paquetes",
        "description": "Saladitos Bolsa 4 Paquetes 4 x 30 Gr",
        "image": "https:\/\/cdn-consum.aktiosdigitalservices.com\/tol\/consum\/media\/product\/img\/300x300\/7264740.jpg?t=20250311105810"
    },
    {
        "id": 16168,
        "name": "Pouche Solo Eco Pera, Pl\u00e1tano y Naranja HERO",
        "price": 1.35,
        "price_kilo": 13.5,
        "slug": "pouche-solo-eco-pera-platano-y-naranja",
        "description": "Pouche Solo Eco Pera, Pl\u00e1tano y Naranja 100 Gr",
        "image": "https:\/\/cdn-consum.aktiosdigitalservices.com\/tol\/consum\/media\/product\/img\/300x300\/7294189.jpg?t=20250311110256"
    },
    {
        "id": 20080,
        "name": "Pouche Manzana, Fresa Pl\u00e1tano, Ar\u00e1ndano Solo HERO",
        "price": 1.35,
        "price_kilo": 13.5,
        "slug": "pouche-manzana-fresa-platano-arandano-solo",
        "description": "Pouche Manzana, Fresa Pl\u00e1tano, Ar\u00e1ndano Solo 100 Gr",
        "image": "https:\/\/cdn-consum.aktiosdigitalservices.com\/tol\/consum\/media\/product\/img\/300x300\/7326838.jpg?t=20250311110755"
    },
    {
        "id": 26687,
        "name": "Bebida Energ\u00e9tica Sand\u00eda Lata RED BULL",
        "price": 1,
        "price_kilo": 4,
        "slug": "bebida-energetica-sandia-lata",
        "description": "Bebida Energ\u00e9tica Sand\u00eda Lata 0,25 L",
        "image": "https:\/\/cdn-consum.aktiosdigitalservices.com\/tol\/consum\/media\/product\/img\/300x300\/7375553.jpg?t=20250319075942"
    },
    {
        "id": 28712,
        "name": "Toallita Higi\u00e9nica Beb\u00e9 Biodegradable BABY CREAM",
        "price": 1.39,
        "price_kilo": 0.03,
        "slug": "toallita-higienica-bebe-biodegradable",
        "description": "Toallita Higi\u00e9nica Beb\u00e9 Biodegradable 60 U",
        "image": "https:\/\/cdn-consum.aktiosdigitalservices.com\/tol\/consum\/media\/product\/img\/300x300\/7394427.jpg?t=20250312161023"
    },
    {
        "id": 29493,
        "name": "Pouche Mango Yogur y Pl\u00e1tano Solo Eco HERO",
        "price": 1.35,
        "price_kilo": 13.5,
        "slug": "pouche-mango-yogur-y-platano-solo-eco",
        "description": "Pouche Mango Yogur y Pl\u00e1tano Solo Eco 100 Gr",
        "image": "https:\/\/cdn-consum.aktiosdigitalservices.com\/tol\/consum\/media\/product\/img\/300x300\/7401487.jpg?t=20250311112111"
    },
    {
        "id": 32008,
        "name": "Bebida Energ\u00e9tica Baya de Junio Lata RED BULL",
        "price": 1,
        "price_kilo": 4,
        "slug": "bebida-energetica-baya-de-junio-lata",
        "description": "Bebida Energ\u00e9tica Baya de Junio Lata 0,25 L",
        "image": "https:\/\/cdn-consum.aktiosdigitalservices.com\/tol\/consum\/media\/product\/img\/300x300\/7419732.jpg?t=20250319080014"
    },
    {
        "id": 34668,
        "name": "Leche con Prote\u00edna Sin Lactosa PASCUAL",
        "price": 1.35,
        "price_kilo": 1.35,
        "slug": "leche-con-proteina-sin-lactosa",
        "description": "Leche con Prote\u00edna Sin Lactosa 1 L",
        "image": "https:\/\/cdn-consum.aktiosdigitalservices.com\/tol\/consum\/media\/product\/img\/300x300\/7443278.jpg?t=20250311113456"
    },
    {
        "id": 6196,
        "name": "Galletas de Cacao Rellenas de Crema OREO",
        "price": 1.6,
        "price_kilo": 10.39,
        "slug": "galletas-de-cacao-rellenas-de-crema",
        "description": "Galletas de Cacao Rellenas de Crema 154 Gr",
        "image": "https:\/\/cdn-consum.aktiosdigitalservices.com\/tol\/consum\/media\/product\/img\/300x300\/7108223.jpg?t=20250312160007"
    },
    {
        "id": 8125,
        "name": "Galleta Rellena de Crema Golden OREO",
        "price": 1.6,
        "price_kilo": 10.39,
        "slug": "galleta-rellena-de-crema-golden",
        "description": "Galleta Rellena de Crema Golden 154 Gr",
        "image": "https:\/\/cdn-consum.aktiosdigitalservices.com\/tol\/consum\/media\/product\/img\/300x300\/7252430.jpg?t=20250312160415"
    },
    {
        "id": 5046,
        "name": "Queso Rallado Filatto Bolsa EL CASERIO",
        "price": 1,
        "price_kilo": 12.5,
        "slug": "queso-rallado-filatto-bolsa",
        "description": "Queso Rallado Filatto Bolsa 80 Gr",
        "image": "https:\/\/cdn-consum.aktiosdigitalservices.com\/tol\/consum\/media\/product\/img\/300x300\/445957.jpg?t=20250227085959"
    },
    {
        "id": 7814,
        "name": "Berlina Rellena de Chocolate 2 Unidades ",
        "price": 1.49,
        "price_kilo": 8.28,
        "slug": "berlina-rellena-de-chocolate-2-unidades",
        "description": "Berlina Rellena de Chocolate 2 Unidades 180 Gr",
        "image": "https:\/\/cdn-consum.aktiosdigitalservices.com\/tol\/consum\/media\/product\/img\/300x300\/7235778.jpg?t=20250318080144"
    },
    {
        "id": 9902,
        "name": "Ensalada Mixta Bolsa FLORETTE",
        "price": 1.39,
        "price_kilo": 9.27,
        "slug": "ensalada-mixta-bolsa",
        "description": "Ensalada Mixta Bolsa 150 Gr",
        "image": "https:\/\/cdn-consum.aktiosdigitalservices.com\/tol\/consum\/media\/product\/img\/300x300\/7164346.jpg?t=20250318080026"
    },
    {
        "id": 31518,
        "name": "Gusanitos de Ma\u00edz Bolsa RISI",
        "price": 1.4,
        "price_kilo": 13.33,
        "slug": "gusanitos-de-maiz-bolsa",
        "description": "Gusanitos de Ma\u00edz Bolsa 105 Gr",
        "image": "https:\/\/cdn-consum.aktiosdigitalservices.com\/tol\/consum\/media\/product\/img\/300x300\/7417488.jpg?t=20250227094525"
    },
    {
        "id": 4891,
        "name": "Penne Rigate Caja BARILLA",
        "price": 1.69,
        "price_kilo": 3.38,
        "slug": "penne-rigate-caja",
        "description": "Penne Rigate Caja 500 Gr",
        "image": "https:\/\/cdn-consum.aktiosdigitalservices.com\/tol\/consum\/media\/product\/img\/300x300\/328203.jpg?t=20250227085855"
    },
    {
        "id": 4897,
        "name": "Spaghetti Caja BARILLA",
        "price": 1.69,
        "price_kilo": 3.38,
        "slug": "spaghetti-caja",
        "description": "Spaghetti Caja 500 Gr",
        "image": "https:\/\/cdn-consum.aktiosdigitalservices.com\/tol\/consum\/media\/product\/img\/300x300\/330829.jpg?t=20250312092739"
    },
    {
        "id": 7070,
        "name": "Refresco Naranja Sin Gas Botella TRINA",
        "price": 1.3,
        "price_kilo": 0.87,
        "slug": "refresco-naranja-sin-gas-botella",
        "description": "Refresco Naranja Sin Gas Botella 1,5 L",
        "image": "https:\/\/cdn-consum.aktiosdigitalservices.com\/tol\/consum\/media\/product\/img\/300x300\/7195113.jpg?t=20250311133535"
    },
    {
        "id": 8600,
        "name": "Refresco Lim\u00f3n Pet Zero TRINA",
        "price": 1.3,
        "price_kilo": 0.87,
        "slug": "refresco-limon-pet-zero",
        "description": "Refresco Lim\u00f3n Pet Zero 1,5 L",
        "image": "https:\/\/cdn-consum.aktiosdigitalservices.com\/tol\/consum\/media\/product\/img\/300x300\/7217268.jpg?t=20250311133609"
    },
    {
        "id": 9934,
        "name": "Refresco Naranja Pet Zero TRINA",
        "price": 1.3,
        "price_kilo": 0.87,
        "slug": "refresco-naranja-pet-zero",
        "description": "Refresco Naranja Pet Zero 1,5 L",
        "image": "https:\/\/cdn-consum.aktiosdigitalservices.com\/tol\/consum\/media\/product\/img\/300x300\/7217276.jpg?t=20250311133611"
    },
    {
        "id": 20785,
        "name": "Cerveza IPA Artesana Botella TYRIS",
        "price": 1.69,
        "price_kilo": 5.12,
        "slug": "cerveza-ipa-artesana-botella",
        "description": "Cerveza IPA Artesana Botella 0,33 L",
        "image": "https:\/\/cdn-consum.aktiosdigitalservices.com\/tol\/consum\/media\/product\/img\/300x300\/7329873.jpg?t=20250227093108"
    },
    {
        "id": 23528,
        "name": "Snack Papadelta Sabor Jam\u00f3n Bolsa GREFUSA",
        "price": 1.4,
        "price_kilo": 19.18,
        "slug": "snack-papadelta-sabor-jamon-bolsa",
        "description": "Snack Papadelta Sabor Jam\u00f3n Bolsa 73 Gr",
        "image": "https:\/\/cdn-consum.aktiosdigitalservices.com\/tol\/consum\/media\/product\/img\/300x300\/7350069.jpg?t=20250227093335"
    },
    {
        "id": 23529,
        "name": "Snack Gublins Sabor Barbacoa Bolsa GREFUSA",
        "price": 1.4,
        "price_kilo": 10.37,
        "slug": "snack-gublins-sabor-barbacoa-bolsa",
        "description": "Snack Gublins Sabor Barbacoa Bolsa 135 Gr",
        "image": "https:\/\/cdn-consum.aktiosdigitalservices.com\/tol\/consum\/media\/product\/img\/300x300\/7350072.jpg?t=20250227093337"
    },
    {
        "id": 29358,
        "name": "Patatas Fritas Receta Original  de 1931 VIDAL",
        "price": 1.35,
        "price_kilo": 9,
        "slug": "patatas-fritas-receta-original-de-1931",
        "description": "Patatas Fritas Receta Original  de 1931 150 Gr",
        "image": "https:\/\/cdn-consum.aktiosdigitalservices.com\/tol\/consum\/media\/product\/img\/300x300\/7399462.jpg?t=20250227094138"
    },
    {
        "id": 30617,
        "name": "Snack de Patata Pom-Bear GREFUSA",
        "price": 1.4,
        "price_kilo": 17.5,
        "slug": "snack-de-patata-pom-bear",
        "description": "Snack de Patata Pom-Bear 80 Gr",
        "image": "https:\/\/cdn-consum.aktiosdigitalservices.com\/tol\/consum\/media\/product\/img\/300x300\/7409290.jpg?t=20250227094322"
    },
    {
        "id": 34382,
        "name": "Chocolate Extrafino Relleno de Leche NESTLE",
        "price": 1.25,
        "price_kilo": 12.5,
        "slug": "chocolate-extrafino-relleno-de-leche",
        "description": "Chocolate Extrafino Relleno de Leche 100 Gr",
        "image": "https:\/\/cdn-consum.aktiosdigitalservices.com\/tol\/consum\/media\/product\/img\/300x300\/7440415.jpg?t=20250311135018"
    },
    {
        "id": 34722,
        "name": "Gominolas Fresa Eco SMILEAT",
        "price": 1.69,
        "price_kilo": 6.76,
        "slug": "gominolas-fresa-eco",
        "description": "Gominolas Fresa Eco 25 Gr",
        "image": "https:\/\/cdn-consum.aktiosdigitalservices.com\/tol\/consum\/media\/product\/img\/300x300\/7443484.jpg?t=20250311135108"
    },
    {
        "id": 34723,
        "name": "Gominolas Pl\u00e1tano ECO SMILEAT",
        "price": 1.69,
        "price_kilo": 6.76,
        "slug": "gominolas-platano-eco",
        "description": "Gominolas Pl\u00e1tano ECO 25 Gr",
        "image": "https:\/\/cdn-consum.aktiosdigitalservices.com\/tol\/consum\/media\/product\/img\/300x300\/7443497.jpg?t=20250311135110"
    },
    {
        "id": 7394,
        "name": "Harina de Reposter\u00eda Paquete GALLO",
        "price": 1.42,
        "price_kilo": 1.42,
        "slug": "harina-de-reposteria-paquete",
        "description": "Harina de Reposter\u00eda Paquete 1 Kg",
        "image": "https:\/\/cdn-consum.aktiosdigitalservices.com\/tol\/consum\/media\/product\/img\/300x300\/7213650.jpg?t=20250227091521"
    },
    {
        "id": 8033,
        "name": "Cerveza Botella Cristal AMSTEL",
        "price": 1.72,
        "price_kilo": 1.72,
        "slug": "cerveza-botella-cristal",
        "description": "Cerveza Botella Cristal 1 L",
        "image": "https:\/\/cdn-consum.aktiosdigitalservices.com\/tol\/consum\/media\/product\/img\/300x300\/7246841.jpg?t=20250320080000"
    },
    {
        "id": 16751,
        "name": "Coctel Frutos Secos sin C\u00e1scara FRIT RAVICH",
        "price": 1.49,
        "price_kilo": 8.76,
        "slug": "coctel-frutos-secos-sin-cascara",
        "description": "Coctel Frutos Secos sin C\u00e1scara 170 Gr",
        "image": "https:\/\/cdn-consum.aktiosdigitalservices.com\/tol\/consum\/media\/product\/img\/300x300\/7193972.jpg?t=20250313080231"
    },
    {
        "id": 39603,
        "name": "Patatas Fritas Onduladas Bolsa RUFFLES",
        "price": 1.25,
        "price_kilo": 8.34,
        "slug": "patatas-fritas-onduladas-bolsa",
        "description": "Patatas Fritas Onduladas Bolsa 150 Gr",
        "image": "https:\/\/cdn-consum.aktiosdigitalservices.com\/tol\/consum\/media\/product\/img\/300x300\/7453061.jpg?t=20250312092920"
    },
    {
        "id": 4938,
        "name": "Spaghettini al Huevo Paquete GALLO",
        "price": 1.77,
        "price_kilo": 3.93,
        "slug": "spaghettini-al-huevo-paquete",
        "description": "Spaghettini al Huevo Paquete 450 Gr",
        "image": "https:\/\/cdn-consum.aktiosdigitalservices.com\/tol\/consum\/media\/product\/img\/300x300\/361832.jpg?t=20250319075641"
    },
    {
        "id": 4940,
        "name": "Maccheroni Rayado al Huevo Paquete GALLO",
        "price": 1.77,
        "price_kilo": 3.93,
        "slug": "maccheroni-rayado-al-huevo-paquete",
        "description": "Maccheroni Rayado al Huevo Paquete 450 Gr",
        "image": "https:\/\/cdn-consum.aktiosdigitalservices.com\/tol\/consum\/media\/product\/img\/300x300\/361873.jpg?t=20250319075643"
    },
    {
        "id": 16197,
        "name": "T\u00f3nica Hibiscus Botell\u00edn Vidrio SCHWEPPES",
        "price": 1.78,
        "price_kilo": 8.9,
        "slug": "tonica-hibiscus-botellin-vidrio",
        "description": "T\u00f3nica Hibiscus Botell\u00edn Vidrio 0,2 L",
        "image": "https:\/\/cdn-consum.aktiosdigitalservices.com\/tol\/consum\/media\/product\/img\/300x300\/7295496.jpg?t=20250116080216"
    },
    {
        "id": 30995,
        "name": "T\u00f3nica Toque Lima Botell\u00edn Vidrio SCHWEPPES",
        "price": 1.78,
        "price_kilo": 8.9,
        "slug": "tonica-toque-lima-botellin-vidrio",
        "description": "T\u00f3nica Toque Lima Botell\u00edn Vidrio 0,2 L",
        "image": "https:\/\/cdn-consum.aktiosdigitalservices.com\/tol\/consum\/media\/product\/img\/300x300\/7411593.jpg?t=20250312092822"
    },
    {
        "id": 5194,
        "name": "Leche Calcio Semidesnatada Pascual MOVIT",
        "price": 1.59,
        "price_kilo": 1.59,
        "slug": "leche-calcio-semidesnatada-pascual",
        "description": "Leche Calcio Semidesnatada Pascual 1 L",
        "image": "https:\/\/cdn-consum.aktiosdigitalservices.com\/tol\/consum\/media\/product\/img\/300x300\/972844.jpg?t=20250311103518"
    },
    {
        "id": 5195,
        "name": "Leche Calcio Desnatada Pascual MOVIT",
        "price": 1.59,
        "price_kilo": 1.59,
        "slug": "leche-calcio-desnatada-pascual",
        "description": "Leche Calcio Desnatada Pascual 1 L",
        "image": "https:\/\/cdn-consum.aktiosdigitalservices.com\/tol\/consum\/media\/product\/img\/300x300\/972869.jpg?t=20250311103521"
    },
    {
        "id": 6377,
        "name": "Caff\u00e8 Latte Light sin Lactosa KAIKU",
        "price": 1.39,
        "price_kilo": 6.04,
        "slug": "caffe-latte-light-sin-lactosa",
        "description": "Caff\u00e8 Latte Light sin Lactosa 230 ml",
        "image": "https:\/\/cdn-consum.aktiosdigitalservices.com\/tol\/consum\/media\/product\/img\/300x300\/7141567.jpg?t=20250227090852"
    },
    {
        "id": 6430,
        "name": "Bebida Energ\u00e9tica Green Lata MONSTER",
        "price": 1.79,
        "price_kilo": 3.58,
        "slug": "bebida-energetica-green-lata",
        "description": "Bebida Energ\u00e9tica Green Lata 0,5 L",
        "image": "https:\/\/cdn-consum.aktiosdigitalservices.com\/tol\/consum\/media\/product\/img\/300x300\/7150071.jpg?t=20250320075851"
    },
    {
        "id": 8312,
        "name": "Zumo Naranja-Mandarina Concentrado Brik DON SIMON",
        "price": 1.79,
        "price_kilo": 1.79,
        "slug": "zumo-naranja-mandarina-concentrado-brik",
        "description": "Zumo Naranja-Mandarina Concentrado Brik 1 L",
        "image": "https:\/\/cdn-consum.aktiosdigitalservices.com\/tol\/consum\/media\/product\/img\/300x300\/7082907.jpg?t=20250227090623"
    },
    {
        "id": 9995,
        "name": "Bebida Energ\u00e9tica Light Ultra Lata MONSTER",
        "price": 1.79,
        "price_kilo": 3.58,
        "slug": "bebida-energetica-light-ultra-lata",
        "description": "Bebida Energ\u00e9tica Light Ultra Lata 0,5 L",
        "image": "https:\/\/cdn-consum.aktiosdigitalservices.com\/tol\/consum\/media\/product\/img\/300x300\/7265960.jpg?t=20250320080020"
    },
    {
        "id": 19650,
        "name": "Servilleta 2 Capas Happy Hour FOXY",
        "price": 1.59,
        "price_kilo": 0.04,
        "slug": "servilleta-2-capas-happy-hour",
        "description": "Servilleta 2 Capas Happy Hour 50 U",
        "image": "https:\/\/cdn-consum.aktiosdigitalservices.com\/tol\/consum\/media\/product\/img\/300x300\/7323462.jpg?t=20250313080617"
    },
    {
        "id": 21391,
        "name": "Refresco Agua y Zumo Lim\u00f3n Zero Botella FONT VELLA",
        "price": 1.39,
        "price_kilo": 1.11,
        "slug": "refresco-agua-y-zumo-limon-zero-botella",
        "description": "Refresco Agua y Zumo Lim\u00f3n Zero Botella 1,25 L",
        "image": "https:\/\/cdn-consum.aktiosdigitalservices.com\/tol\/consum\/media\/product\/img\/300x300\/7331882.jpg?t=20250227093135"
    },
    {
        "id": 34195,
        "name": "Galleta Digestive 100% Integral FAM.BISCUITS",
        "price": 1.49,
        "price_kilo": 3.73,
        "slug": "galleta-digestive-100-integral",
        "description": "Galleta Digestive 100% Integral 400 Gr",
        "image": "https:\/\/cdn-consum.aktiosdigitalservices.com\/tol\/consum\/media\/product\/img\/300x300\/7438690.jpg?t=20250311113322"
    },
    {
        "id": 5216,
        "name": "Preparado L\u00e1cteo Omega 3 PULEVA",
        "price": 1.69,
        "price_kilo": 1.69,
        "slug": "preparado-lacteo-omega-3",
        "description": "Preparado L\u00e1cteo Omega 3 1 L",
        "image": "https:\/\/cdn-consum.aktiosdigitalservices.com\/tol\/consum\/media\/product\/img\/300x300\/1509256.jpg?t=20250319075707"
    },
    {
        "id": 9567,
        "name": "Sangr\u00eda Brik DON SIMON",
        "price": 1.59,
        "price_kilo": 1.59,
        "slug": "sangria-brik",
        "description": "Sangr\u00eda Brik 1 L",
        "image": "https:\/\/cdn-consum.aktiosdigitalservices.com\/tol\/consum\/media\/product\/img\/300x300\/301796.jpg?t=20250311123817"
    },
    {
        "id": 25292,
        "name": "Bebida de Avena Barista Brik YOSOY",
        "price": 1.55,
        "price_kilo": 1.55,
        "slug": "bebida-de-avena-barista-brik",
        "description": "Bebida de Avena Barista Brik 1 L",
        "image": "https:\/\/cdn-consum.aktiosdigitalservices.com\/tol\/consum\/media\/product\/img\/300x300\/7365521.jpg?t=20250313080747"
    },
    {
        "id": 35092,
        "name": "Galleta Caramelizada Biscoff LOTUS",
        "price": 1.59,
        "price_kilo": 6.36,
        "slug": "galleta-caramelizada-biscoff",
        "description": "Galleta Caramelizada Biscoff 250 Gr",
        "image": "https:\/\/cdn-consum.aktiosdigitalservices.com\/tol\/consum\/media\/product\/img\/300x300\/7445307.jpg?t=20250311135136"
    },
    {
        "id": 12600,
        "name": "Harina de Fuerza Paquete GALLO",
        "price": 1.55,
        "price_kilo": 1.55,
        "slug": "harina-de-fuerza-paquete",
        "description": "Harina de Fuerza Paquete 1 Kg",
        "image": "https:\/\/cdn-consum.aktiosdigitalservices.com\/tol\/consum\/media\/product\/img\/300x300\/7243723.jpg?t=20250227092029"
    },
    {
        "id": 35168,
        "name": "K\u00e9fir sabor Fresa NESTLE",
        "price": 1.88,
        "price_kilo": 3.76,
        "slug": "kefir-sabor-fresa",
        "description": "K\u00e9fir sabor Fresa 500 Gr",
        "image": "https:\/\/cdn-consum.aktiosdigitalservices.com\/tol\/consum\/media\/product\/img\/300x300\/7445315.jpg?t=20250227095503"
    },
    {
        "id": 35169,
        "name": "K\u00e9fir sabor Tropical NESTLE",
        "price": 1.88,
        "price_kilo": 3.76,
        "slug": "kefir-sabor-tropical",
        "description": "K\u00e9fir sabor Tropical 500 Gr",
        "image": "https:\/\/cdn-consum.aktiosdigitalservices.com\/tol\/consum\/media\/product\/img\/300x300\/7445323.jpg?t=20250227095505"
    },
    {
        "id": 4752,
        "name": "Cerveza Botella Cristal SAN MIGUEL",
        "price": 1.45,
        "price_kilo": 1.45,
        "slug": "cerveza-botella-cristal",
        "description": "Cerveza Botella Cristal 1 L",
        "image": "https:\/\/cdn-consum.aktiosdigitalservices.com\/tol\/consum\/media\/product\/img\/300x300\/175588.jpg?t=20250315075613"
    },
    {
        "id": 6014,
        "name": "Jam\u00f3n Cocido Grand Bouquet NOEL",
        "price": 1.7,
        "price_kilo": 12.14,
        "slug": "jamon-cocido-grand-bouquet",
        "description": "Jam\u00f3n Cocido Grand Bouquet 140 Gr",
        "image": "https:\/\/cdn-consum.aktiosdigitalservices.com\/tol\/consum\/media\/product\/img\/300x300\/7090038.jpg?t=20250227090637"
    },
    {
        "id": 6274,
        "name": "Bebida L\u00e1ctea c\/Nueces Desnatada Omega 3 Brik PULEVA",
        "price": 1.69,
        "price_kilo": 1.69,
        "slug": "bebida-lactea-c-nueces-desnatada-omega-3-brik",
        "description": "Bebida L\u00e1ctea c\/Nueces Desnatada Omega 3 Brik 1 L",
        "image": "https:\/\/cdn-consum.aktiosdigitalservices.com\/tol\/consum\/media\/product\/img\/300x300\/7116986.jpg?t=20250313080115"
    },
    {
        "id": 6743,
        "name": "Colgador WC Poder Activo Natura BREF",
        "price": 1.45,
        "price_kilo": 1.45,
        "slug": "colgador-wc-poder-activo-natura",
        "description": "Colgador WC Poder Activo Natura 1 U",
        "image": "https:\/\/cdn-consum.aktiosdigitalservices.com\/tol\/consum\/media\/product\/img\/300x300\/7172518.jpg?t=20250227091112"
    },
    {
        "id": 6885,
        "name": "Bizcocho Duro Huevo CORAL",
        "price": 1.59,
        "price_kilo": 5.3,
        "slug": "bizcocho-duro-huevo",
        "description": "Bizcocho Duro Huevo 300 Gr",
        "image": "https:\/\/cdn-consum.aktiosdigitalservices.com\/tol\/consum\/media\/product\/img\/300x300\/7182819.jpg?t=20250311104915"
    },
    {
        "id": 9685,
        "name": "Prep. L\u00e1cteo Omega 3 Sin Lactosa Brik PULEVA",
        "price": 1.69,
        "price_kilo": 1.69,
        "slug": "prep-lacteo-omega-3-sin-lactosa-brik",
        "description": "Prep. L\u00e1cteo Omega 3 Sin Lactosa Brik 1 L",
        "image": "https:\/\/cdn-consum.aktiosdigitalservices.com\/tol\/consum\/media\/product\/img\/300x300\/7267842.jpg?t=20250313080412"
    },
    {
        "id": 18041,
        "name": "Conos de Ma\u00edz 3D's Sabor Queso y Bac\u00f3n MATUTANO",
        "price": 1.6,
        "price_kilo": 16,
        "slug": "conos-de-maiz-3ds-sabor-queso-y-bacon",
        "description": "Conos de Ma\u00edz 3D's Sabor Queso y Bac\u00f3n 100 Gr",
        "image": "https:\/\/cdn-consum.aktiosdigitalservices.com\/tol\/consum\/media\/product\/img\/300x300\/7308141.jpg?t=20250319075912"
    },
    {
        "id": 22453,
        "name": "Salsa Allioli Tarro CHOVI",
        "price": 1.49,
        "price_kilo": 7.84,
        "slug": "salsa-allioli-tarro",
        "description": "Salsa Allioli Tarro 190 ml",
        "image": "https:\/\/cdn-consum.aktiosdigitalservices.com\/tol\/consum\/media\/product\/img\/300x300\/7339349.jpg?t=20250322080001"
    },
    {
        "id": 29080,
        "name": "Copa Chocolate Proteica EHRMANN",
        "price": 1.49,
        "price_kilo": 7.45,
        "slug": "copa-chocolate-proteica",
        "description": "Copa Chocolate Proteica 200 Gr",
        "image": "https:\/\/cdn-consum.aktiosdigitalservices.com\/tol\/consum\/media\/product\/img\/300x300\/7397891.jpg?t=20250227094127"
    },
    {
        "id": 31102,
        "name": "Cheetos Rizos Bolsa CHEETOS",
        "price": 1.89,
        "price_kilo": 18.9,
        "slug": "cheetos-rizos-bolsa",
        "description": "Cheetos Rizos Bolsa 100 Gr",
        "image": "https:\/\/cdn-consum.aktiosdigitalservices.com\/tol\/consum\/media\/product\/img\/300x300\/7414964.jpg?t=20250227094448"
    },
    {
        "id": 32342,
        "name": "Garbanzos Pedrosillano Calidad Extra Frasco GUTARRA",
        "price": 1.55,
        "price_kilo": 3.88,
        "slug": "garbanzos-pedrosillano-calidad-extra-frasco",
        "description": "Garbanzos Pedrosillano Calidad Extra Frasco 400 Gr",
        "image": "https:\/\/cdn-consum.aktiosdigitalservices.com\/tol\/consum\/media\/product\/img\/300x300\/7424133.jpg?t=20250227094734"
    },
    {
        "id": 32030,
        "name": "Filipino Chocolate Blanco + 35g Gratis ARTIACH",
        "price": 1.9,
        "price_kilo": 14.84,
        "slug": "filipino-chocolate-blanco-35g-gratis",
        "description": "Filipino Chocolate Blanco + 35g Gratis 128 Gr",
        "image": "https:\/\/cdn-consum.aktiosdigitalservices.com\/tol\/consum\/media\/product\/img\/300x300\/7422025.jpg?t=20250311112638"
    },
    {
        "id": 32031,
        "name": "Filipino Chocolate Negro + 35g Gratis ARTIACH",
        "price": 1.9,
        "price_kilo": 14.84,
        "slug": "filipino-chocolate-negro-35g-gratis",
        "description": "Filipino Chocolate Negro + 35g Gratis 128 Gr",
        "image": "https:\/\/cdn-consum.aktiosdigitalservices.com\/tol\/consum\/media\/product\/img\/300x300\/7422033.jpg?t=20250311112640"
    },
    {
        "id": 6389,
        "name": "Mayonesa Tarro Cristal HELLMANN'S",
        "price": 1.95,
        "price_kilo": 8.67,
        "slug": "mayonesa-tarro-cristal",
        "description": "Mayonesa Tarro Cristal 225 ml",
        "image": "https:\/\/cdn-consum.aktiosdigitalservices.com\/tol\/consum\/media\/product\/img\/300x300\/7144207.jpg?t=20250227090901"
    },
    {
        "id": 7825,
        "name": "Mini Empanadilla Pisto 7 Unidades ",
        "price": 1.75,
        "price_kilo": 7,
        "slug": "mini-empanadilla-pisto-7-unidades",
        "description": "Mini Empanadilla Pisto 7 Unidades 250 Gr",
        "image": "https:\/\/cdn-consum.aktiosdigitalservices.com\/tol\/consum\/media\/product\/img\/300x300\/7236032.jpg?t=20250318080146"
    },
    {
        "id": 32536,
        "name": "Kombucha Frutos Rojos Botella MUN",
        "price": 1.75,
        "price_kilo": 7,
        "slug": "kombucha-frutos-rojos-botella",
        "description": "Kombucha Frutos Rojos Botella 0,25 L",
        "image": "https:\/\/cdn-consum.aktiosdigitalservices.com\/tol\/consum\/media\/product\/img\/300x300\/7424968.jpg?t=20250312130225"
    },
    {
        "id": 32537,
        "name": "Kombucha Jengibre y Lim\u00f3n Botella MUN",
        "price": 1.75,
        "price_kilo": 7,
        "slug": "kombucha-jengibre-y-limon-botella",
        "description": "Kombucha Jengibre y Lim\u00f3n Botella 0,25 L",
        "image": "https:\/\/cdn-consum.aktiosdigitalservices.com\/tol\/consum\/media\/product\/img\/300x300\/7424971.jpg?t=20250312130228"
    },
    {
        "id": 5106,
        "name": "Cerveza Trigo Alemana Botella PAULANER",
        "price": 1.99,
        "price_kilo": 3.98,
        "slug": "cerveza-trigo-alemana-botella",
        "description": "Cerveza Trigo Alemana Botella 0,5 L",
        "image": "https:\/\/cdn-consum.aktiosdigitalservices.com\/tol\/consum\/media\/product\/img\/300x300\/597807.jpg?t=20250227090035"
    },
    {
        "id": 5233,
        "name": "Lim\u00f3n Malla ",
        "price": 1.79,
        "price_kilo": 1.79,
        "slug": "limon-malla",
        "description": "Lim\u00f3n Malla 1 Kg",
        "image": "https:\/\/cdn-consum.aktiosdigitalservices.com\/tol\/consum\/media\/product\/img\/300x300\/2124360.jpg?t=20250318075821"
    },
    {
        "id": 5269,
        "name": "T\u00f3nica Botella SCHWEPPES",
        "price": 1.79,
        "price_kilo": 1.79,
        "slug": "tonica-botella",
        "description": "T\u00f3nica Botella 1 L",
        "image": "https:\/\/cdn-consum.aktiosdigitalservices.com\/tol\/consum\/media\/product\/img\/300x300\/2972354.jpg?t=20250312155813"
    },
    {
        "id": 5687,
        "name": "Peques3 Crecimiento Preparado L\u00e1cteo PULEVA",
        "price": 1.79,
        "price_kilo": 1.79,
        "slug": "peques3-crecimiento-preparado-lacteo",
        "description": "Peques3 Crecimiento Preparado L\u00e1cteo 1 L",
        "image": "https:\/\/cdn-consum.aktiosdigitalservices.com\/tol\/consum\/media\/product\/img\/300x300\/7051597.jpg?t=20250313080001"
    },
    {
        "id": 5688,
        "name": "Leche Continuaci\u00f3n Brik Peques 2 PULEVA",
        "price": 1.79,
        "price_kilo": 1.79,
        "slug": "leche-continuacion-brik-peques-2",
        "description": "Leche Continuaci\u00f3n Brik Peques 2 1 L",
        "image": "https:\/\/cdn-consum.aktiosdigitalservices.com\/tol\/consum\/media\/product\/img\/300x300\/7051600.jpg?t=20250313080004"
    },
    {
        "id": 5833,
        "name": "Peques3 Crecimiento con Cereales PULEVA",
        "price": 1.79,
        "price_kilo": 1.79,
        "slug": "peques3-crecimiento-con-cereales",
        "description": "Peques3 Crecimiento con Cereales 1 L",
        "image": "https:\/\/cdn-consum.aktiosdigitalservices.com\/tol\/consum\/media\/product\/img\/300x300\/7069508.jpg?t=20250313080021"
    },
    {
        "id": 6515,
        "name": "Snacks dentales para perros peque\u00f1os Dentastix PEDIGREE",
        "price": 1.99,
        "price_kilo": 18.09,
        "slug": "snacks-dentales-para-perros-pequenos-dentastix",
        "description": "Snacks dentales para perros peque\u00f1os Dentastix Pedigree 110g",
        "image": "https:\/\/cdn-consum.aktiosdigitalservices.com\/tol\/consum\/media\/product\/img\/300x300\/7156446.jpg?t=20250227091005"
    },
    {
        "id": 7937,
        "name": "Bebida de Almendras Brik ALMENDROLA",
        "price": 1.65,
        "price_kilo": 1.65,
        "slug": "bebida-de-almendras-brik",
        "description": "Bebida de Almendras Brik 1 L",
        "image": "https:\/\/cdn-consum.aktiosdigitalservices.com\/tol\/consum\/media\/product\/img\/300x300\/7240224.jpg?t=20250311105508"
    },
    {
        "id": 9144,
        "name": "Toallitas Agua Micelar SALUSTAR",
        "price": 1.79,
        "price_kilo": 0.09,
        "slug": "toallitas-agua-micelar",
        "description": "Toallitas Agua Micelar 20 U",
        "image": "https:\/\/cdn-consum.aktiosdigitalservices.com\/tol\/consum\/media\/product\/img\/300x300\/7265767.jpg?t=20250227092357"
    },
    {
        "id": 9287,
        "name": "Limpiador Paellas y Calderos ASEVI",
        "price": 1.99,
        "price_kilo": 3.98,
        "slug": "limpiador-paellas-y-calderos",
        "description": "Limpiador Paellas y Calderos 0,5 L",
        "image": "https:\/\/cdn-consum.aktiosdigitalservices.com\/tol\/consum\/media\/product\/img\/300x300\/7109663.jpg?t=20250227090728"
    },
    {
        "id": 9375,
        "name": "Aceituna Manzanilla sin Hueso Pack de 3 JOLCA",
        "price": 1.79,
        "price_kilo": 11.94,
        "slug": "aceituna-manzanilla-sin-hueso-pack-de-3",
        "description": "Aceituna Manzanilla sin Hueso Pack de 3 150 Gr",
        "image": "https:\/\/cdn-consum.aktiosdigitalservices.com\/tol\/consum\/media\/product\/img\/300x300\/7221286.jpg?t=20250318080127"
    },
    {
        "id": 13549,
        "name": "Bebida Avena Brik ALPRO",
        "price": 1.59,
        "price_kilo": 1.59,
        "slug": "bebida-avena-brik",
        "description": "Bebida Avena Brik 1 L",
        "image": "https:\/\/cdn-consum.aktiosdigitalservices.com\/tol\/consum\/media\/product\/img\/300x300\/7275720.jpg?t=20250311105947"
    },
    {
        "id": 14438,
        "name": "Champi\u00f1\u00f3n Portobello Bandeja ",
        "price": 1.75,
        "price_kilo": 7,
        "slug": "champinon-portobello-bandeja",
        "description": "Champi\u00f1\u00f3n Portobello Bandeja 250 Gr",
        "image": "https:\/\/cdn-consum.aktiosdigitalservices.com\/tol\/consum\/media\/product\/img\/300x300\/7087708.jpg?t=20250318080934"
    },
    {
        "id": 14471,
        "name": "Floretes Br\u00f3coli Bandeja ",
        "price": 1.59,
        "price_kilo": 3.98,
        "slug": "floretes-brocoli-bandeja",
        "description": "Floretes Br\u00f3coli Bandeja 400 Gr",
        "image": "https:\/\/cdn-consum.aktiosdigitalservices.com\/tol\/consum\/media\/product\/img\/300x300\/7259869.jpg?t=20250318080212"
    },
    {
        "id": 15266,
        "name": "Bebida de Almendra sin Az\u00facar ALMENDROLA",
        "price": 1.65,
        "price_kilo": 1.65,
        "slug": "bebida-de-almendra-sin-azucar",
        "description": "Bebida de Almendra sin Az\u00facar 1 L",
        "image": "https:\/\/cdn-consum.aktiosdigitalservices.com\/tol\/consum\/media\/product\/img\/300x300\/7286482.jpg?t=20250311110117"
    },
    {
        "id": 15925,
        "name": "Aceitunas Rellenas de Anchoa Suaves JOLCA",
        "price": 1.69,
        "price_kilo": 13,
        "slug": "aceitunas-rellenas-de-anchoa-suaves",
        "description": "Aceitunas Rellenas de Anchoa Suaves 130 Gr",
        "image": "https:\/\/cdn-consum.aktiosdigitalservices.com\/tol\/consum\/media\/product\/img\/300x300\/7289994.jpg?t=20250318080253"
    },
    {
        "id": 17163,
        "name": "Hummus con Berenjena DELITUSS",
        "price": 1.79,
        "price_kilo": 11.94,
        "slug": "hummus-con-berenjena",
        "description": "Hummus con Berenjena 150 Gr",
        "image": "https:\/\/cdn-consum.aktiosdigitalservices.com\/tol\/consum\/media\/product\/img\/300x300\/7299845.jpg?t=20250227092738"
    },
    {
        "id": 17364,
        "name": "Floretes Coliflor Bandeja ",
        "price": 1.59,
        "price_kilo": 3.18,
        "slug": "floretes-coliflor-bandeja",
        "description": "Floretes Coliflor Bandeja 500 Gr",
        "image": "https:\/\/cdn-consum.aktiosdigitalservices.com\/tol\/consum\/media\/product\/img\/300x300\/7302412.jpg?t=20250318080304"
    },
    {
        "id": 18403,
        "name": "Lonchas Vegetarianas Hierbas Mediterr\u00e1neas CAMPOFR\u00cdO",
        "price": 1.79,
        "price_kilo": 17.9,
        "slug": "lonchas-vegetarianas-hierbas-mediterraneas",
        "description": "Lonchas Vegetarianas Hierbas Mediterr\u00e1neas 100 Gr",
        "image": "https:\/\/cdn-consum.aktiosdigitalservices.com\/tol\/consum\/media\/product\/img\/300x300\/7312440.jpg?t=20250227092905"
    },
    {
        "id": 21324,
        "name": "Bebida de Avena sin Az\u00facar Brik ALPRO",
        "price": 1.59,
        "price_kilo": 1.59,
        "slug": "bebida-de-avena-sin-azucar-brik",
        "description": "Bebida de Avena sin Az\u00facar Brik 1 L",
        "image": "https:\/\/cdn-consum.aktiosdigitalservices.com\/tol\/consum\/media\/product\/img\/300x300\/7333003.jpg?t=20250311110856"
    },
    {
        "id": 23325,
        "name": "T\u00f3nica Zero Botella SCHWEPPES",
        "price": 1.79,
        "price_kilo": 1.79,
        "slug": "tonica-zero-botella",
        "description": "T\u00f3nica Zero Botella 1 L",
        "image": "https:\/\/cdn-consum.aktiosdigitalservices.com\/tol\/consum\/media\/product\/img\/300x300\/7347867.jpg?t=20250311134159"
    },
    {
        "id": 26204,
        "name": "Tri\u00e1ngulos de Ma\u00edz Sabor Tex-Mex Bolsa DORITOS",
        "price": 1.69,
        "price_kilo": 12.07,
        "slug": "triangulos-de-maiz-sabor-tex-mex-bolsa",
        "description": "Tri\u00e1ngulos de Ma\u00edz Sabor Tex-Mex Bolsa 140 Gr",
        "image": "https:\/\/cdn-consum.aktiosdigitalservices.com\/tol\/consum\/media\/product\/img\/300x300\/7371867.jpg?t=20250313080809"
    },
    {
        "id": 26960,
        "name": "Bebida Alto Rendimiento Mel\u00f3n Man\u00eda REIGN",
        "price": 1.59,
        "price_kilo": 3.18,
        "slug": "bebida-alto-rendimiento-melon-mania",
        "description": "Bebida Alto Rendimiento Mel\u00f3n Man\u00eda 0,5 L",
        "image": "https:\/\/cdn-consum.aktiosdigitalservices.com\/tol\/consum\/media\/product\/img\/300x300\/7379704.jpg?t=20250227093800"
    },
    {
        "id": 29279,
        "name": "Bebida Alto Rendimiento Berry REIGN",
        "price": 1.59,
        "price_kilo": 3.18,
        "slug": "bebida-alto-rendimiento-berry",
        "description": "Bebida Alto Rendimiento Berry 0,5 L",
        "image": "https:\/\/cdn-consum.aktiosdigitalservices.com\/tol\/consum\/media\/product\/img\/300x300\/7399546.jpg?t=20250227094140"
    },
    {
        "id": 30105,
        "name": "Zumo Multifrutas 100% Free JUVER",
        "price": 1.75,
        "price_kilo": 1.75,
        "slug": "zumo-multifrutas-100-free",
        "description": "Zumo Multifrutas 100% Free 1 L",
        "image": "https:\/\/cdn-consum.aktiosdigitalservices.com\/tol\/consum\/media\/product\/img\/300x300\/7406457.jpg?t=20250227094310"
    },
    {
        "id": 30843,
        "name": "Bebida de Almendra Barista Brik ALMENDROLA",
        "price": 1.65,
        "price_kilo": 1.65,
        "slug": "bebida-de-almendra-barista-brik",
        "description": "Bebida de Almendra Barista Brik 1 L",
        "image": "https:\/\/cdn-consum.aktiosdigitalservices.com\/tol\/consum\/media\/product\/img\/300x300\/7412091.jpg?t=20250312092823"
    },
    {
        "id": 32155,
        "name": "Salsa Soja Baja en Sal y Sin Gluten TIGER KHAN",
        "price": 1.69,
        "price_kilo": 11.27,
        "slug": "salsa-soja-baja-en-sal-y-sin-gluten",
        "description": "Salsa Soja Baja en Sal y Sin Gluten 150 ml",
        "image": "https:\/\/cdn-consum.aktiosdigitalservices.com\/tol\/consum\/media\/product\/img\/300x300\/7420540.jpg?t=20250227094635"
    },
    {
        "id": 32309,
        "name": "Barra Maxi ",
        "price": 1.79,
        "price_kilo": 4.07,
        "slug": "barra-maxi",
        "description": "Barra Maxi 440 Gr",
        "image": "https:\/\/cdn-consum.aktiosdigitalservices.com\/tol\/consum\/media\/product\/img\/300x300\/7418945.jpg?t=20250318080631"
    },
    {
        "id": 33138,
        "name": "Pechuga de Pollo +Prote\u00edna - 95% Carne BIENSTAR",
        "price": 1.99,
        "price_kilo": 15.31,
        "slug": "pechuga-de-pollo-proteina---95-carne",
        "description": "Pechuga de Pollo +Prote\u00edna - 95% Carne 130 Gr",
        "image": "https:\/\/cdn-consum.aktiosdigitalservices.com\/tol\/consum\/media\/product\/img\/300x300\/7430598.jpg?t=20250312161343"
    },
    {
        "id": 33492,
        "name": "Patatas Fritas Onduladas Sabor Jam\u00f3n RUFFLES",
        "price": 1.69,
        "price_kilo": 11.27,
        "slug": "patatas-fritas-onduladas-sabor-jamon",
        "description": "Patatas Fritas Onduladas Sabor Jam\u00f3n 150 Gr",
        "image": "https:\/\/cdn-consum.aktiosdigitalservices.com\/tol\/consum\/media\/product\/img\/300x300\/7432768.jpg?t=20250313081148"
    },
    {
        "id": 33787,
        "name": "Burger Meat Vacuno Cebolla Carameliza (10%) ",
        "price": 1.84,
        "price_kilo": 12.27,
        "slug": "burger-meat-vacuno-cebolla-carameliza-10",
        "description": "Burger Meat Vacuno Cebolla Carameliza (10%) 150 Gr",
        "image": "https:\/\/cdn-consum.aktiosdigitalservices.com\/tol\/consum\/media\/product\/img\/300x300\/7435618.jpg?t=20250318080801"
    },
    {
        "id": 34253,
        "name": "Galleta Digestive sin Az\u00facar + 100g Gratis GULLON ZERO",
        "price": 1.59,
        "price_kilo": 3.98,
        "slug": "galleta-digestive-sin-azucar-100g-gratis",
        "description": "Galleta Digestive sin Az\u00facar + 100g Gratis 400 Gr",
        "image": "https:\/\/cdn-consum.aktiosdigitalservices.com\/tol\/consum\/media\/product\/img\/300x300\/7438588.jpg?t=20250311113253"
    },
    {
        "id": 34255,
        "name": "Galleta Choco Flakes Chocolate Blanco CUETARA",
        "price": 1.99,
        "price_kilo": 19.9,
        "slug": "galleta-choco-flakes-chocolate-blanco",
        "description": "Galleta Choco Flakes Chocolate Blanco 100 Gr",
        "image": "https:\/\/cdn-consum.aktiosdigitalservices.com\/tol\/consum\/media\/product\/img\/300x300\/7438641.jpg?t=20250311113307"
    },
    {
        "id": 34256,
        "name": "Galletas Choco Flakes Chocolate con Leche CUETARA",
        "price": 1.99,
        "price_kilo": 19.9,
        "slug": "galletas-choco-flakes-chocolate-con-leche",
        "description": "Galletas Choco Flakes Chocolate con Leche 100 Gr",
        "image": "https:\/\/cdn-consum.aktiosdigitalservices.com\/tol\/consum\/media\/product\/img\/300x300\/7438646.jpg?t=20250311113309"
    },
    {
        "id": 34428,
        "name": "Pan de Molde Rebanada Gruesa PAN MILAGROS",
        "price": 1.69,
        "price_kilo": 2.06,
        "slug": "pan-de-molde-rebanada-gruesa",
        "description": "Pan de Molde Rebanada Gruesa 820 Gr",
        "image": "https:\/\/cdn-consum.aktiosdigitalservices.com\/tol\/consum\/media\/product\/img\/300x300\/7440654.jpg?t=20250311113358"
    },
    {
        "id": 34540,
        "name": "Natillas Vainilla+Prote\u00edna DANONE",
        "price": 1.99,
        "price_kilo": 4.15,
        "slug": "natillas-vainillaproteina",
        "description": "Natillas Vainilla+Prote\u00edna 4 x 120 Gr",
        "image": "https:\/\/cdn-consum.aktiosdigitalservices.com\/tol\/consum\/media\/product\/img\/300x300\/7441715.jpg?t=20250227095327"
    },
    {
        "id": 34541,
        "name": "Natillas + Prote\u00edna Sabor Chocolate DANONE",
        "price": 1.99,
        "price_kilo": 4.15,
        "slug": "natillas-proteina-sabor-chocolate",
        "description": "Natillas + Prote\u00edna Sabor Chocolate 4 x 120 Gr",
        "image": "https:\/\/cdn-consum.aktiosdigitalservices.com\/tol\/consum\/media\/product\/img\/300x300\/7441723.jpg?t=20250227095329"
    },
    {
        "id": 35260,
        "name": "Mejill\u00f3n en Escabeche 9\/14 Piezas CALVO",
        "price": 1.99,
        "price_kilo": 28.84,
        "slug": "mejillon-en-escabeche-9-14-piezas",
        "description": "Mejill\u00f3n en Escabeche 9\/14 Piezas 69 Gr",
        "image": "https:\/\/cdn-consum.aktiosdigitalservices.com\/tol\/consum\/media\/product\/img\/300x300\/7443872.jpg?t=20250313081322"
    },
    {
        "id": 35343,
        "name": "T\u00e9 Lim\u00f3n Sin Az\u00facar Pet FUZE TEA",
        "price": 1.49,
        "price_kilo": 1,
        "slug": "te-limon-sin-azucar-pet",
        "description": "T\u00e9 Lim\u00f3n Sin Az\u00facar Pet 1,5 L",
        "image": "https:\/\/cdn-consum.aktiosdigitalservices.com\/tol\/consum\/media\/product\/img\/300x300\/7445067.jpg?t=20250227095453"
    },
    {
        "id": 35344,
        "name": "T\u00e9 Lim\u00f3n Pet FUZE TEA",
        "price": 1.49,
        "price_kilo": 1,
        "slug": "te-limon-pet",
        "description": "T\u00e9 Lim\u00f3n Pet 1,5 L",
        "image": "https:\/\/cdn-consum.aktiosdigitalservices.com\/tol\/consum\/media\/product\/img\/300x300\/7445070.jpg?t=20250227095455"
    },
    {
        "id": 35786,
        "name": "Yarroz Pollo Salsa Teriyaki YATEKOMO",
        "price": 1.99,
        "price_kilo": 23.69,
        "slug": "yarroz-pollo-salsa-teriyaki",
        "description": "Yarroz Pollo Salsa Teriyaki 84 Gr",
        "image": "https:\/\/cdn-consum.aktiosdigitalservices.com\/tol\/consum\/media\/product\/img\/300x300\/7449119.jpg?t=20250227095634"
    },
    {
        "id": 35787,
        "name": "Yarroz Ternera Salsa Soja YATEKOMO",
        "price": 1.99,
        "price_kilo": 23.69,
        "slug": "yarroz-ternera-salsa-soja",
        "description": "Yarroz Ternera Salsa Soja 84 Gr",
        "image": "https:\/\/cdn-consum.aktiosdigitalservices.com\/tol\/consum\/media\/product\/img\/300x300\/7449122.jpg?t=20250227095636"
    },
    {
        "id": 35788,
        "name": "Yarroz Verduras Salsa Curry YATEKOMO",
        "price": 1.99,
        "price_kilo": 24.27,
        "slug": "yarroz-verduras-salsa-curry",
        "description": "Yarroz Verduras Salsa Curry 82 Gr",
        "image": "https:\/\/cdn-consum.aktiosdigitalservices.com\/tol\/consum\/media\/product\/img\/300x300\/7449127.jpg?t=20250227095637"
    },
    {
        "id": 39555,
        "name": "Bebida T\u00e9 Lim\u00f3n Pet NESTEA",
        "price": 1.59,
        "price_kilo": 1.06,
        "slug": "bebida-te-limon-pet",
        "description": "Bebida T\u00e9 Lim\u00f3n Pet 1,5 L",
        "image": "https:\/\/cdn-consum.aktiosdigitalservices.com\/tol\/consum\/media\/product\/img\/300x300\/7452753.jpg?t=20250312092919"
    },
    {
        "id": 39556,
        "name": "Bebida T\u00e9 Lim\u00f3n Sin Az\u00facar Pet NESTEA",
        "price": 1.59,
        "price_kilo": 1.06,
        "slug": "bebida-te-limon-sin-azucar-pet",
        "description": "Bebida T\u00e9 Lim\u00f3n Sin Az\u00facar Pet 1,5 L",
        "image": "https:\/\/cdn-consum.aktiosdigitalservices.com\/tol\/consum\/media\/product\/img\/300x300\/7452758.jpg?t=20250312092919"
    },
    {
        "id": 39741,
        "name": "Cerveza Dunkel Botella PAULANER",
        "price": 1.99,
        "price_kilo": 3.98,
        "slug": "cerveza-dunkel-botella",
        "description": "Cerveza Dunkel Botella 0,5 L",
        "image": "https:\/\/cdn-consum.aktiosdigitalservices.com\/tol\/consum\/media\/product\/img\/300x300\/7453475.jpg?t=20250312161648"
    },
    {
        "id": 15293,
        "name": "Chopped de Pavo Lonchas ELPOZO",
        "price": 2,
        "price_kilo": 8.89,
        "slug": "chopped-de-pavo-lonchas",
        "description": "Chopped de Pavo Lonchas 225 Gr",
        "image": "https:\/\/cdn-consum.aktiosdigitalservices.com\/tol\/consum\/media\/product\/img\/300x300\/7283521.jpg?t=20250227092529"
    },
    {
        "id": 6378,
        "name": "Yogur D\u00fao Kit Kat Pack de 2 Unidades NESTLE",
        "price": 1.69,
        "price_kilo": 7.35,
        "slug": "yogur-duo-kit-kat-pack-de-2-unidades",
        "description": "Yogur D\u00fao Kit Kat Pack de 2 Unidades 2 x 115 Gr",
        "image": "https:\/\/cdn-consum.aktiosdigitalservices.com\/tol\/consum\/media\/product\/img\/300x300\/7141799.jpg?t=20250227090853"
    },
    {
        "id": 13854,
        "name": "Smarties Mix In Sabor Vainilla NESTLE",
        "price": 1.69,
        "price_kilo": 6.6,
        "slug": "smarties-mix-in-sabor-vainilla",
        "description": "Smarties Mix In Sabor Vainilla 2 x 128 Gr",
        "image": "https:\/\/cdn-consum.aktiosdigitalservices.com\/tol\/consum\/media\/product\/img\/300x300\/7263275.jpg?t=20250227092318"
    },
    {
        "id": 5315,
        "name": "Protegeslip Flexiform CAREFREE",
        "price": 1.65,
        "price_kilo": 0.06,
        "slug": "protegeslip-flexiform",
        "description": "Protegeslip Flexiform 30 U",
        "image": "https:\/\/cdn-consum.aktiosdigitalservices.com\/tol\/consum\/media\/product\/img\/300x300\/4360475.jpg?t=20250227090238"
    },
    {
        "id": 5378,
        "name": "Galletas Fibra sin Az\u00facares GULLON ZERO",
        "price": 1.55,
        "price_kilo": 9.12,
        "slug": "galletas-fibra-sin-azucares",
        "description": "Galletas Fibra sin Az\u00facares 170 Gr",
        "image": "https:\/\/cdn-consum.aktiosdigitalservices.com\/tol\/consum\/media\/product\/img\/300x300\/6013155.jpg?t=20250311103735"
    },
    {
        "id": 9777,
        "name": "Galleta Sandwich Chocolate sin Az\u00facares GULLON ZERO",
        "price": 1.85,
        "price_kilo": 7.4,
        "slug": "galleta-sandwich-chocolate-sin-azucares",
        "description": "Galleta Sandwich Chocolate sin Az\u00facares 250 Gr",
        "image": "https:\/\/cdn-consum.aktiosdigitalservices.com\/tol\/consum\/media\/product\/img\/300x300\/7213551.jpg?t=20250311105211"
    },
    {
        "id": 24205,
        "name": "Barquillo Sabor Vainilla sin Az\u00facares GULLON ZERO",
        "price": 1.55,
        "price_kilo": 8.61,
        "slug": "barquillo-sabor-vainilla-sin-azucares",
        "description": "Barquillo Sabor Vainilla sin Az\u00facares 180 Gr",
        "image": "https:\/\/cdn-consum.aktiosdigitalservices.com\/tol\/consum\/media\/product\/img\/300x300\/7356038.jpg?t=20250311111300"
    },
    {
        "id": 24206,
        "name": "Barquillo Chocolate sin Az\u00facares GULLON ZERO",
        "price": 1.55,
        "price_kilo": 8.61,
        "slug": "barquillo-chocolate-sin-azucares",
        "description": "Barquillo Chocolate sin Az\u00facares 180 Gr",
        "image": "https:\/\/cdn-consum.aktiosdigitalservices.com\/tol\/consum\/media\/product\/img\/300x300\/7356066.jpg?t=20250311111302"
    },
    {
        "id": 29436,
        "name": "Pepperoni GOIKOA",
        "price": 1.85,
        "price_kilo": 20.56,
        "slug": "pepperoni",
        "description": "Pepperoni 2 x 45 Gr",
        "image": "https:\/\/cdn-consum.aktiosdigitalservices.com\/tol\/consum\/media\/product\/img\/300x300\/7400208.jpg?t=20250227094152"
    },
    {
        "id": 5451,
        "name": "Lenteja Pardina LUENGO",
        "price": 1.75,
        "price_kilo": 3.5,
        "slug": "lenteja-pardina",
        "description": "Lenteja Pardina 500 Gr",
        "image": "https:\/\/cdn-consum.aktiosdigitalservices.com\/tol\/consum\/media\/product\/img\/300x300\/7022460.jpg?t=20250227090348"
    },
    {
        "id": 13359,
        "name": "Calamar Extra . ",
        "price": 1.79,
        "price_kilo": 11.95,
        "slug": "calamar-extra-",
        "description": "Calamar Extra - Pieza de 150 gr. aproximadamente",
        "image": "https:\/\/cdn-consum.aktiosdigitalservices.com\/tol\/consum\/media\/product\/img\/300x300\/1773928.jpg?t=20250318075819"
    },
    {
        "id": 33494,
        "name": "Plantequilla Tarrina TULIPAN",
        "price": 1.25,
        "price_kilo": 6.25,
        "slug": "plantequilla-tarrina",
        "description": "Plantequilla Tarrina 200 Gr",
        "image": "https:\/\/cdn-consum.aktiosdigitalservices.com\/tol\/consum\/media\/product\/img\/300x300\/7432912.jpg?t=20250227095018"
    },
    {
        "id": 34051,
        "name": "Aceitunas Manzanilla en Rodajas JOLCA",
        "price": 1.79,
        "price_kilo": 11.93,
        "slug": "aceitunas-manzanilla-en-rodajas",
        "description": "Aceitunas Manzanilla en Rodajas 150 Gr",
        "image": "https:\/\/cdn-consum.aktiosdigitalservices.com\/tol\/consum\/media\/product\/img\/300x300\/7437549.jpg?t=20250318080809"
    },
    {
        "id": 27350,
        "name": "Queso Cheddar 8 Loncha Tranchettes VACA QUE RIE",
        "price": 2.14,
        "price_kilo": 14.27,
        "slug": "queso-cheddar-8-loncha-tranchettes",
        "description": "Queso Cheddar 8 Loncha Tranchettes 150 Gr",
        "image": "https:\/\/cdn-consum.aktiosdigitalservices.com\/tol\/consum\/media\/product\/img\/300x300\/7382133.jpg?t=20250227093826"
    },
    {
        "id": 9800,
        "name": "Lentejas con Verduras Lata LITORAL",
        "price": 1.8,
        "price_kilo": 4.24,
        "slug": "lentejas-con-verduras-lata",
        "description": "Lentejas con Verduras Lata 425 Gr",
        "image": "https:\/\/cdn-consum.aktiosdigitalservices.com\/tol\/consum\/media\/product\/img\/300x300\/7240802.jpg?t=20250311164559"
    },
    {
        "id": 29603,
        "name": "Garbanzos con Espinacas LITORAL",
        "price": 1.8,
        "price_kilo": 4.24,
        "slug": "garbanzos-con-espinacas",
        "description": "Garbanzos con Espinacas 425 Gr",
        "image": "https:\/\/cdn-consum.aktiosdigitalservices.com\/tol\/consum\/media\/product\/img\/300x300\/7402951.jpg?t=20250227094216"
    },
    {
        "id": 5098,
        "name": "Pan Maxi Burger 4 Unidades BIMBO",
        "price": 2.17,
        "price_kilo": 7.48,
        "slug": "pan-maxi-burger-4-unidades",
        "description": "Pan Maxi Burger 4 Unidades 290 Gr",
        "image": "https:\/\/cdn-consum.aktiosdigitalservices.com\/tol\/consum\/media\/product\/img\/300x300\/575837.jpg?t=20250322075708"
    },
    {
        "id": 9365,
        "name": "At\u00fan Claro Aceite Girasol CAMPOS",
        "price": 1.85,
        "price_kilo": 17.79,
        "slug": "atun-claro-aceite-girasol",
        "description": "At\u00fan Claro Aceite Girasol 104 Gr",
        "image": "https:\/\/cdn-consum.aktiosdigitalservices.com\/tol\/consum\/media\/product\/img\/300x300\/7216935.jpg?t=20250227091614"
    },
    {
        "id": 9366,
        "name": "At\u00fan Claro Natural CAMPOS",
        "price": 1.85,
        "price_kilo": 16.51,
        "slug": "atun-claro-natural",
        "description": "At\u00fan Claro Natural 112 Gr",
        "image": "https:\/\/cdn-consum.aktiosdigitalservices.com\/tol\/consum\/media\/product\/img\/300x300\/7216943.jpg?t=20250227091616"
    },
    {
        "id": 9631,
        "name": "Aceituna Cacere\u00f1a Negra Sin Hueso JOLCA",
        "price": 1.89,
        "price_kilo": 12.6,
        "slug": "aceituna-cacerena-negra-sin-hueso",
        "description": "Aceituna Cacere\u00f1a Negra Sin Hueso 150 Gr",
        "image": "https:\/\/cdn-consum.aktiosdigitalservices.com\/tol\/consum\/media\/product\/img\/300x300\/7215515.jpg?t=20250318080116"
    },
    {
        "id": 14404,
        "name": "Batido de Chocolate Botella PULEVA",
        "price": 1.89,
        "price_kilo": 1.89,
        "slug": "batido-de-chocolate-botella",
        "description": "Batido de Chocolate Botella 1 L",
        "image": "https:\/\/cdn-consum.aktiosdigitalservices.com\/tol\/consum\/media\/product\/img\/300x300\/7280381.jpg?t=20250311110029"
    },
    {
        "id": 17007,
        "name": "Galleta Digestive Avena Naranja GULLON",
        "price": 1.75,
        "price_kilo": 4.12,
        "slug": "galleta-digestive-avena-naranja",
        "description": "Galleta Digestive Avena Naranja 425 Gr",
        "image": "https:\/\/cdn-consum.aktiosdigitalservices.com\/tol\/consum\/media\/product\/img\/300x300\/7299758.jpg?t=20250311110341"
    },
    {
        "id": 17377,
        "name": "Snack Multicereales al Toque de Sal Marina SUNBITES",
        "price": 1.85,
        "price_kilo": 19.47,
        "slug": "snack-multicereales-al-toque-de-sal-marina",
        "description": "Snack Multicereales al Toque de Sal Marina 95 Gr",
        "image": "https:\/\/cdn-consum.aktiosdigitalservices.com\/tol\/consum\/media\/product\/img\/300x300\/7301810.jpg?t=20250227092744"
    },
    {
        "id": 28197,
        "name": "Pa\u00f1uelo Facial Collection KLEENEX",
        "price": 1.79,
        "price_kilo": 0.04,
        "slug": "panuelo-facial-collection",
        "description": "Pa\u00f1uelo Facial Collection 48 U",
        "image": "https:\/\/cdn-consum.aktiosdigitalservices.com\/tol\/consum\/media\/product\/img\/300x300\/7390375.jpg?t=20250227093941"
    },
    {
        "id": 30916,
        "name": "Mayonesa Original Bote PRIMA",
        "price": 1.85,
        "price_kilo": 4.63,
        "slug": "mayonesa-original-bote",
        "description": "Mayonesa Original Bote 400 ml",
        "image": "https:\/\/cdn-consum.aktiosdigitalservices.com\/tol\/consum\/media\/product\/img\/300x300\/7412005.jpg?t=20250227094353"
    },
    {
        "id": 35039,
        "name": "Tortas de Aceite Rellena Crema Chocolate CARMEN LUPI.",
        "price": 1.95,
        "price_kilo": 7.22,
        "slug": "tortas-de-aceite-rellena-crema-chocolate",
        "description": "Tortas de Aceite Rellena Crema Chocolate 270 Gr",
        "image": "https:\/\/cdn-consum.aktiosdigitalservices.com\/tol\/consum\/media\/product\/img\/300x300\/7445018.jpg?t=20250311113555"
    },
    {
        "id": 6943,
        "name": "Caldo Casero de Pollo Brik G.BLANCA",
        "price": 2.2,
        "price_kilo": 2.2,
        "slug": "caldo-casero-de-pollo-brik",
        "description": "Caldo Casero de Pollo Brik 1 L",
        "image": "https:\/\/cdn-consum.aktiosdigitalservices.com\/tol\/consum\/media\/product\/img\/300x300\/7187839.jpg?t=20250227091218"
    },
    {
        "id": 6947,
        "name": "Caldo Casero Cocido Brik G.BLANCA",
        "price": 2.2,
        "price_kilo": 2.2,
        "slug": "caldo-casero-cocido-brik",
        "description": "Caldo Casero Cocido Brik 1 L",
        "image": "https:\/\/cdn-consum.aktiosdigitalservices.com\/tol\/consum\/media\/product\/img\/300x300\/7188220.jpg?t=20250318080047"
    },
    {
        "id": 5950,
        "name": "Sofrito de Tomate Cebolla Frasco G.BLANCA",
        "price": 2.25,
        "price_kilo": 6.43,
        "slug": "sofrito-de-tomate-cebolla-frasco",
        "description": "Sofrito de Tomate Cebolla Frasco 350 Gr",
        "image": "https:\/\/cdn-consum.aktiosdigitalservices.com\/tol\/consum\/media\/product\/img\/300x300\/7082142.jpg?t=20250227090620"
    },
    {
        "id": 7548,
        "name": "Desodorante Roll-On Dermo Invisible SANEX",
        "price": 2.25,
        "price_kilo": 4.5,
        "slug": "desodorante-roll-on-dermo-invisible",
        "description": "Desodorante Roll-On Dermo Invisible 50 ml",
        "image": "https:\/\/cdn-consum.aktiosdigitalservices.com\/tol\/consum\/media\/product\/img\/300x300\/7220742.jpg?t=20250227091712"
    },
    {
        "id": 11283,
        "name": "Sofrito de Tomate y Verduras Frasco G.BLANCA",
        "price": 2.25,
        "price_kilo": 6.43,
        "slug": "sofrito-de-tomate-y-verduras-frasco",
        "description": "Sofrito de Tomate y Verduras Frasco 350 Gr",
        "image": "https:\/\/cdn-consum.aktiosdigitalservices.com\/tol\/consum\/media\/product\/img\/300x300\/7240885.jpg?t=20250227092001"
    },
    {
        "id": 21351,
        "name": "Brownie con Chocolate MR.BROWNIE",
        "price": 1.89,
        "price_kilo": 9.45,
        "slug": "brownie-con-chocolate",
        "description": "Brownie con Chocolate 200 Gr",
        "image": "https:\/\/cdn-consum.aktiosdigitalservices.com\/tol\/consum\/media\/product\/img\/300x300\/7333628.jpg?t=20250319080110"
    },
    {
        "id": 23658,
        "name": "Desodorante Roll-On Natur Protect SANEX",
        "price": 2.25,
        "price_kilo": 4.5,
        "slug": "desodorante-roll-on-natur-protect",
        "description": "Desodorante Roll-On Natur Protect 50 ml",
        "image": "https:\/\/cdn-consum.aktiosdigitalservices.com\/tol\/consum\/media\/product\/img\/300x300\/7350986.jpg?t=20250227093340"
    },
    {
        "id": 26038,
        "name": "Snack de Queso Infantil PIK NIK",
        "price": 1.8,
        "price_kilo": 22.5,
        "slug": "snack-de-queso-infantil",
        "description": "Snack de Queso Infantil 80 Gr",
        "image": "https:\/\/cdn-consum.aktiosdigitalservices.com\/tol\/consum\/media\/product\/img\/300x300\/7370521.jpg?t=20250312160842"
    },
    {
        "id": 27241,
        "name": "Vino Rosado Aguja Espumoso SANDARA",
        "price": 1.99,
        "price_kilo": 7.96,
        "slug": "vino-rosado-aguja-espumoso",
        "description": "Vino Rosado Aguja Espumoso 250 ml",
        "image": "https:\/\/cdn-consum.aktiosdigitalservices.com\/tol\/consum\/media\/product\/img\/300x300\/7381254.jpg?t=20250227093816"
    },
    {
        "id": 29999,
        "name": "Pisto Casero de Verduras Frasco G.BLANCA",
        "price": 2.25,
        "price_kilo": 6.43,
        "slug": "pisto-casero-de-verduras-frasco",
        "description": "Pisto Casero de Verduras Frasco 350 Gr",
        "image": "https:\/\/cdn-consum.aktiosdigitalservices.com\/tol\/consum\/media\/product\/img\/300x300\/7405517.jpg?t=20250227094256"
    },
    {
        "id": 30544,
        "name": "Galactic Brownies 8 Unidades MR.BROWNIE",
        "price": 1.89,
        "price_kilo": 9.45,
        "slug": "galactic-brownies-8-unidades",
        "description": "Galactic Brownies 8 Unidades 200 Gr",
        "image": "https:\/\/cdn-consum.aktiosdigitalservices.com\/tol\/consum\/media\/product\/img\/300x300\/7410491.jpg?t=20250318080958"
    },
    {
        "id": 33482,
        "name": "Sardinillas en Tomate ALBO",
        "price": 1.89,
        "price_kilo": 23.05,
        "slug": "sardinillas-en-tomate",
        "description": "Sardinillas en Tomate 82 Gr",
        "image": "https:\/\/cdn-consum.aktiosdigitalservices.com\/tol\/consum\/media\/product\/img\/300x300\/7432631.jpg?t=20250313081146"
    },
    {
        "id": 6305,
        "name": "Agua Mineral Natural Garrafa FONT VELLA",
        "price": 2.09,
        "price_kilo": 0.34,
        "slug": "agua-mineral-natural-garrafa",
        "description": "Agua Mineral Natural Garrafa 6,25 L",
        "image": "https:\/\/cdn-consum.aktiosdigitalservices.com\/tol\/consum\/media\/product\/img\/300x300\/7119709.jpg?t=20250311133339"
    },
    {
        "id": 6666,
        "name": "Flan de Huevo Equilibrio Desnatado Pack de 4 U. REINA",
        "price": 1.95,
        "price_kilo": 4.88,
        "slug": "flan-de-huevo-equilibrio-desnatado-pack-de-4-u",
        "description": "Flan de Huevo Equilibrio Desnatado Pack de 4 U. 4 x 100 Gr",
        "image": "https:\/\/cdn-consum.aktiosdigitalservices.com\/tol\/consum\/media\/product\/img\/300x300\/7166312.jpg?t=20250227091029"
    },
    {
        "id": 26136,
        "name": "Cookies Nocilla Crema Leche NOCILLA",
        "price": 1.95,
        "price_kilo": 16.25,
        "slug": "cookies-nocilla-crema-leche",
        "description": "Cookies Nocilla Crema Leche 120 Gr",
        "image": "https:\/\/cdn-consum.aktiosdigitalservices.com\/tol\/consum\/media\/product\/img\/300x300\/7371503.jpg?t=20250319075935"
    },
    {
        "id": 26137,
        "name": "Cookies Nocilla Original NOCILLA",
        "price": 1.95,
        "price_kilo": 16.25,
        "slug": "cookies-nocilla-original",
        "description": "Cookies Nocilla Original 120 Gr",
        "image": "https:\/\/cdn-consum.aktiosdigitalservices.com\/tol\/consum\/media\/product\/img\/300x300\/7371508.jpg?t=20250311111548"
    },
    {
        "id": 30476,
        "name": "Galleta Cookies & Cream NOCILLA",
        "price": 1.95,
        "price_kilo": 16.25,
        "slug": "galleta-cookies-cream",
        "description": "Galleta Cookies & Cream 120 Gr",
        "image": "https:\/\/cdn-consum.aktiosdigitalservices.com\/tol\/consum\/media\/product\/img\/300x300\/7409154.jpg?t=20250319075957"
    },
    {
        "id": 32326,
        "name": "Almeja del Pac\u00edfico Congelada MARINES",
        "price": 1.99,
        "price_kilo": 3.98,
        "slug": "almeja-del-pacifico-congelada",
        "description": "Almeja del Pac\u00edfico Congelada 500 Gr",
        "image": "https:\/\/cdn-consum.aktiosdigitalservices.com\/tol\/consum\/media\/product\/img\/300x300\/7423606.jpg?t=20250318080657"
    },
    {
        "id": 6219,
        "name": "Bifrutas Tropical BIFRUTAS",
        "price": 1.99,
        "price_kilo": 1.99,
        "slug": "bifrutas-tropical",
        "description": "Bifrutas Tropical 1 L",
        "image": "https:\/\/cdn-consum.aktiosdigitalservices.com\/tol\/consum\/media\/product\/img\/300x300\/7110401.jpg?t=20250313080106"
    },
    {
        "id": 32286,
        "name": "Leche Desnatada Botella ASTURIANA",
        "price": 2.2,
        "price_kilo": 1,
        "slug": "leche-desnatada-botella",
        "description": "Leche Desnatada Botella 2,2 L",
        "image": "https:\/\/cdn-consum.aktiosdigitalservices.com\/tol\/consum\/media\/product\/img\/300x300\/7423960.jpg?t=20250311112718"
    },
    {
        "id": 4912,
        "name": "Sardinas Picantonas Lata ALBO",
        "price": 2,
        "price_kilo": 23.53,
        "slug": "sardinas-picantonas-lata",
        "description": "Sardinas Picantonas Lata 85 Gr",
        "image": "https:\/\/cdn-consum.aktiosdigitalservices.com\/tol\/consum\/media\/product\/img\/300x300\/340653.jpg?t=20250313075802"
    },
    {
        "id": 5266,
        "name": "Pan Molde Sin Corteza BIMBO",
        "price": 2.35,
        "price_kilo": 5.22,
        "slug": "pan-molde-sin-corteza",
        "description": "Pan Molde Sin Corteza 450 Gr",
        "image": "https:\/\/cdn-consum.aktiosdigitalservices.com\/tol\/consum\/media\/product\/img\/300x300\/2842854.jpg?t=20250313075918"
    },
    {
        "id": 6183,
        "name": "Vino Tinto Joven D.O.Valdepe\u00f1as SE\u00d1OR.LLANOS",
        "price": 2,
        "price_kilo": 2.66,
        "slug": "vino-tinto-joven-dovaldepenas",
        "description": "Vino Tinto Joven D.O.Valdepe\u00f1as 0,75 L",
        "image": "https:\/\/cdn-consum.aktiosdigitalservices.com\/tol\/consum\/media\/product\/img\/300x300\/7107233.jpg?t=20250227090718"
    },
    {
        "id": 6218,
        "name": "Tarrina Sobrasada ELPOZO",
        "price": 2.35,
        "price_kilo": 9.4,
        "slug": "tarrina-sobrasada",
        "description": "Tarrina Sobrasada 250 Gr",
        "image": "https:\/\/cdn-consum.aktiosdigitalservices.com\/tol\/consum\/media\/product\/img\/300x300\/7110307.jpg?t=20250227090736"
    },
    {
        "id": 8057,
        "name": "Chocolate Extrafino Avellanas NESTLE",
        "price": 1.99,
        "price_kilo": 16.18,
        "slug": "chocolate-extrafino-avellanas",
        "description": "Chocolate Extrafino Avellanas 123 Gr",
        "image": "https:\/\/cdn-consum.aktiosdigitalservices.com\/tol\/consum\/media\/product\/img\/300x300\/7247955.jpg?t=20250311133729"
    },
    {
        "id": 8058,
        "name": "Chocolate Extrafino con Almendras NESTLE",
        "price": 1.99,
        "price_kilo": 16.18,
        "slug": "chocolate-extrafino-con-almendras",
        "description": "Chocolate Extrafino con Almendras 123 Gr",
        "image": "https:\/\/cdn-consum.aktiosdigitalservices.com\/tol\/consum\/media\/product\/img\/300x300\/7247963.jpg?t=20250311133732"
    },
    {
        "id": 8140,
        "name": "Desodorante Roll-On Original LACTOVIT",
        "price": 2,
        "price_kilo": 4,
        "slug": "desodorante-roll-on-original",
        "description": "Desodorante Roll-On Original 50 ml",
        "image": "https:\/\/cdn-consum.aktiosdigitalservices.com\/tol\/consum\/media\/product\/img\/300x300\/7254048.jpg?t=20250227092208"
    },
    {
        "id": 8356,
        "name": "Crema Autobrillante Negro BUFALO",
        "price": 2.35,
        "price_kilo": 4.7,
        "slug": "crema-autobrillante-negro",
        "description": "Crema Autobrillante Negro 50 ml",
        "image": "https:\/\/cdn-consum.aktiosdigitalservices.com\/tol\/consum\/media\/product\/img\/300x300\/7153984.jpg?t=20250227090945"
    },
    {
        "id": 10856,
        "name": "Piment\u00f3n Dulce Frasco DUCROS",
        "price": 2.35,
        "price_kilo": 5.88,
        "slug": "pimenton-dulce-frasco",
        "description": "Piment\u00f3n Dulce Frasco 40 Gr",
        "image": "https:\/\/cdn-consum.aktiosdigitalservices.com\/tol\/consum\/media\/product\/img\/300x300\/7223782.jpg?t=20250227091739"
    },
    {
        "id": 12457,
        "name": "Crema Autobrillante Marr\u00f3n BUFALO",
        "price": 2.35,
        "price_kilo": 4.7,
        "slug": "crema-autobrillante-marron",
        "description": "Crema Autobrillante Marr\u00f3n 50 ml",
        "image": "https:\/\/cdn-consum.aktiosdigitalservices.com\/tol\/consum\/media\/product\/img\/300x300\/7153989.jpg?t=20250227090946"
    },
    {
        "id": 12458,
        "name": "Crema Autobrillante Neutro BUFALO",
        "price": 2.35,
        "price_kilo": 4.7,
        "slug": "crema-autobrillante-neutro",
        "description": "Crema Autobrillante Neutro 50 ml",
        "image": "https:\/\/cdn-consum.aktiosdigitalservices.com\/tol\/consum\/media\/product\/img\/300x300\/7153997.jpg?t=20250311164547"
    },
    {
        "id": 12459,
        "name": "Crema Autobrillante Azul BUFALO",
        "price": 2.35,
        "price_kilo": 4.7,
        "slug": "crema-autobrillante-azul",
        "description": "Crema Autobrillante Azul 50 ml",
        "image": "https:\/\/cdn-consum.aktiosdigitalservices.com\/tol\/consum\/media\/product\/img\/300x300\/7154008.jpg?t=20250227090951"
    },
    {
        "id": 12460,
        "name": "Crema Autobrillante Blanco BUFALO",
        "price": 2.35,
        "price_kilo": 4.7,
        "slug": "crema-autobrillante-blanco",
        "description": "Crema Autobrillante Blanco 50 ml",
        "image": "https:\/\/cdn-consum.aktiosdigitalservices.com\/tol\/consum\/media\/product\/img\/300x300\/7154016.jpg?t=20250227090953"
    },
    {
        "id": 19858,
        "name": "Preparado para hornear 5 Sobres ROYAL",
        "price": 2.35,
        "price_kilo": 29.38,
        "slug": "preparado-para-hornear-5-sobres",
        "description": "Preparado para hornear 5 Sobres 80 Gr",
        "image": "https:\/\/cdn-consum.aktiosdigitalservices.com\/tol\/consum\/media\/product\/img\/300x300\/7324551.jpg?t=20250311110727"
    },
    {
        "id": 23395,
        "name": "Energy Bars Almendra y Banana Pack de 3 JUST LOADING",
        "price": 2.35,
        "price_kilo": 31.33,
        "slug": "energy-bars-almendra-y-banana-pack-de-3",
        "description": "Energy Bars Almendra y Banana Pack de 3 75 Gr",
        "image": "https:\/\/cdn-consum.aktiosdigitalservices.com\/tol\/consum\/media\/product\/img\/300x300\/7349061.jpg?t=20250311134206"
    },
    {
        "id": 31259,
        "name": "Frijoles Rojos Guisados en Salsa GOYA",
        "price": 2.35,
        "price_kilo": 5.53,
        "slug": "frijoles-rojos-guisados-en-salsa",
        "description": "Frijoles Rojos Guisados en Salsa 425 Gr",
        "image": "https:\/\/cdn-consum.aktiosdigitalservices.com\/tol\/consum\/media\/product\/img\/300x300\/7414931.jpg?t=20250227094444"
    },
    {
        "id": 9613,
        "name": "Tinto de Verano Lim\u00f3n LA CASERA",
        "price": 1.99,
        "price_kilo": 1.33,
        "slug": "tinto-de-verano-limon",
        "description": "Tinto de Verano Lim\u00f3n 1,5 L",
        "image": "https:\/\/cdn-consum.aktiosdigitalservices.com\/tol\/consum\/media\/product\/img\/300x300\/7177202.jpg?t=20250227091125"
    },
    {
        "id": 9614,
        "name": "Tinto de Verano Cl\u00e1sico LA CASERA",
        "price": 1.99,
        "price_kilo": 1.33,
        "slug": "tinto-de-verano-clasico",
        "description": "Tinto de Verano Cl\u00e1sico 1,5 L",
        "image": "https:\/\/cdn-consum.aktiosdigitalservices.com\/tol\/consum\/media\/product\/img\/300x300\/7177228.jpg?t=20250227091130"
    },
    {
        "id": 12550,
        "name": "Tinto de Verano Lim\u00f3n0.0 sin Alcohol Botella Pet LA CASERA",
        "price": 1.99,
        "price_kilo": 1.33,
        "slug": "tinto-de-verano-limon00-sin-alcohol-botella-pet",
        "description": "Tinto de Verano Lim\u00f3n0.0 sin Alcohol Botella Pet 1,5 L",
        "image": "https:\/\/cdn-consum.aktiosdigitalservices.com\/tol\/consum\/media\/product\/img\/300x300\/7220981.jpg?t=20250227091722"
    },
    {
        "id": 6195,
        "name": "Protege Slip Transpirable m\u00e1s 4 ud Regalo CAREFREE",
        "price": 1.89,
        "price_kilo": 0.04,
        "slug": "protege-slip-transpirable-mas-4-ud-regalo",
        "description": "Protege Slip Transpirable m\u00e1s 4 ud Regalo 44 U",
        "image": "https:\/\/cdn-consum.aktiosdigitalservices.com\/tol\/consum\/media\/product\/img\/300x300\/7108116.jpg?t=20250312160005"
    },
    {
        "id": 8429,
        "name": "Pastelito Tigret\u00f3n Pack de 3 TIGRETON",
        "price": 1.99,
        "price_kilo": 13.26,
        "slug": "pastelito-tigreton-pack-de-3",
        "description": "Pastelito Tigret\u00f3n Pack de 3 3 x 50 Gr",
        "image": "https:\/\/cdn-consum.aktiosdigitalservices.com\/tol\/consum\/media\/product\/img\/300x300\/7214521.jpg?t=20250311105221"
    },
    {
        "id": 8978,
        "name": "Pastelito Pantera Rosa Pack de 3 PANTERA ROSA",
        "price": 1.99,
        "price_kilo": 12.06,
        "slug": "pastelito-pantera-rosa-pack-de-3",
        "description": "Pastelito Pantera Rosa Pack de 3 3 x 55 Gr",
        "image": "https:\/\/cdn-consum.aktiosdigitalservices.com\/tol\/consum\/media\/product\/img\/300x300\/7214518.jpg?t=20250311105218"
    },
    {
        "id": 21435,
        "name": "Bebida L\u00e1ctea 0%0% Prote\u00edna Fresa-Frambues YOPRO DANONE",
        "price": 1.99,
        "price_kilo": 6.64,
        "slug": "bebida-lactea-00-proteina-fresa-frambues",
        "description": "Bebida L\u00e1ctea 0%0% Prote\u00edna Fresa-Frambues 300 ml",
        "image": "https:\/\/cdn-consum.aktiosdigitalservices.com\/tol\/consum\/media\/product\/img\/300x300\/7334394.jpg?t=20250227093157"
    },
    {
        "id": 27400,
        "name": "Pechuga de Pavo Corte Fresco ELPOZO 1954",
        "price": 2.39,
        "price_kilo": 19.92,
        "slug": "pechuga-de-pavo-corte-fresco",
        "description": "Pechuga de Pavo Corte Fresco 120 Gr",
        "image": "https:\/\/cdn-consum.aktiosdigitalservices.com\/tol\/consum\/media\/product\/img\/300x300\/7382638.jpg?t=20250227093838"
    },
    {
        "id": 33214,
        "name": "Bebida L\u00e1ctea 0%0% Prote\u00edna Stracciatella YOPRO DANONE",
        "price": 1.99,
        "price_kilo": 6.64,
        "slug": "bebida-lactea-00-proteina-stracciatella",
        "description": "Bebida L\u00e1ctea 0%0% Prote\u00edna Stracciatella 300 ml",
        "image": "https:\/\/cdn-consum.aktiosdigitalservices.com\/tol\/consum\/media\/product\/img\/300x300\/7430986.jpg?t=20250227094930"
    },
    {
        "id": 6324,
        "name": "Salsa Fresca de Setas Boletus RANA",
        "price": 2.4,
        "price_kilo": 13.33,
        "slug": "salsa-fresca-de-setas-boletus",
        "description": "Salsa Fresca de Setas Boletus 180 Gr",
        "image": "https:\/\/cdn-consum.aktiosdigitalservices.com\/tol\/consum\/media\/product\/img\/300x300\/7120843.jpg?t=20250312125151"
    },
    {
        "id": 6325,
        "name": "Salsa Fresca de Queso Parmigiano Regiano RANA",
        "price": 2.4,
        "price_kilo": 13.33,
        "slug": "salsa-fresca-de-queso-parmigiano-regiano",
        "description": "Salsa Fresca de Queso Parmigiano Regiano 180 Gr",
        "image": "https:\/\/cdn-consum.aktiosdigitalservices.com\/tol\/consum\/media\/product\/img\/300x300\/7120848.jpg?t=20250312125153"
    },
    {
        "id": 10045,
        "name": "Salsa Fresca al Pesto Verde RANA",
        "price": 2.4,
        "price_kilo": 17.14,
        "slug": "salsa-fresca-al-pesto-verde",
        "description": "Salsa Fresca al Pesto Verde 140 Gr",
        "image": "https:\/\/cdn-consum.aktiosdigitalservices.com\/tol\/consum\/media\/product\/img\/300x300\/7120835.jpg?t=20250312125148"
    },
    {
        "id": 23820,
        "name": "Leche Semidesnatada Botella ASTURIANA",
        "price": 2.32,
        "price_kilo": 1.06,
        "slug": "leche-semidesnatada-botella",
        "description": "Leche Semidesnatada Botella 2,2 L",
        "image": "https:\/\/cdn-consum.aktiosdigitalservices.com\/tol\/consum\/media\/product\/img\/300x300\/7353290.jpg?t=20250312092804"
    },
    {
        "id": 4699,
        "name": "Tortillas de Trigo Paquete 8 Unidades OLD EL PASO",
        "price": 2.09,
        "price_kilo": 6.42,
        "slug": "tortillas-de-trigo-paquete-8-unidades",
        "description": "Tortillas de Trigo Paquete 8 Unidades 326 Gr",
        "image": "https:\/\/cdn-consum.aktiosdigitalservices.com\/tol\/consum\/media\/product\/img\/300x300\/53553.jpg?t=20250318075638"
    },
    {
        "id": 4851,
        "name": "Pan Molde S\u00e1ndwich BIMBO",
        "price": 1.99,
        "price_kilo": 2.84,
        "slug": "pan-molde-sandwich",
        "description": "Pan Molde S\u00e1ndwich 700 Gr",
        "image": "https:\/\/cdn-consum.aktiosdigitalservices.com\/tol\/consum\/media\/product\/img\/300x300\/305425.jpg?t=20250313075750"
    },
    {
        "id": 24037,
        "name": "Mini Tortilla Trigo Paquete 8 Unidades OLD EL PASO",
        "price": 2.09,
        "price_kilo": 9.5,
        "slug": "mini-tortilla-trigo-paquete-8-unidades",
        "description": "Mini Tortilla Trigo Paquete 8 Unidades 220 Gr",
        "image": "https:\/\/cdn-consum.aktiosdigitalservices.com\/tol\/consum\/media\/product\/img\/300x300\/7354889.jpg?t=20250311134233"
    },
    {
        "id": 39722,
        "name": "Mayonesa Trufa HELLMANN'S",
        "price": 1.39,
        "price_kilo": 5.56,
        "slug": "mayonesa-trufa",
        "description": "Mayonesa Trufa 250 ml",
        "image": "https:\/\/cdn-consum.aktiosdigitalservices.com\/tol\/consum\/media\/product\/img\/300x300\/7454247.jpg?t=20250313081501"
    },
    {
        "id": 39723,
        "name": "Mayonesa Ajo Asado HELLMANN'S",
        "price": 1.39,
        "price_kilo": 5.56,
        "slug": "mayonesa-ajo-asado",
        "description": "Mayonesa Ajo Asado 250 ml",
        "image": "https:\/\/cdn-consum.aktiosdigitalservices.com\/tol\/consum\/media\/product\/img\/300x300\/7454259.jpg?t=20250313081503"
    },
    {
        "id": 5161,
        "name": "Vino Tinto Joven D.O.Utiel-Requena V.ENTERIZO",
        "price": 2.2,
        "price_kilo": 2.93,
        "slug": "vino-tinto-joven-doutiel-requena",
        "description": "Vino Tinto Joven D.O.Utiel-Requena 0,75 L",
        "image": "https:\/\/cdn-consum.aktiosdigitalservices.com\/tol\/consum\/media\/product\/img\/300x300\/913546.jpg?t=20250227090114"
    },
    {
        "id": 5440,
        "name": "Vino Blanco D.O.Utiel-Requena V.ENTERIZO",
        "price": 2.2,
        "price_kilo": 2.93,
        "slug": "vino-blanco-doutiel-requena",
        "description": "Vino Blanco D.O.Utiel-Requena 0,75 L",
        "image": "https:\/\/cdn-consum.aktiosdigitalservices.com\/tol\/consum\/media\/product\/img\/300x300\/7019636.jpg?t=20250227090339"
    },
    {
        "id": 5709,
        "name": "Aceitunas Rellenas Anchoa Cant\u00e1brico Lata JOLCA",
        "price": 1.99,
        "price_kilo": 13.27,
        "slug": "aceitunas-rellenas-anchoa-cantabrico-lata",
        "description": "Aceitunas Rellenas Anchoa Cant\u00e1brico Lata 150 Gr",
        "image": "https:\/\/cdn-consum.aktiosdigitalservices.com\/tol\/consum\/media\/product\/img\/300x300\/7055155.jpg?t=20250318075930"
    },
    {
        "id": 9214,
        "name": "Vino Rosado D.O.Utiel-Requena V.ENTERIZO",
        "price": 2.2,
        "price_kilo": 2.93,
        "slug": "vino-rosado-doutiel-requena",
        "description": "Vino Rosado D.O.Utiel-Requena 0,75 L",
        "image": "https:\/\/cdn-consum.aktiosdigitalservices.com\/tol\/consum\/media\/product\/img\/300x300\/904557.jpg?t=20250227090112"
    },
    {
        "id": 9248,
        "name": "Vino Tinto Joven D.O.Alicante VI\u00d1A ALCANTA",
        "price": 2.25,
        "price_kilo": 3,
        "slug": "vino-tinto-joven-doalicante",
        "description": "Vino Tinto Joven D.O.Alicante 0,75 L",
        "image": "https:\/\/cdn-consum.aktiosdigitalservices.com\/tol\/consum\/media\/product\/img\/300x300\/7052884.jpg?t=20250312092742"
    },
    {
        "id": 9480,
        "name": "Film Transparente ALBAL",
        "price": 2.15,
        "price_kilo": 0.07,
        "slug": "film-transparente",
        "description": "Film Transparente 30 M",
        "image": "https:\/\/cdn-consum.aktiosdigitalservices.com\/tol\/consum\/media\/product\/img\/300x300\/7010150.jpg?t=20250227090326"
    },
    {
        "id": 9870,
        "name": "Arroz Especial Paella D.O. Valencia Paquete LA FALLERA",
        "price": 2.15,
        "price_kilo": 2.15,
        "slug": "arroz-especial-paella-do-valencia-paquete",
        "description": "Arroz Especial Paella D.O. Valencia Paquete 1 Kg",
        "image": "https:\/\/cdn-consum.aktiosdigitalservices.com\/tol\/consum\/media\/product\/img\/300x300\/7001746.jpg?t=20250322075803"
    },
    {
        "id": 10659,
        "name": "Salsa Curry con Mango HEINZ",
        "price": 2.15,
        "price_kilo": 9.56,
        "slug": "salsa-curry-con-mango",
        "description": "Salsa Curry con Mango 225 Gr",
        "image": "https:\/\/cdn-consum.aktiosdigitalservices.com\/tol\/consum\/media\/product\/img\/300x300\/7088755.jpg?t=20250227090634"
    },
    {
        "id": 11452,
        "name": "Mermelada Albaricoque HERO",
        "price": 2.09,
        "price_kilo": 6.34,
        "slug": "mermelada-albaricoque",
        "description": "Mermelada Albaricoque 330 Gr",
        "image": "https:\/\/cdn-consum.aktiosdigitalservices.com\/tol\/consum\/media\/product\/img\/300x300\/330019.jpg?t=20250311103141"
    },
    {
        "id": 11453,
        "name": "Mermelada Ciruela HERO",
        "price": 2.09,
        "price_kilo": 6.34,
        "slug": "mermelada-ciruela",
        "description": "Mermelada Ciruela 330 Gr",
        "image": "https:\/\/cdn-consum.aktiosdigitalservices.com\/tol\/consum\/media\/product\/img\/300x300\/330035.jpg?t=20250311103144"
    },
    {
        "id": 11959,
        "name": "Hogaza de Pan Tostado 9 Cereales RECONDO",
        "price": 1.99,
        "price_kilo": 8.3,
        "slug": "hogaza-de-pan-tostado-9-cereales",
        "description": "Hogaza de Pan Tostado 9 Cereales 240 Gr",
        "image": "https:\/\/cdn-consum.aktiosdigitalservices.com\/tol\/consum\/media\/product\/img\/300x300\/7116994.jpg?t=20250311104542"
    },
    {
        "id": 12023,
        "name": "Hogaza de Pan R\u00fastico RECONDO",
        "price": 1.99,
        "price_kilo": 8.3,
        "slug": "hogaza-de-pan-rustico",
        "description": "Hogaza de Pan R\u00fastico 240 Gr",
        "image": "https:\/\/cdn-consum.aktiosdigitalservices.com\/tol\/consum\/media\/product\/img\/300x300\/7198807.jpg?t=20250311105114"
    },
    {
        "id": 15545,
        "name": "Caff\u00e8 Latte Mr. Big Capuccino KAIKU",
        "price": 1.99,
        "price_kilo": 5.38,
        "slug": "caffe-latte-mr-big-capuccino",
        "description": "Caff\u00e8 Latte Mr. Big Capuccino 370 ml",
        "image": "https:\/\/cdn-consum.aktiosdigitalservices.com\/tol\/consum\/media\/product\/img\/300x300\/7288111.jpg?t=20250227092550"
    },
    {
        "id": 16409,
        "name": "Hogaza Integral RECONDO",
        "price": 1.99,
        "price_kilo": 8.3,
        "slug": "hogaza-integral",
        "description": "Hogaza Integral 240 Gr",
        "image": "https:\/\/cdn-consum.aktiosdigitalservices.com\/tol\/consum\/media\/product\/img\/300x300\/7297872.jpg?t=20250311110328"
    },
    {
        "id": 17811,
        "name": "Mermelada de Fresa HERO",
        "price": 2.09,
        "price_kilo": 6.34,
        "slug": "mermelada-de-fresa",
        "description": "Mermelada de Fresa 330 Gr",
        "image": "https:\/\/cdn-consum.aktiosdigitalservices.com\/tol\/consum\/media\/product\/img\/300x300\/7305204.jpg?t=20250311110432"
    },
    {
        "id": 17939,
        "name": "Mermelada Melocot\u00f3n HERO",
        "price": 2.09,
        "price_kilo": 6.34,
        "slug": "mermelada-melocoton",
        "description": "Mermelada Melocot\u00f3n 330 Gr",
        "image": "https:\/\/cdn-consum.aktiosdigitalservices.com\/tol\/consum\/media\/product\/img\/300x300\/7305212.jpg?t=20250311110435"
    },
    {
        "id": 19346,
        "name": "Zumo Pi\u00f1a 100% Free JUVER",
        "price": 2.19,
        "price_kilo": 2.19,
        "slug": "zumo-pina-100-free",
        "description": "Zumo Pi\u00f1a 100% Free 1 L",
        "image": "https:\/\/cdn-consum.aktiosdigitalservices.com\/tol\/consum\/media\/product\/img\/300x300\/7319648.jpg?t=20250227092945"
    },
    {
        "id": 21833,
        "name": "Crema Nutrici\u00f3n Intensa Piel Seca DOVE",
        "price": 2.49,
        "price_kilo": 1.66,
        "slug": "crema-nutricion-intensa-piel-seca",
        "description": "Crema Nutrici\u00f3n Intensa Piel Seca 150 ml",
        "image": "https:\/\/cdn-consum.aktiosdigitalservices.com\/tol\/consum\/media\/product\/img\/300x300\/7337335.jpg?t=20250227093208"
    },
    {
        "id": 26222,
        "name": "Zumo Manzana 100% Free JUVER",
        "price": 2.19,
        "price_kilo": 2.19,
        "slug": "zumo-manzana-100-free",
        "description": "Zumo Manzana 100% Free 1 L",
        "image": "https:\/\/cdn-consum.aktiosdigitalservices.com\/tol\/consum\/media\/product\/img\/300x300\/7372878.jpg?t=20250227093645"
    },
    {
        "id": 31809,
        "name": "Desodorante Roll-on Original DOVE",
        "price": 2.49,
        "price_kilo": 4.98,
        "slug": "desodorante-roll-on-original",
        "description": "Desodorante Roll-on Original 50 ml",
        "image": "https:\/\/cdn-consum.aktiosdigitalservices.com\/tol\/consum\/media\/product\/img\/300x300\/7419419.jpg?t=20250312161211"
    },
    {
        "id": 32596,
        "name": "Tarrito Solo Eco Calabaza Patata Guisantes Br\u00f3coli HERO",
        "price": 2.49,
        "price_kilo": 13.11,
        "slug": "tarrito-solo-eco-calabaza-patata-guisantes-brocoli",
        "description": "Tarrito Solo Eco Calabaza Patata Guisantes Br\u00f3coli 190 Gr",
        "image": "https:\/\/cdn-consum.aktiosdigitalservices.com\/tol\/consum\/media\/product\/img\/300x300\/7425960.jpg?t=20250312092836"
    },
    {
        "id": 33360,
        "name": "Tarrito Solo Zanahorias Guisantes y Merluza HERO",
        "price": 2.49,
        "price_kilo": 13.11,
        "slug": "tarrito-solo-zanahorias-guisantes-y-merluza",
        "description": "Tarrito Solo Zanahorias Guisantes y Merluza 190 Gr",
        "image": "https:\/\/cdn-consum.aktiosdigitalservices.com\/tol\/consum\/media\/product\/img\/300x300\/7432011.jpg?t=20250312092841"
    },
    {
        "id": 39708,
        "name": "Patatas Churrer\u00eda Bolsa SANTA ANA",
        "price": 2.07,
        "price_kilo": 7.93,
        "slug": "patatas-churreria-bolsa",
        "description": "Patatas Churrer\u00eda Bolsa 261 Gr",
        "image": "https:\/\/cdn-consum.aktiosdigitalservices.com\/tol\/consum\/media\/product\/img\/300x300\/7453053.jpg?t=20250313081448"
    },
    {
        "id": 28681,
        "name": "Copos Avena Integral sin Gluten ESGIR",
        "price": 1.99,
        "price_kilo": 4.43,
        "slug": "copos-avena-integral-sin-gluten",
        "description": "Copos Avena Integral sin Gluten 450 Gr",
        "image": "https:\/\/cdn-consum.aktiosdigitalservices.com\/tol\/consum\/media\/product\/img\/300x300\/7394526.jpg?t=20250311134534"
    },
    {
        "id": 4955,
        "name": "Fabada Asturiana Bote LITORAL",
        "price": 2.3,
        "price_kilo": 5.47,
        "slug": "fabada-asturiana-bote",
        "description": "Fabada Asturiana Bote 435 Gr",
        "image": "https:\/\/cdn-consum.aktiosdigitalservices.com\/tol\/consum\/media\/product\/img\/300x300\/372219.jpg?t=20250227085932"
    },
    {
        "id": 10572,
        "name": "Ajo Tarro DUCROS",
        "price": 2.55,
        "price_kilo": 43.97,
        "slug": "ajo-tarro",
        "description": "Ajo Tarro 58 Gr",
        "image": "https:\/\/cdn-consum.aktiosdigitalservices.com\/tol\/consum\/media\/product\/img\/300x300\/308759.jpg?t=20250227085754"
    },
    {
        "id": 31808,
        "name": "Desodorante Roll-on Invisible DOVE",
        "price": 2.55,
        "price_kilo": 5.1,
        "slug": "desodorante-roll-on-invisible",
        "description": "Desodorante Roll-on Invisible 50 ml",
        "image": "https:\/\/cdn-consum.aktiosdigitalservices.com\/tol\/consum\/media\/product\/img\/300x300\/7419398.jpg?t=20250312161207"
    },
    {
        "id": 10593,
        "name": "Sazonador para Paella Valencia Caja DUCROS",
        "price": 2.59,
        "price_kilo": 28.78,
        "slug": "sazonador-para-paella-valencia-caja",
        "description": "Sazonador para Paella Valencia Caja 9 Gr",
        "image": "https:\/\/cdn-consum.aktiosdigitalservices.com\/tol\/consum\/media\/product\/img\/300x300\/689661.jpg?t=20250322075711"
    },
    {
        "id": 21103,
        "name": "Kombucha Frutos Rojos Bebida Org\u00e1nica KOMVIDA",
        "price": 2.2,
        "price_kilo": 8.8,
        "slug": "kombucha-frutos-rojos-bebida-organica",
        "description": "Kombucha Frutos Rojos Bebida Org\u00e1nica 250 ml",
        "image": "https:\/\/cdn-consum.aktiosdigitalservices.com\/tol\/consum\/media\/product\/img\/300x300\/7331622.jpg?t=20250312125655"
    },
    {
        "id": 26384,
        "name": "Kombucha Jengibre y Lim\u00f3n Bebida Org\u00e1nica KOMVIDA",
        "price": 2.2,
        "price_kilo": 8.8,
        "slug": "kombucha-jengibre-y-limon-bebida-organica",
        "description": "Kombucha Jengibre y Lim\u00f3n Bebida Org\u00e1nica 250 ml",
        "image": "https:\/\/cdn-consum.aktiosdigitalservices.com\/tol\/consum\/media\/product\/img\/300x300\/7374309.jpg?t=20250312125832"
    },
    {
        "id": 27002,
        "name": "Barrita Cereales Crunchy Avena y Miel Pack 5 NAT.VALLEY",
        "price": 1.99,
        "price_kilo": 9.47,
        "slug": "barrita-cereales-crunchy-avena-y-miel-pack-5",
        "description": "Barrita Cereales Crunchy Avena y Miel Pack 5 210 Gr",
        "image": "https:\/\/cdn-consum.aktiosdigitalservices.com\/tol\/consum\/media\/product\/img\/300x300\/7379725.jpg?t=20250311134409"
    },
    {
        "id": 27003,
        "name": "Barrita Cereales Crunchy Avena y Choco Negro P.5 NAT.VALLEY",
        "price": 1.99,
        "price_kilo": 9.47,
        "slug": "barrita-cereales-crunchy-avena-y-choco-negro-p5",
        "description": "Barrita Cereales Crunchy Avena y Choco Negro P.5 210 Gr",
        "image": "https:\/\/cdn-consum.aktiosdigitalservices.com\/tol\/consum\/media\/product\/img\/300x300\/7379733.jpg?t=20250311134412"
    },
    {
        "id": 28186,
        "name": "Bagels Cl\u00e1sico 4 Unidades BIMBO",
        "price": 2.25,
        "price_kilo": 7.5,
        "slug": "bagels-clasico-4-unidades",
        "description": "Bagels Cl\u00e1sico 4 Unidades 300 Gr",
        "image": "https:\/\/cdn-consum.aktiosdigitalservices.com\/tol\/consum\/media\/product\/img\/300x300\/7390078.jpg?t=20250311111858"
    },
    {
        "id": 28187,
        "name": "Bagels Semillas 4 Unidades BIMBO",
        "price": 2.25,
        "price_kilo": 7.5,
        "slug": "bagels-semillas-4-unidades",
        "description": "Bagels Semillas 4 Unidades 300 Gr",
        "image": "https:\/\/cdn-consum.aktiosdigitalservices.com\/tol\/consum\/media\/product\/img\/300x300\/7390086.jpg?t=20250311111901"
    },
    {
        "id": 34105,
        "name": "Kombucha Superglow Bebida Org\u00e1nica KOMVIDA",
        "price": 2.2,
        "price_kilo": 8.8,
        "slug": "kombucha-superglow-bebida-organica",
        "description": "Kombucha Superglow Bebida Org\u00e1nica 250 ml",
        "image": "https:\/\/cdn-consum.aktiosdigitalservices.com\/tol\/consum\/media\/product\/img\/300x300\/7437551.jpg?t=20250312130335"
    },
    {
        "id": 34177,
        "name": "Salsa Fresca Trufa Negra RANA",
        "price": 2.59,
        "price_kilo": 17.27,
        "slug": "salsa-fresca-trufa-negra",
        "description": "Salsa Fresca Trufa Negra 150 Gr",
        "image": "https:\/\/cdn-consum.aktiosdigitalservices.com\/tol\/consum\/media\/product\/img\/300x300\/7438125.jpg?t=20250312130342"
    },
    {
        "id": 35856,
        "name": "Kombucha Fibra Bebida Org\u00e1nica KOMVIDA",
        "price": 2.2,
        "price_kilo": 8.8,
        "slug": "kombucha-fibra-bebida-organica",
        "description": "Kombucha Fibra Bebida Org\u00e1nica 250 ml",
        "image": "https:\/\/cdn-consum.aktiosdigitalservices.com\/tol\/consum\/media\/product\/img\/300x300\/7451029.jpg?t=20250312092916"
    },
    {
        "id": 6692,
        "name": "Patatas Original PRINGLES",
        "price": 1.99,
        "price_kilo": 12.06,
        "slug": "patatas-original",
        "description": "Patatas Original 165 Gr",
        "image": "https:\/\/cdn-consum.aktiosdigitalservices.com\/tol\/consum\/media\/product\/img\/300x300\/7168649.jpg?t=20250227091039"
    },
    {
        "id": 6693,
        "name": "Patatas Sour Cream PRINGLES",
        "price": 1.99,
        "price_kilo": 12.06,
        "slug": "patatas-sour-cream",
        "description": "Patatas Sour Cream 165 Gr",
        "image": "https:\/\/cdn-consum.aktiosdigitalservices.com\/tol\/consum\/media\/product\/img\/300x300\/7168651.jpg?t=20250227091041"
    },
    {
        "id": 8405,
        "name": "Galletas de Cacao Rellenas de Crema OREO",
        "price": 2.6,
        "price_kilo": 11.82,
        "slug": "galletas-de-cacao-rellenas-de-crema",
        "description": "Galletas de Cacao Rellenas de Crema 220 Gr",
        "image": "https:\/\/cdn-consum.aktiosdigitalservices.com\/tol\/consum\/media\/product\/img\/300x300\/7194517.jpg?t=20250312160222"
    },
    {
        "id": 10993,
        "name": "Escamas de Queso Parmigiano Reggiano FERRARINI",
        "price": 2.34,
        "price_kilo": 29.25,
        "slug": "escamas-de-queso-parmigiano-reggiano",
        "description": "Escamas de Queso Parmigiano Reggiano 80 Gr",
        "image": "https:\/\/cdn-consum.aktiosdigitalservices.com\/tol\/consum\/media\/product\/img\/300x300\/7260664.jpg?t=20250227092256"
    },
    {
        "id": 5702,
        "name": "Galleta Mar\u00eda sin Az\u00facares GULLON ZERO",
        "price": 2.15,
        "price_kilo": 5.38,
        "slug": "galleta-maria-sin-azucares",
        "description": "Galleta Mar\u00eda sin Az\u00facares 400 Gr",
        "image": "https:\/\/cdn-consum.aktiosdigitalservices.com\/tol\/consum\/media\/product\/img\/300x300\/7054294.jpg?t=20250321075742"
    },
    {
        "id": 9969,
        "name": "Galleta Desayuno sin Az\u00facares GULLON ZERO",
        "price": 2.15,
        "price_kilo": 9.95,
        "slug": "galleta-desayuno-sin-azucares",
        "description": "Galleta Desayuno sin Az\u00facares 216 Gr",
        "image": "https:\/\/cdn-consum.aktiosdigitalservices.com\/tol\/consum\/media\/product\/img\/300x300\/7246304.jpg?t=20250311105615"
    },
    {
        "id": 16843,
        "name": "Pan de Leche 8 Unidades PASQUIER",
        "price": 1.99,
        "price_kilo": 7.1,
        "slug": "pan-de-leche-8-unidades",
        "description": "Pan de Leche 8 Unidades 280 Gr",
        "image": "https:\/\/cdn-consum.aktiosdigitalservices.com\/tol\/consum\/media\/product\/img\/300x300\/7250645.jpg?t=20250313080350"
    },
    {
        "id": 28678,
        "name": "Comida Gato Fantastic Pescado FELIX",
        "price": 2.65,
        "price_kilo": 7.79,
        "slug": "comida-gato-fantastic-pescado",
        "description": "Comida Gato Fantastic Pescado 4 x 85 Gr",
        "image": "https:\/\/cdn-consum.aktiosdigitalservices.com\/tol\/consum\/media\/product\/img\/300x300\/7394513.jpg?t=20250227094037"
    },
    {
        "id": 28863,
        "name": "Leche Entera Botella ASTURIANA",
        "price": 2.53,
        "price_kilo": 1.15,
        "slug": "leche-entera-botella",
        "description": "Leche Entera Botella 2,2 L",
        "image": "https:\/\/cdn-consum.aktiosdigitalservices.com\/tol\/consum\/media\/product\/img\/300x300\/7396476.jpg?t=20250312092816"
    },
    {
        "id": 29808,
        "name": "Galletas Finas Avena Chocoleche GULLON ZERO",
        "price": 2.15,
        "price_kilo": 14.34,
        "slug": "galletas-finas-avena-chocoleche",
        "description": "Galletas Finas Avena Chocoleche 150 Gr",
        "image": "https:\/\/cdn-consum.aktiosdigitalservices.com\/tol\/consum\/media\/product\/img\/300x300\/7403686.jpg?t=20250311112126"
    },
    {
        "id": 29809,
        "name": "Galleta Fina Chocoleche GULLON ZERO",
        "price": 2.15,
        "price_kilo": 14.34,
        "slug": "galleta-fina-chocoleche",
        "description": "Galleta Fina Chocoleche 150 Gr",
        "image": "https:\/\/cdn-consum.aktiosdigitalservices.com\/tol\/consum\/media\/product\/img\/300x300\/7403694.jpg?t=20250311112129"
    },
    {
        "id": 32964,
        "name": "Caracol Cabrilla PERIBA\u00d1EZ",
        "price": 2.38,
        "price_kilo": 7.93,
        "slug": "caracol-cabrilla",
        "description": "Caracol Cabrilla 300 Gr",
        "image": "https:\/\/cdn-consum.aktiosdigitalservices.com\/tol\/consum\/media\/product\/img\/300x300\/7429066.jpg?t=20250318080727"
    },
    {
        "id": 32998,
        "name": "Margarina Vegetal Tarrina TULIPAN",
        "price": 2.65,
        "price_kilo": 6.63,
        "slug": "margarina-vegetal-tarrina",
        "description": "Margarina Vegetal Tarrina 400 Gr",
        "image": "https:\/\/cdn-consum.aktiosdigitalservices.com\/tol\/consum\/media\/product\/img\/300x300\/7430171.jpg?t=20250227094907"
    },
    {
        "id": 33097,
        "name": "Margarina con Sal Tarrina TULIPAN",
        "price": 2.65,
        "price_kilo": 6.63,
        "slug": "margarina-con-sal-tarrina",
        "description": "Margarina con Sal Tarrina 400 Gr",
        "image": "https:\/\/cdn-consum.aktiosdigitalservices.com\/tol\/consum\/media\/product\/img\/300x300\/7430189.jpg?t=20250227094908"
    },
    {
        "id": 34128,
        "name": "Galletas Digestive Avena sin Az\u00facares GULLON ZERO",
        "price": 1.99,
        "price_kilo": 4.85,
        "slug": "galletas-digestive-avena-sin-azucares",
        "description": "Galletas Digestive Avena sin Az\u00facares 410 Gr",
        "image": "https:\/\/cdn-consum.aktiosdigitalservices.com\/tol\/consum\/media\/product\/img\/300x300\/7438617.jpg?t=20250311113258"
    },
    {
        "id": 5377,
        "name": "Galleta Chips Chocolate sin Az\u00facares GULLON ZERO",
        "price": 1.99,
        "price_kilo": 15.92,
        "slug": "galleta-chips-chocolate-sin-azucares",
        "description": "Galleta Chips Chocolate sin Az\u00facares 125 Gr",
        "image": "https:\/\/cdn-consum.aktiosdigitalservices.com\/tol\/consum\/media\/product\/img\/300x300\/6013148.jpg?t=20250312155847"
    },
    {
        "id": 5816,
        "name": "Salsa Bechamel Brik RENY PICOT",
        "price": 1.99,
        "price_kilo": 3.98,
        "slug": "salsa-bechamel-brik",
        "description": "Salsa Bechamel Brik 500 ml",
        "image": "https:\/\/cdn-consum.aktiosdigitalservices.com\/tol\/consum\/media\/product\/img\/300x300\/7068914.jpg?t=20250311104051"
    },
    {
        "id": 6933,
        "name": "Rollitos de Primavera congelados MAHESO",
        "price": 2.29,
        "price_kilo": 10.18,
        "slug": "rollitos-de-primavera-congelados",
        "description": "Rollitos de Primavera congelados 225 Gr",
        "image": "https:\/\/cdn-consum.aktiosdigitalservices.com\/tol\/consum\/media\/product\/img\/300x300\/7187057.jpg?t=20250227091210"
    },
    {
        "id": 21941,
        "name": "Cepillo Sensibilidad y Enc\u00edas SENSODYNE",
        "price": 2.69,
        "price_kilo": 2.69,
        "slug": "cepillo-sensibilidad-y-encias",
        "description": "Cepillo Sensibilidad y Enc\u00edas 1 U",
        "image": "https:\/\/cdn-consum.aktiosdigitalservices.com\/tol\/consum\/media\/product\/img\/300x300\/7338671.jpg?t=20250227093219"
    },
    {
        "id": 28952,
        "name": "Lavavajillas Mano Ultra Plus MISTOL",
        "price": 2.69,
        "price_kilo": 4.14,
        "slug": "lavavajillas-mano-ultra-plus",
        "description": "Lavavajillas Mano Ultra Plus 0,65 L",
        "image": "https:\/\/cdn-consum.aktiosdigitalservices.com\/tol\/consum\/media\/product\/img\/300x300\/7398147.jpg?t=20250313080937"
    },
    {
        "id": 34103,
        "name": "Crema de Cacahuete Crujiente 100% Natural WE NATURAL",
        "price": 2.69,
        "price_kilo": 5.66,
        "slug": "crema-de-cacahuete-crujiente-100-natural",
        "description": "Crema de Cacahuete Crujiente 100% Natural 475 Gr",
        "image": "https:\/\/cdn-consum.aktiosdigitalservices.com\/tol\/consum\/media\/product\/img\/300x300\/7437275.jpg?t=20250322080102"
    },
    {
        "id": 39604,
        "name": "Patatas Fritas Onduladas Pack Ahorro RUFFLES",
        "price": 1.95,
        "price_kilo": 7.87,
        "slug": "patatas-fritas-onduladas-pack-ahorro",
        "description": "Patatas Fritas Onduladas Pack Ahorro 248 Gr",
        "image": "https:\/\/cdn-consum.aktiosdigitalservices.com\/tol\/consum\/media\/product\/img\/300x300\/7453066.jpg?t=20250312092920"
    },
    {
        "id": 43046,
        "name": "Lavavajillas Mano Naturals Vinagre MISTOL",
        "price": 2.69,
        "price_kilo": 4.14,
        "slug": "lavavajillas-mano-naturals-vinagre",
        "description": "Lavavajillas Mano Naturals Vinagre 0,65 L",
        "image": "https:\/\/cdn-consum.aktiosdigitalservices.com\/tol\/consum\/media\/product\/img\/300x300\/7454205.jpg?t=20250318081029"
    },
    {
        "id": 4776,
        "name": "Nata L\u00edquida  Montar Brik ASTURIANA",
        "price": 2.59,
        "price_kilo": 5.18,
        "slug": "nata-liquida-montar-brik",
        "description": "Nata L\u00edquida  Montar Brik 0,5 L",
        "image": "https:\/\/cdn-consum.aktiosdigitalservices.com\/tol\/consum\/media\/product\/img\/300x300\/211862.jpg?t=20250311103032"
    },
    {
        "id": 5335,
        "name": "Nata L\u00edquida Cocinar Brik ASTURIANA",
        "price": 2.59,
        "price_kilo": 5.18,
        "slug": "nata-liquida-cocinar-brik",
        "description": "Nata L\u00edquida Cocinar Brik 0,5 L",
        "image": "https:\/\/cdn-consum.aktiosdigitalservices.com\/tol\/consum\/media\/product\/img\/300x300\/4990735.jpg?t=20250311103710"
    },
    {
        "id": 6704,
        "name": "Tortitas Arroz Sabor Yogur Paquete BICENTURY",
        "price": 2.19,
        "price_kilo": 16.8,
        "slug": "tortitas-arroz-sabor-yogur-paquete",
        "description": "Tortitas Arroz Sabor Yogur Paquete 130,4 Gr",
        "image": "https:\/\/cdn-consum.aktiosdigitalservices.com\/tol\/consum\/media\/product\/img\/300x300\/7169626.jpg?t=20250311133439"
    },
    {
        "id": 9217,
        "name": "Tortitas de Arroz  Chocolate Negro BICENTURY",
        "price": 2.19,
        "price_kilo": 16.84,
        "slug": "tortitas-de-arroz-chocolate-negro",
        "description": "Tortitas de Arroz  Chocolate Negro 130 Gr",
        "image": "https:\/\/cdn-consum.aktiosdigitalservices.com\/tol\/consum\/media\/product\/img\/300x300\/1248699.jpg?t=20250311133009"
    },
    {
        "id": 15298,
        "name": "Tortitas de Arroz Chocolate con Leche BICENTURY",
        "price": 2.19,
        "price_kilo": 16.84,
        "slug": "tortitas-de-arroz-chocolate-con-leche",
        "description": "Tortitas de Arroz Chocolate con Leche 130 Gr",
        "image": "https:\/\/cdn-consum.aktiosdigitalservices.com\/tol\/consum\/media\/product\/img\/300x300\/7285062.jpg?t=20250311133858"
    },
    {
        "id": 28679,
        "name": "Comida Gato Gelatina Sensations Carne FELIX",
        "price": 2.75,
        "price_kilo": 8.09,
        "slug": "comida-gato-gelatina-sensations-carne",
        "description": "Comida Gato Gelatina Sensations Carne 4 x 85 Gr",
        "image": "https:\/\/cdn-consum.aktiosdigitalservices.com\/tol\/consum\/media\/product\/img\/300x300\/7394518.jpg?t=20250227094038"
    },
    {
        "id": 31789,
        "name": "Gel de Ba\u00f1o Activit Protector LACTOVIT",
        "price": 2.75,
        "price_kilo": 0.5,
        "slug": "gel-de-bano-activit-protector",
        "description": "Gel de Ba\u00f1o Activit Protector 550 ml",
        "image": "https:\/\/cdn-consum.aktiosdigitalservices.com\/tol\/consum\/media\/product\/img\/300x300\/7415826.jpg?t=20250312161144"
    },
    {
        "id": 32230,
        "name": "Bomb\u00f3n Avellana Cacao Pack de 4 CONSUM",
        "price": 1.99,
        "price_kilo": 9.75,
        "slug": "bombon-avellana-cacao-pack-de-4",
        "description": "Bomb\u00f3n Avellana Cacao Pack de 4 204 Gr",
        "image": "https:\/\/cdn-consum.aktiosdigitalservices.com\/tol\/consum\/media\/product\/img\/300x300\/7413300.jpg?t=20250312130117"
    },
    {
        "id": 4826,
        "name": "Chocolate L\u00edquido a la Taza Brik RAM",
        "price": 2.25,
        "price_kilo": 2.25,
        "slug": "chocolate-liquido-a-la-taza-brik",
        "description": "Chocolate L\u00edquido a la Taza Brik 1 L",
        "image": "https:\/\/cdn-consum.aktiosdigitalservices.com\/tol\/consum\/media\/product\/img\/300x300\/289462.jpg?t=20250313075748"
    },
    {
        "id": 5357,
        "name": "Rooibos con Vainilla 20 Bolsitas POMPADOUR",
        "price": 2.35,
        "price_kilo": 0.12,
        "slug": "rooibos-con-vainilla-20-bolsitas",
        "description": "Rooibos con Vainilla 20 Bolsitas 20 U",
        "image": "https:\/\/cdn-consum.aktiosdigitalservices.com\/tol\/consum\/media\/product\/img\/300x300\/5542378.jpg?t=20250312155840"
    },
    {
        "id": 5445,
        "name": "Infusi\u00f3n Digestive Plus 20 Bolsitas POMPADOUR",
        "price": 2.35,
        "price_kilo": 0.12,
        "slug": "infusion-digestive-plus-20-bolsitas",
        "description": "Infusi\u00f3n Digestive Plus 20 Bolsitas 20 U",
        "image": "https:\/\/cdn-consum.aktiosdigitalservices.com\/tol\/consum\/media\/product\/img\/300x300\/7020373.jpg?t=20250311103810"
    },
    {
        "id": 6261,
        "name": "Infusi\u00f3n Delgaxan Plus 20 Bolsitas POMPADOUR",
        "price": 2.35,
        "price_kilo": 0.12,
        "slug": "infusion-delgaxan-plus-20-bolsitas",
        "description": "Infusi\u00f3n Delgaxan Plus 20 Bolsitas 20 U",
        "image": "https:\/\/cdn-consum.aktiosdigitalservices.com\/tol\/consum\/media\/product\/img\/300x300\/7116432.jpg?t=20250311104527"
    },
    {
        "id": 6463,
        "name": "Infusi\u00f3n Cola de Caballo Plus 3 Bolsitas 20 Unid. POMPADOUR",
        "price": 2.35,
        "price_kilo": 0.12,
        "slug": "infusion-cola-de-caballo-plus-3-bolsitas-20-unid",
        "description": "Infusi\u00f3n Cola de Caballo Plus 3 Bolsitas 20 Unid. 20 Do",
        "image": "https:\/\/cdn-consum.aktiosdigitalservices.com\/tol\/consum\/media\/product\/img\/300x300\/7152028.jpg?t=20250311104654"
    },
    {
        "id": 7942,
        "name": "Mermelada Diet Naranja Amarga VIEJA FABRIC",
        "price": 2.79,
        "price_kilo": 9.62,
        "slug": "mermelada-diet-naranja-amarga",
        "description": "Mermelada Diet Naranja Amarga 290 Gr",
        "image": "https:\/\/cdn-consum.aktiosdigitalservices.com\/tol\/consum\/media\/product\/img\/300x300\/7240302.jpg?t=20250311105513"
    },
    {
        "id": 9045,
        "name": "Snacks para perros sabor queso y buey Tasty Minis PEDIGREE",
        "price": 2.79,
        "price_kilo": 19.93,
        "slug": "snacks-para-perros-sabor-queso-y-buey-tasty-minis",
        "description": "Snacks para perros sabor queso y buey Tasty Minis Pedigree 140g",
        "image": "https:\/\/cdn-consum.aktiosdigitalservices.com\/tol\/consum\/media\/product\/img\/300x300\/7241854.jpg?t=20250227092012"
    },
    {
        "id": 11027,
        "name": "Pat\u00e9 de At\u00fan Lata Pack de 2 CALVO",
        "price": 2.79,
        "price_kilo": 18.6,
        "slug": "pate-de-atun-lata-pack-de-2",
        "description": "Pat\u00e9 de At\u00fan Lata Pack de 2 2 x 75 Gr",
        "image": "https:\/\/cdn-consum.aktiosdigitalservices.com\/tol\/consum\/media\/product\/img\/300x300\/7264641.jpg?t=20250227092334"
    },
    {
        "id": 11028,
        "name": "Pat\u00e9 de At\u00fan 0% Materia Grasa CALVO",
        "price": 2.79,
        "price_kilo": 18.6,
        "slug": "pate-de-atun-0-materia-grasa",
        "description": "Pat\u00e9 de At\u00fan 0% Materia Grasa 2 x 75 Gr",
        "image": "https:\/\/cdn-consum.aktiosdigitalservices.com\/tol\/consum\/media\/product\/img\/300x300\/7264646.jpg?t=20250227092337"
    },
    {
        "id": 12866,
        "name": "Vino Tinto Crianza D.O.Jumilla CAST.S.SIMON",
        "price": 1.99,
        "price_kilo": 2.65,
        "slug": "vino-tinto-crianza-dojumilla",
        "description": "Vino Tinto Crianza D.O.Jumilla 0,75 L",
        "image": "https:\/\/cdn-consum.aktiosdigitalservices.com\/tol\/consum\/media\/product\/img\/300x300\/7120389.jpg?t=20250227090827"
    },
    {
        "id": 17579,
        "name": "Nata Montada Spray Bote PULEVA",
        "price": 2.25,
        "price_kilo": 9,
        "slug": "nata-montada-spray-bote",
        "description": "Nata Montada Spray Bote 250 Gr",
        "image": "https:\/\/cdn-consum.aktiosdigitalservices.com\/tol\/consum\/media\/product\/img\/300x300\/7261378.jpg?t=20250318080939"
    },
    {
        "id": 22462,
        "name": "Yogolino Melocot\u00f3n y Pl\u00e1tano 0% Az\u00facar NESTLE",
        "price": 2.35,
        "price_kilo": 5.88,
        "slug": "yogolino-melocoton-y-platano-0-azucar",
        "description": "Yogolino Melocot\u00f3n y Pl\u00e1tano 0% Az\u00facar 4 x 100 Gr",
        "image": "https:\/\/cdn-consum.aktiosdigitalservices.com\/tol\/consum\/media\/product\/img\/300x300\/7339703.jpg?t=20250311110947"
    },
    {
        "id": 22466,
        "name": "Yogolino Fresa y Pl\u00e1tano 0% Az\u00facar NESTLE",
        "price": 2.35,
        "price_kilo": 5.88,
        "slug": "yogolino-fresa-y-platano-0-azucar",
        "description": "Yogolino Fresa y Pl\u00e1tano 0% Az\u00facar 4 x 100 Gr",
        "image": "https:\/\/cdn-consum.aktiosdigitalservices.com\/tol\/consum\/media\/product\/img\/300x300\/7339752.jpg?t=20250311110956"
    },
    {
        "id": 22919,
        "name": "Quema-Grasa Plus Multinfusi\u00f3n POMPADOUR",
        "price": 2.35,
        "price_kilo": 0.12,
        "slug": "quema-grasa-plus-multinfusion",
        "description": "Quema-Grasa Plus Multinfusi\u00f3n 20 U",
        "image": "https:\/\/cdn-consum.aktiosdigitalservices.com\/tol\/consum\/media\/product\/img\/300x300\/7345361.jpg?t=20250312092803"
    },
    {
        "id": 27611,
        "name": "Fuet con Trufa Duroc ELPOZO 1954",
        "price": 2.79,
        "price_kilo": 16.41,
        "slug": "fuet-con-trufa-duroc",
        "description": "Fuet con Trufa Duroc 170 Gr",
        "image": "https:\/\/cdn-consum.aktiosdigitalservices.com\/tol\/consum\/media\/product\/img\/300x300\/7383599.jpg?t=20250227093849"
    },
    {
        "id": 31178,
        "name": "Pipas Piponazo Original Formato Ahorro GREFUSA",
        "price": 2.35,
        "price_kilo": 12.05,
        "slug": "pipas-piponazo-original-formato-ahorro",
        "description": "Pipas Piponazo Original Formato Ahorro 195 Gr",
        "image": "https:\/\/cdn-consum.aktiosdigitalservices.com\/tol\/consum\/media\/product\/img\/300x300\/7414014.jpg?t=20250227094431"
    },
    {
        "id": 33546,
        "name": "Dipper de Pollo y Queso SE\u00d1OR POLLO",
        "price": 2.49,
        "price_kilo": 9.96,
        "slug": "dipper-de-pollo-y-queso",
        "description": "Dipper de Pollo y Queso 250 Gr",
        "image": "https:\/\/cdn-consum.aktiosdigitalservices.com\/tol\/consum\/media\/product\/img\/300x300\/7432292.jpg?t=20250318080741"
    },
    {
        "id": 33915,
        "name": "Copos de Avena Con Chocolate ALEA",
        "price": 2.39,
        "price_kilo": 4.78,
        "slug": "copos-de-avena-con-chocolate",
        "description": "Copos de Avena Con Chocolate 500 Gr",
        "image": "https:\/\/cdn-consum.aktiosdigitalservices.com\/tol\/consum\/media\/product\/img\/300x300\/7436244.jpg?t=20250313081214"
    },
    {
        "id": 34575,
        "name": "Corny 30% Prote\u00edna Vainilla y Choco Blanco CORNY",
        "price": 2.25,
        "price_kilo": 5,
        "slug": "corny-30-proteina-vainilla-y-choco-blanco",
        "description": "Corny 30% Prote\u00edna Vainilla y Choco Blanco 45 Gr",
        "image": "https:\/\/cdn-consum.aktiosdigitalservices.com\/tol\/consum\/media\/product\/img\/300x300\/7442085.jpg?t=20250311135055"
    },
    {
        "id": 34609,
        "name": "Brownie Chocolate Fudge 4 Unidades FIBRE ONE",
        "price": 2.39,
        "price_kilo": 24.89,
        "slug": "brownie-chocolate-fudge-4-unidades",
        "description": "Brownie Chocolate Fudge 4 Unidades 96 Gr",
        "image": "https:\/\/cdn-consum.aktiosdigitalservices.com\/tol\/consum\/media\/product\/img\/300x300\/7443042.jpg?t=20250311135057"
    },
    {
        "id": 34719,
        "name": "Tarrito de Pasta Cachitos Pasta y Tomate SMILEAT",
        "price": 2.79,
        "price_kilo": 12.13,
        "slug": "tarrito-de-pasta-cachitos-pasta-y-tomate",
        "description": "Tarrito de Pasta Cachitos Pasta y Tomate 230 Gr",
        "image": "https:\/\/cdn-consum.aktiosdigitalservices.com\/tol\/consum\/media\/product\/img\/300x300\/7443450.jpg?t=20250311113504"
    },
    {
        "id": 34720,
        "name": "Tarrito Cachitos de Arroz Pavo y Verduras SMILEAT",
        "price": 2.79,
        "price_kilo": 12.13,
        "slug": "tarrito-cachitos-de-arroz-pavo-y-verduras",
        "description": "Tarrito Cachitos de Arroz Pavo y Verduras 230 Gr",
        "image": "https:\/\/cdn-consum.aktiosdigitalservices.com\/tol\/consum\/media\/product\/img\/300x300\/7443455.jpg?t=20250311113506"
    },
    {
        "id": 35516,
        "name": "Patatas Gourmet Onduladas LAY'S",
        "price": 2.37,
        "price_kilo": 15.8,
        "slug": "patatas-gourmet-onduladas",
        "description": "Patatas Gourmet Onduladas 150 Gr",
        "image": "https:\/\/cdn-consum.aktiosdigitalservices.com\/tol\/consum\/media\/product\/img\/300x300\/7448640.jpg?t=20250313081408"
    },
    {
        "id": 27434,
        "name": "Energy Bars D\u00e1tiles Coco y Nueces Pack 3 JUST LOADING",
        "price": 2.8,
        "price_kilo": 23.33,
        "slug": "energy-bars-datiles-coco-y-nueces-pack-3",
        "description": "Energy Bars D\u00e1tiles Coco y Nueces Pack 3 120 Gr",
        "image": "https:\/\/cdn-consum.aktiosdigitalservices.com\/tol\/consum\/media\/product\/img\/300x300\/7382930.jpg?t=20250311134431"
    },
    {
        "id": 31790,
        "name": "Gel de Ba\u00f1o Lactourea Reparador LACTOVIT",
        "price": 2.85,
        "price_kilo": 0.52,
        "slug": "gel-de-bano-lactourea-reparador",
        "description": "Gel de Ba\u00f1o Lactourea Reparador 550 ml",
        "image": "https:\/\/cdn-consum.aktiosdigitalservices.com\/tol\/consum\/media\/product\/img\/300x300\/7415834.jpg?t=20250312161146"
    },
    {
        "id": 33555,
        "name": "Galleta Dorada Marb\u00fa 0% Az\u00facar m\u00e1s 33% ARTIACH",
        "price": 2.85,
        "price_kilo": 7.13,
        "slug": "galleta-dorada-marbu-0-azucar-mas-33",
        "description": "Galleta Dorada Marb\u00fa 0% Az\u00facar m\u00e1s 33% 400 Gr",
        "image": "https:\/\/cdn-consum.aktiosdigitalservices.com\/tol\/consum\/media\/product\/img\/300x300\/7433006.jpg?t=20250312161403"
    },
    {
        "id": 34687,
        "name": "Altervizo Altervego LA SELVA",
        "price": 2.55,
        "price_kilo": 31.88,
        "slug": "altervizo-altervego",
        "description": "Altervizo Altervego 80 Gr",
        "image": "https:\/\/cdn-consum.aktiosdigitalservices.com\/tol\/consum\/media\/product\/img\/300x300\/7441178.jpg?t=20250227095319"
    },
    {
        "id": 4806,
        "name": "Activia Frutas Bosque Yogur B\u00edfidus P-4 ud. DANONE",
        "price": 2,
        "price_kilo": 4.17,
        "slug": "activia-frutas-bosque-yogur-bifidus-p-4-ud",
        "description": "Activia Frutas Bosque Yogur B\u00edfidus P-4 ud. 4 x 120 Gr",
        "image": "https:\/\/cdn-consum.aktiosdigitalservices.com\/tol\/consum\/media\/product\/img\/300x300\/236141.jpg?t=20250312124742"
    },
    {
        "id": 5235,
        "name": "Activia 00% con Pi\u00f1a B\u00edfidus Desnatado P-4ud DANONE",
        "price": 2,
        "price_kilo": 4.17,
        "slug": "activia-00-con-pina-bifidus-desnatado-p-4ud",
        "description": "Activia 00% con Pi\u00f1a B\u00edfidus Desnatado P-4ud 4 x 120 Gr",
        "image": "https:\/\/cdn-consum.aktiosdigitalservices.com\/tol\/consum\/media\/product\/img\/300x300\/2154441.jpg?t=20250312124928"
    },
    {
        "id": 5413,
        "name": "Activia 00% con Kiwi B\u00edfidus Desnatado P-4 DANONE",
        "price": 2,
        "price_kilo": 4.17,
        "slug": "activia-00-con-kiwi-bifidus-desnatado-p-4",
        "description": "Activia 00% con Kiwi B\u00edfidus Desnatado P-4 4 x 120 Gr",
        "image": "https:\/\/cdn-consum.aktiosdigitalservices.com\/tol\/consum\/media\/product\/img\/300x300\/7010598.jpg?t=20250312125018"
    },
    {
        "id": 5509,
        "name": "Activia Soja Mango y Papaya P-4 ud. DANONE",
        "price": 2,
        "price_kilo": 4.17,
        "slug": "activia-soja-mango-y-papaya-p-4-ud",
        "description": "Activia Soja Mango y Papaya P-4 ud. 4 x 120 Gr",
        "image": "https:\/\/cdn-consum.aktiosdigitalservices.com\/tol\/consum\/media\/product\/img\/300x300\/7031974.jpg?t=20250312125031"
    },
    {
        "id": 5902,
        "name": "Activia 00% Melocot\u00f3n B\u00edfidus Desnatado P-4 DANONE",
        "price": 2,
        "price_kilo": 4.17,
        "slug": "activia-00-melocoton-bifidus-desnatado-p-4",
        "description": "Activia 00% Melocot\u00f3n B\u00edfidus Desnatado P-4 4 x 120 Gr",
        "image": "https:\/\/cdn-consum.aktiosdigitalservices.com\/tol\/consum\/media\/product\/img\/300x300\/7076271.jpg?t=20250312125059"
    },
    {
        "id": 6168,
        "name": "Masa de Empanada Rectangular BUITONI",
        "price": 2.46,
        "price_kilo": 8.78,
        "slug": "masa-de-empanada-rectangular",
        "description": "Masa de Empanada Rectangular 280 Gr",
        "image": "https:\/\/cdn-consum.aktiosdigitalservices.com\/tol\/consum\/media\/product\/img\/300x300\/7105591.jpg?t=20250227090709"
    },
    {
        "id": 6817,
        "name": "Galleta Dinosaurus ARTIACH",
        "price": 2.49,
        "price_kilo": 7.56,
        "slug": "galleta-dinosaurus",
        "description": "Galleta Dinosaurus 329 Gr",
        "image": "https:\/\/cdn-consum.aktiosdigitalservices.com\/tol\/consum\/media\/product\/img\/300x300\/7179112.jpg?t=20250312092749"
    },
    {
        "id": 8697,
        "name": "Bebida a base de zumo Pomelo Rosa Pet GRANINI",
        "price": 2.89,
        "price_kilo": 2.89,
        "slug": "bebida-a-base-de-zumo-pomelo-rosa-pet",
        "description": "Bebida a base de zumo Pomelo Rosa Pet 1 L",
        "image": "https:\/\/cdn-consum.aktiosdigitalservices.com\/tol\/consum\/media\/product\/img\/300x300\/557769.jpg?t=20250312155723"
    },
    {
        "id": 9442,
        "name": "Activia Avena Nueces Bifidus P4 DANONE",
        "price": 2,
        "price_kilo": 4.35,
        "slug": "activia-avena-nueces-bifidus-p4",
        "description": "Activia Avena Nueces Bifidus P4 4 x 115 Gr",
        "image": "https:\/\/cdn-consum.aktiosdigitalservices.com\/tol\/consum\/media\/product\/img\/300x300\/7263353.jpg?t=20250227092321"
    },
    {
        "id": 10317,
        "name": "Activia con Pera Yogur B\u00edfidus P-4 ud. DANONE",
        "price": 2,
        "price_kilo": 4.17,
        "slug": "activia-con-pera-yogur-bifidus-p-4-ud",
        "description": "Activia con Pera Yogur B\u00edfidus P-4 ud. 4 x 120 Gr",
        "image": "https:\/\/cdn-consum.aktiosdigitalservices.com\/tol\/consum\/media\/product\/img\/300x300\/7046514.jpg?t=20250312125037"
    },
    {
        "id": 11879,
        "name": "N\u00e9ctar Pera Botella Pet GRANINI",
        "price": 2.89,
        "price_kilo": 2.89,
        "slug": "nectar-pera-botella-pet",
        "description": "N\u00e9ctar Pera Botella Pet 1 L",
        "image": "https:\/\/cdn-consum.aktiosdigitalservices.com\/tol\/consum\/media\/product\/img\/300x300\/3317591.jpg?t=20250312155821"
    },
    {
        "id": 16546,
        "name": "Sardinas en Aceite Oliva Lata CUCA",
        "price": 2.45,
        "price_kilo": 28.82,
        "slug": "sardinas-en-aceite-oliva-lata",
        "description": "Sardinas en Aceite Oliva Lata 85 Gr",
        "image": "https:\/\/cdn-consum.aktiosdigitalservices.com\/tol\/consum\/media\/product\/img\/300x300\/489070.jpg?t=20250227090015"
    },
    {
        "id": 20712,
        "name": "Cereales Estrellitas NESTLE",
        "price": 2.45,
        "price_kilo": 9.07,
        "slug": "cereales-estrellitas",
        "description": "Cereales Estrellitas 270 Gr",
        "image": "https:\/\/cdn-consum.aktiosdigitalservices.com\/tol\/consum\/media\/product\/img\/300x300\/7327935.jpg?t=20250311110801"
    },
    {
        "id": 22606,
        "name": "Activia 00% Semillas Ch\u00eda y Almendra DANONE",
        "price": 2,
        "price_kilo": 4.35,
        "slug": "activia-00-semillas-chia-y-almendra",
        "description": "Activia 00% Semillas Ch\u00eda y Almendra 4 x 115 Gr",
        "image": "https:\/\/cdn-consum.aktiosdigitalservices.com\/tol\/consum\/media\/product\/img\/300x300\/7340953.jpg?t=20250227093235"
    },
    {
        "id": 26748,
        "name": "Activia con Fresas Pack de 4 Unidades DANONE",
        "price": 2,
        "price_kilo": 4.17,
        "slug": "activia-con-fresas-pack-de-4-unidades",
        "description": "Activia con Fresas Pack de 4 Unidades 4 x 120 Gr",
        "image": "https:\/\/cdn-consum.aktiosdigitalservices.com\/tol\/consum\/media\/product\/img\/300x300\/7375004.jpg?t=20250312125839"
    },
    {
        "id": 26749,
        "name": "Activia con Mango Pack de 4 Unidades DANONE",
        "price": 2,
        "price_kilo": 4.17,
        "slug": "activia-con-mango-pack-de-4-unidades",
        "description": "Activia con Mango Pack de 4 Unidades 4 x 120 Gr",
        "image": "https:\/\/cdn-consum.aktiosdigitalservices.com\/tol\/consum\/media\/product\/img\/300x300\/7375009.jpg?t=20250312125841"
    },
    {
        "id": 31181,
        "name": "Activia 0%0% con Ciruela B\u00edfidus Desnatado P-4 DANONE",
        "price": 2,
        "price_kilo": 4.17,
        "slug": "activia-00-con-ciruela-bifidus-desnatado-p-4",
        "description": "Activia 0%0% con Ciruela B\u00edfidus Desnatado P-4 4 x 120 Gr",
        "image": "https:\/\/cdn-consum.aktiosdigitalservices.com\/tol\/consum\/media\/product\/img\/300x300\/7414386.jpg?t=20250312130120"
    },
    {
        "id": 34652,
        "name": "N\u00e9ctar Pl\u00e1tano Botella Pet GRANINI",
        "price": 2.89,
        "price_kilo": 2.89,
        "slug": "nectar-platano-botella-pet",
        "description": "N\u00e9ctar Pl\u00e1tano Botella Pet 1 L",
        "image": "https:\/\/cdn-consum.aktiosdigitalservices.com\/tol\/consum\/media\/product\/img\/300x300\/7442838.jpg?t=20250312161543"
    },
    {
        "id": 20111,
        "name": "Dent\u00edfrico Total Original COLGATE",
        "price": 2.45,
        "price_kilo": 3.27,
        "slug": "dentifrico-total-original",
        "description": "Dent\u00edfrico Total Original 75 ml",
        "image": "https:\/\/cdn-consum.aktiosdigitalservices.com\/tol\/consum\/media\/product\/img\/300x300\/7326994.jpg?t=20250227093033"
    },
    {
        "id": 4803,
        "name": "Longaniza Imperial ELPOZO 1954",
        "price": 2.95,
        "price_kilo": 11.8,
        "slug": "longaniza-imperial",
        "description": "Longaniza Imperial 230 Gr",
        "image": "https:\/\/cdn-consum.aktiosdigitalservices.com\/tol\/consum\/media\/product\/img\/300x300\/231779.jpg?t=20250227085713"
    },
    {
        "id": 4900,
        "name": "Mayonesa Tarro cristal HELLMANN'S",
        "price": 2.65,
        "price_kilo": 5.89,
        "slug": "mayonesa-tarro-cristal",
        "description": "Mayonesa Tarro cristal 450 ml",
        "image": "https:\/\/cdn-consum.aktiosdigitalservices.com\/tol\/consum\/media\/product\/img\/300x300\/332643.jpg?t=20250227085903"
    },
    {
        "id": 5281,
        "name": "Desodorante Spray Normal LACTOVIT",
        "price": 2.5,
        "price_kilo": 1.25,
        "slug": "desodorante-spray-normal",
        "description": "Desodorante Spray Normal 200 ml",
        "image": "https:\/\/cdn-consum.aktiosdigitalservices.com\/tol\/consum\/media\/product\/img\/300x300\/3301942.jpg?t=20250227090223"
    },
    {
        "id": 14642,
        "name": "Tenders Pollo Barbacoa y Miel congelados FRIPOZO",
        "price": 2.49,
        "price_kilo": 9.96,
        "slug": "tenders-pollo-barbacoa-y-miel-congelados",
        "description": "Tenders Pollo Barbacoa y Miel congelados 250 Gr",
        "image": "https:\/\/cdn-consum.aktiosdigitalservices.com\/tol\/consum\/media\/product\/img\/300x300\/7282226.jpg?t=20250227092517"
    },
    {
        "id": 24810,
        "name": "Chorizo Ib\u00e9rico Extra en Tapas LOS IB\u00c9RICOS",
        "price": 2.65,
        "price_kilo": 33.13,
        "slug": "chorizo-iberico-extra-en-tapas",
        "description": "Chorizo Ib\u00e9rico Extra en Tapas 80 Gr",
        "image": "https:\/\/cdn-consum.aktiosdigitalservices.com\/tol\/consum\/media\/product\/img\/300x300\/7360340.jpg?t=20250227093509"
    },
    {
        "id": 24811,
        "name": "Salchich\u00f3n Ib\u00e9rico Extra en Tapas LOS IB\u00c9RICOS",
        "price": 2.65,
        "price_kilo": 33.13,
        "slug": "salchichon-iberico-extra-en-tapas",
        "description": "Salchich\u00f3n Ib\u00e9rico Extra en Tapas 80 Gr",
        "image": "https:\/\/cdn-consum.aktiosdigitalservices.com\/tol\/consum\/media\/product\/img\/300x300\/7360345.jpg?t=20250227093511"
    },
    {
        "id": 21134,
        "name": "Salsa Carbonara Frasco GALLO",
        "price": 2.97,
        "price_kilo": 9,
        "slug": "salsa-carbonara-frasco",
        "description": "Salsa Carbonara Frasco 330 Gr",
        "image": "https:\/\/cdn-consum.aktiosdigitalservices.com\/tol\/consum\/media\/product\/img\/300x300\/7331106.jpg?t=20250313080638"
    },
    {
        "id": 4809,
        "name": "Queso Fundido Light 16 Porciones VACA QUE RIE",
        "price": 2.99,
        "price_kilo": 11.96,
        "slug": "queso-fundido-light-16-porciones",
        "description": "Queso Fundido Light 16 Porciones 250 Gr",
        "image": "https:\/\/cdn-consum.aktiosdigitalservices.com\/tol\/consum\/media\/product\/img\/300x300\/238311.jpg?t=20250312155650"
    },
    {
        "id": 5810,
        "name": "Barritas de Surimi KRISSIA",
        "price": 2.69,
        "price_kilo": 14.94,
        "slug": "barritas-de-surimi",
        "description": "Barritas de Surimi 180 Gr",
        "image": "https:\/\/cdn-consum.aktiosdigitalservices.com\/tol\/consum\/media\/product\/img\/300x300\/7067903.jpg?t=20250312155920"
    },
    {
        "id": 6746,
        "name": "Toallita Intima Verde CHILLY",
        "price": 2.55,
        "price_kilo": 0.21,
        "slug": "toallita-intima-verde",
        "description": "Toallita Intima Verde 12 U",
        "image": "https:\/\/cdn-consum.aktiosdigitalservices.com\/tol\/consum\/media\/product\/img\/300x300\/7172773.jpg?t=20250227091114"
    },
    {
        "id": 7023,
        "name": "Limpiador Desinfectante Multiusos SANYTOL",
        "price": 2.99,
        "price_kilo": 3.99,
        "slug": "limpiador-desinfectante-multiusos",
        "description": "Limpiador Desinfectante Multiusos 750 ml",
        "image": "https:\/\/cdn-consum.aktiosdigitalservices.com\/tol\/consum\/media\/product\/img\/300x300\/7192847.jpg?t=20250312125315"
    },
    {
        "id": 7042,
        "name": "Salsa Pesto Genovese BARILLA",
        "price": 2.99,
        "price_kilo": 15.74,
        "slug": "salsa-pesto-genovese",
        "description": "Salsa Pesto Genovese 190 Gr",
        "image": "https:\/\/cdn-consum.aktiosdigitalservices.com\/tol\/consum\/media\/product\/img\/300x300\/7193725.jpg?t=20250227091304"
    },
    {
        "id": 7301,
        "name": "Mousse de Chocolate Nestl\u00e9 Gold NESTLE",
        "price": 2.49,
        "price_kilo": 10.92,
        "slug": "mousse-de-chocolate-nestle-gold",
        "description": "Mousse de Chocolate Nestl\u00e9 Gold 4 x 57 Gr",
        "image": "https:\/\/cdn-consum.aktiosdigitalservices.com\/tol\/consum\/media\/product\/img\/300x300\/7208697.jpg?t=20250227091440"
    },
    {
        "id": 7941,
        "name": "Mermelada Diet Frambuesa VIEJA FABRIC",
        "price": 2.99,
        "price_kilo": 10.68,
        "slug": "mermelada-diet-frambuesa",
        "description": "Mermelada Diet Frambuesa 280 Gr",
        "image": "https:\/\/cdn-consum.aktiosdigitalservices.com\/tol\/consum\/media\/product\/img\/300x300\/7240286.jpg?t=20250311105510"
    },
    {
        "id": 8805,
        "name": "Jam\u00f3n Cocido Extra Finas Lonchas FERRARINI",
        "price": 2.69,
        "price_kilo": 26.9,
        "slug": "jamon-cocido-extra-finas-lonchas",
        "description": "Jam\u00f3n Cocido Extra Finas Lonchas 100 Gr",
        "image": "https:\/\/cdn-consum.aktiosdigitalservices.com\/tol\/consum\/media\/product\/img\/300x300\/7101368.jpg?t=20250227090703"
    },
    {
        "id": 9782,
        "name": "Salsa Basilico Tarro BARILLA",
        "price": 2.99,
        "price_kilo": 7.48,
        "slug": "salsa-basilico-tarro",
        "description": "Salsa Basilico Tarro 400 Gr",
        "image": "https:\/\/cdn-consum.aktiosdigitalservices.com\/tol\/consum\/media\/product\/img\/300x300\/7220598.jpg?t=20250227091704"
    },
    {
        "id": 10321,
        "name": "Galletas para perros tres sabores Biscrok Pedrigre PEDIGREE",
        "price": 2.99,
        "price_kilo": 5.98,
        "slug": "galletas-para-perros-tres-sabores-biscrok-pedrigre",
        "description": "Galletas para perros tres sabores Biscrok Pedrigree 500g",
        "image": "https:\/\/cdn-consum.aktiosdigitalservices.com\/tol\/consum\/media\/product\/img\/300x300\/7071640.jpg?t=20250312092744"
    },
    {
        "id": 11156,
        "name": "Snacks dentales para perros medianos Dentastix PEDIGREE",
        "price": 2.99,
        "price_kilo": 0.43,
        "slug": "snacks-dentales-para-perros-medianos-dentastix",
        "description": "Snacks dentales para perros medianos Dentastix Pedigree 180g 7 U",
        "image": "https:\/\/cdn-consum.aktiosdigitalservices.com\/tol\/consum\/media\/product\/img\/300x300\/7071645.jpg?t=20250227090546"
    },
    {
        "id": 12232,
        "name": "Varitas de Queso MAHESO",
        "price": 2.49,
        "price_kilo": 10.38,
        "slug": "varitas-de-queso",
        "description": "Varitas de Queso 240 Gr",
        "image": "https:\/\/cdn-consum.aktiosdigitalservices.com\/tol\/consum\/media\/product\/img\/300x300\/7262215.jpg?t=20250312125440"
    },
    {
        "id": 15947,
        "name": "Salsa Napolitana Frasco BARILLA",
        "price": 2.99,
        "price_kilo": 7.48,
        "slug": "salsa-napolitana-frasco",
        "description": "Salsa Napolitana Frasco 400 Gr",
        "image": "https:\/\/cdn-consum.aktiosdigitalservices.com\/tol\/consum\/media\/product\/img\/300x300\/7292472.jpg?t=20250227092637"
    },
    {
        "id": 16940,
        "name": "Caldo Pollo Gourmet Brick G.BLANCA",
        "price": 2.99,
        "price_kilo": 2.99,
        "slug": "caldo-pollo-gourmet-brick",
        "description": "Caldo Pollo Gourmet Brick 1 L",
        "image": "https:\/\/cdn-consum.aktiosdigitalservices.com\/tol\/consum\/media\/product\/img\/300x300\/7285364.jpg?t=20250318080247"
    },
    {
        "id": 17665,
        "name": "Crema de Cacao 0% Az\u00facar NOCILLA",
        "price": 2.55,
        "price_kilo": 14.17,
        "slug": "crema-de-cacao-0-azucar",
        "description": "Crema de Cacao 0% Az\u00facar 180 Gr",
        "image": "https:\/\/cdn-consum.aktiosdigitalservices.com\/tol\/consum\/media\/product\/img\/300x300\/7303287.jpg?t=20250311133953"
    },
    {
        "id": 24534,
        "name": "Salsa Arrabbiata Frasco BARILLA",
        "price": 2.99,
        "price_kilo": 7.48,
        "slug": "salsa-arrabbiata-frasco",
        "description": "Salsa Arrabbiata Frasco 400 Gr",
        "image": "https:\/\/cdn-consum.aktiosdigitalservices.com\/tol\/consum\/media\/product\/img\/300x300\/7358971.jpg?t=20250227093452"
    },
    {
        "id": 25224,
        "name": "Crema Cacao Chocoleche 0% Az\u00facar NOCILLA",
        "price": 2.55,
        "price_kilo": 14.17,
        "slug": "crema-cacao-chocoleche-0-azucar",
        "description": "Crema Cacao Chocoleche 0% Az\u00facar 180 Gr",
        "image": "https:\/\/cdn-consum.aktiosdigitalservices.com\/tol\/consum\/media\/product\/img\/300x300\/7364685.jpg?t=20250311134314"
    },
    {
        "id": 27158,
        "name": "Tortita Arroz Integral con Chocolate Negro BICENTURY",
        "price": 2.39,
        "price_kilo": 18.38,
        "slug": "tortita-arroz-integral-con-chocolate-negro",
        "description": "Tortita Arroz Integral con Chocolate Negro 130 Gr",
        "image": "https:\/\/cdn-consum.aktiosdigitalservices.com\/tol\/consum\/media\/product\/img\/300x300\/7378680.jpg?t=20250311134407"
    },
    {
        "id": 27570,
        "name": "Ensalada Bacalao y Pimientos Asados ANGOMAR",
        "price": 2.69,
        "price_kilo": 14.94,
        "slug": "ensalada-bacalao-y-pimientos-asados",
        "description": "Ensalada Bacalao y Pimientos Asados 180 Gr",
        "image": "https:\/\/cdn-consum.aktiosdigitalservices.com\/tol\/consum\/media\/product\/img\/300x300\/7383961.jpg?t=20250227093851"
    },
    {
        "id": 28204,
        "name": "Comida H\u00fameda Gatos Fit&Delicius Carne ULTIMA",
        "price": 2.99,
        "price_kilo": 8.79,
        "slug": "comida-humeda-gatos-fitdelicius-carne",
        "description": "Comida H\u00fameda Gatos Fit&Delicius Carne 4 x 85 Gr",
        "image": "https:\/\/cdn-consum.aktiosdigitalservices.com\/tol\/consum\/media\/product\/img\/300x300\/7390540.jpg?t=20250313080917"
    },
    {
        "id": 29031,
        "name": "Crema Cacao Noir Vaso Cristal NOCILLA",
        "price": 2.55,
        "price_kilo": 14.17,
        "slug": "crema-cacao-noir-vaso-cristal",
        "description": "Crema Cacao Noir Vaso Cristal 180 Gr",
        "image": "https:\/\/cdn-consum.aktiosdigitalservices.com\/tol\/consum\/media\/product\/img\/300x300\/7398154.jpg?t=20250311134552"
    },
    {
        "id": 30479,
        "name": "Crema Untar Cookies & Cream NOCILLA",
        "price": 2.55,
        "price_kilo": 14.17,
        "slug": "crema-untar-cookies-cream",
        "description": "Crema Untar Cookies & Cream 180 Gr",
        "image": "https:\/\/cdn-consum.aktiosdigitalservices.com\/tol\/consum\/media\/product\/img\/300x300\/7409225.jpg?t=20250311134652"
    },
    {
        "id": 30914,
        "name": "K\u00e9tchup Original Bote PRIMA",
        "price": 2.49,
        "price_kilo": 4.61,
        "slug": "ketchup-original-bote",
        "description": "K\u00e9tchup Original Bote 540 Gr",
        "image": "https:\/\/cdn-consum.aktiosdigitalservices.com\/tol\/consum\/media\/product\/img\/300x300\/7411999.jpg?t=20250304114118"
    },
    {
        "id": 32484,
        "name": "Arroz 3 Delicias TA-TUNG",
        "price": 2.55,
        "price_kilo": 10.2,
        "slug": "arroz-3-delicias",
        "description": "Arroz 3 Delicias 250 Gr",
        "image": "https:\/\/cdn-consum.aktiosdigitalservices.com\/tol\/consum\/media\/product\/img\/300x300\/7425143.jpg?t=20250227094757"
    },
    {
        "id": 32621,
        "name": "Gel de Ducha Sensible PALMOLIVE",
        "price": 2.1,
        "price_kilo": 0.35,
        "slug": "gel-de-ducha-sensible",
        "description": "Gel de Ducha Sensible 600 ml",
        "image": "https:\/\/cdn-consum.aktiosdigitalservices.com\/tol\/consum\/media\/product\/img\/300x300\/7424455.jpg?t=20250227094739"
    },
    {
        "id": 32624,
        "name": "Gel de Ba\u00f1o Leche y Miel PALMOLIVE",
        "price": 2.1,
        "price_kilo": 0.35,
        "slug": "gel-de-bano-leche-y-miel",
        "description": "Gel de Ba\u00f1o Leche y Miel 600 ml",
        "image": "https:\/\/cdn-consum.aktiosdigitalservices.com\/tol\/consum\/media\/product\/img\/300x300\/7424807.jpg?t=20250227094746"
    },
    {
        "id": 33071,
        "name": "Caldo Pollo con Jam\u00f3n Enrique Tom\u00e1s G.BLANCA",
        "price": 2.99,
        "price_kilo": 2.99,
        "slug": "caldo-pollo-con-jamon-enrique-tomas",
        "description": "Caldo Pollo con Jam\u00f3n Enrique Tom\u00e1s 1 L",
        "image": "https:\/\/cdn-consum.aktiosdigitalservices.com\/tol\/consum\/media\/product\/img\/300x300\/7428761.jpg?t=20250318080724"
    },
    {
        "id": 33451,
        "name": "Limpiador Cocina Quitagrasas Pistola ASEVI",
        "price": 2.99,
        "price_kilo": 3.99,
        "slug": "limpiador-cocina-quitagrasas-pistola",
        "description": "Limpiador Cocina Quitagrasas Pistola 750 ml",
        "image": "https:\/\/cdn-consum.aktiosdigitalservices.com\/tol\/consum\/media\/product\/img\/300x300\/7432313.jpg?t=20250227094958"
    },
    {
        "id": 33665,
        "name": "Spray Aceite de Oliva Virgen Extra LA ESPA\u00d1OLA",
        "price": 2.69,
        "price_kilo": 13.45,
        "slug": "spray-aceite-de-oliva-virgen-extra",
        "description": "Spray Aceite de Oliva Virgen Extra 200 ml",
        "image": "https:\/\/cdn-consum.aktiosdigitalservices.com\/tol\/consum\/media\/product\/img\/300x300\/7433915.jpg?t=20250313081158"
    },
    {
        "id": 33781,
        "name": "Espumoso Brut Blanc de Blancs CAST.LIRIA",
        "price": 2.49,
        "price_kilo": 3.32,
        "slug": "espumoso-brut-blanc-de-blancs",
        "description": "Espumoso Brut Blanc de Blancs 0,75 L",
        "image": "https:\/\/cdn-consum.aktiosdigitalservices.com\/tol\/consum\/media\/product\/img\/300x300\/7434710.jpg?t=20250311125457"
    },
    {
        "id": 34440,
        "name": "Gel de Ba\u00f1o Hidrotermal LA TOJA",
        "price": 2.99,
        "price_kilo": 0.5,
        "slug": "gel-de-bano-hidrotermal",
        "description": "Gel de Ba\u00f1o Hidrotermal 600 ml",
        "image": "https:\/\/cdn-consum.aktiosdigitalservices.com\/tol\/consum\/media\/product\/img\/300x300\/7441223.jpg?t=20250227095320"
    },
    {
        "id": 34441,
        "name": "Gel de Ba\u00f1o Aloe Vera LA TOJA",
        "price": 2.99,
        "price_kilo": 0.5,
        "slug": "gel-de-bano-aloe-vera",
        "description": "Gel de Ba\u00f1o Aloe Vera 600 ml",
        "image": "https:\/\/cdn-consum.aktiosdigitalservices.com\/tol\/consum\/media\/product\/img\/300x300\/7441228.jpg?t=20250227095322"
    },
    {
        "id": 34536,
        "name": "Gel de Ba\u00f1o Body Milk LA TOJA",
        "price": 2.99,
        "price_kilo": 0.5,
        "slug": "gel-de-bano-body-milk",
        "description": "Gel de Ba\u00f1o Body Milk 600 ml",
        "image": "https:\/\/cdn-consum.aktiosdigitalservices.com\/tol\/consum\/media\/product\/img\/300x300\/7441231.jpg?t=20250227095323"
    },
    {
        "id": 34683,
        "name": "Bebida Isot\u00f3nica Ice Pop Pet PRIME",
        "price": 2.49,
        "price_kilo": 4.98,
        "slug": "bebida-isotonica-ice-pop-pet",
        "description": "Bebida Isot\u00f3nica Ice Pop Pet 0,5 L",
        "image": "https:\/\/cdn-consum.aktiosdigitalservices.com\/tol\/consum\/media\/product\/img\/300x300\/7439958.jpg?t=20250312130357"
    },
    {
        "id": 34684,
        "name": "Bebida Isot\u00f3nica Frambuesa Pet PRIME",
        "price": 2.49,
        "price_kilo": 4.98,
        "slug": "bebida-isotonica-frambuesa-pet",
        "description": "Bebida Isot\u00f3nica Frambuesa Pet 0,5 L",
        "image": "https:\/\/cdn-consum.aktiosdigitalservices.com\/tol\/consum\/media\/product\/img\/300x300\/7439961.jpg?t=20250311135012"
    },
    {
        "id": 34984,
        "name": "Eyeliner Expression Kajal MAYBELLINE",
        "price": 2.99,
        "price_kilo": 2.99,
        "slug": "eyeliner-expression-kajal",
        "description": "Eyeliner Expression Kajal 1 U",
        "image": "https:\/\/cdn-consum.aktiosdigitalservices.com\/tol\/consum\/media\/product\/img\/300x300\/7439511.jpg?t=20250227095236"
    },
    {
        "id": 35073,
        "name": "Suavizante Concentrado Sensations Ed\u00e9n ASEVI",
        "price": 2.45,
        "price_kilo": 0.04,
        "slug": "suavizante-concentrado-sensations-eden",
        "description": "Suavizante Concentrado Sensations Ed\u00e9n 64 Lv",
        "image": "https:\/\/cdn-consum.aktiosdigitalservices.com\/tol\/consum\/media\/product\/img\/300x300\/7444107.jpg?t=20250312092903"
    },
    {
        "id": 35117,
        "name": "Palitos de Calabac\u00edn MAHESO",
        "price": 2.54,
        "price_kilo": 8.47,
        "slug": "palitos-de-calabacin",
        "description": "Palitos de Calabac\u00edn 300 Gr",
        "image": "https:\/\/cdn-consum.aktiosdigitalservices.com\/tol\/consum\/media\/product\/img\/300x300\/7445026.jpg?t=20250227095444"
    },
    {
        "id": 35154,
        "name": "Suavizante Concentrado Sensations Luxury ASEVI",
        "price": 2.45,
        "price_kilo": 0.04,
        "slug": "suavizante-concentrado-sensations-luxury",
        "description": "Suavizante Concentrado Sensations Luxury 64 Lv",
        "image": "https:\/\/cdn-consum.aktiosdigitalservices.com\/tol\/consum\/media\/product\/img\/300x300\/7444110.jpg?t=20250227095435"
    },
    {
        "id": 39577,
        "name": "Crema Untar Crunchy Vaso NOCILLA",
        "price": 2.55,
        "price_kilo": 14.17,
        "slug": "crema-untar-crunchy-vaso",
        "description": "Crema Untar Crunchy Vaso 180 Gr",
        "image": "https:\/\/cdn-consum.aktiosdigitalservices.com\/tol\/consum\/media\/product\/img\/300x300\/7451748.jpg?t=20250312092917"
    },
    {
        "id": 39714,
        "name": "Galleta Chocolate Donkis Simpson ARLUY",
        "price": 2.39,
        "price_kilo": 5.98,
        "slug": "galleta-chocolate-donkis-simpson",
        "description": "Galleta Chocolate Donkis Simpson 400 Gr",
        "image": "https:\/\/cdn-consum.aktiosdigitalservices.com\/tol\/consum\/media\/product\/img\/300x300\/7453298.jpg?t=20250312092920"
    },
    {
        "id": 23363,
        "name": "Magdalena sin Az\u00facares A\u00f1adidos y Sin Leche LALY",
        "price": 2.65,
        "price_kilo": 5.89,
        "slug": "magdalena-sin-azucares-anadidos-y-sin-leche",
        "description": "Magdalena sin Az\u00facares A\u00f1adidos y Sin Leche 500 Gr",
        "image": "https:\/\/cdn-consum.aktiosdigitalservices.com\/tol\/consum\/media\/product\/img\/300x300\/7348340.jpg?t=20250311111117"
    },
    {
        "id": 26819,
        "name": "Bizcocho Lim\u00f3n sin Az\u00facar A\u00f1adidos LALY",
        "price": 2.65,
        "price_kilo": 5.89,
        "slug": "bizcocho-limon-sin-azucar-anadidos",
        "description": "Bizcocho Lim\u00f3n sin Az\u00facar A\u00f1adidos 450 Gr",
        "image": "https:\/\/cdn-consum.aktiosdigitalservices.com\/tol\/consum\/media\/product\/img\/300x300\/7376192.jpg?t=20250311111627"
    },
    {
        "id": 28208,
        "name": "Gin-Tonic Lata BOMBAY SAPPH",
        "price": 1.99,
        "price_kilo": 7.96,
        "slug": "gin-tonic-lata",
        "description": "Gin-Tonic Lata 0,25 L",
        "image": "https:\/\/cdn-consum.aktiosdigitalservices.com\/tol\/consum\/media\/product\/img\/300x300\/7390909.jpg?t=20250227093948"
    },
    {
        "id": 6180,
        "name": "Desodorante Spray Cuidado 24 Horas Men LACTOVIT",
        "price": 2.69,
        "price_kilo": 1.35,
        "slug": "desodorante-spray-cuidado-24-horas-men",
        "description": "Desodorante Spray Cuidado 24 Horas Men 200 ml",
        "image": "https:\/\/cdn-consum.aktiosdigitalservices.com\/tol\/consum\/media\/product\/img\/300x300\/7106581.jpg?t=20250227090716"
    },
    {
        "id": 7930,
        "name": "Aceite en Crema Oliva M\u00edtica OR.REMEDIES",
        "price": 2.5,
        "price_kilo": 1.25,
        "slug": "aceite-en-crema-oliva-mitica",
        "description": "Aceite en Crema Oliva M\u00edtica 200 ml",
        "image": "https:\/\/cdn-consum.aktiosdigitalservices.com\/tol\/consum\/media\/product\/img\/300x300\/7239965.jpg?t=20250228080118"
    },
    {
        "id": 8269,
        "name": "Chorizo y Salchich\u00f3n Extra GOIKOA",
        "price": 2.8,
        "price_kilo": 15.56,
        "slug": "chorizo-y-salchichon-extra",
        "description": "Chorizo y Salchich\u00f3n Extra 2 x 90 Gr",
        "image": "https:\/\/cdn-consum.aktiosdigitalservices.com\/tol\/consum\/media\/product\/img\/300x300\/5026190.jpg?t=20250227090252"
    },
    {
        "id": 15574,
        "name": "Masa de Pizza Fin\u00edssima Maxi BUITONI",
        "price": 2.68,
        "price_kilo": 7.66,
        "slug": "masa-de-pizza-finissima-maxi",
        "description": "Masa de Pizza Fin\u00edssima Maxi 350 Gr",
        "image": "https:\/\/cdn-consum.aktiosdigitalservices.com\/tol\/consum\/media\/product\/img\/300x300\/7267607.jpg?t=20250312125502"
    },
    {
        "id": 29320,
        "name": "Estropajo Ultra Fresh 4 M\u00e1s 2 de Regalo VILEDA",
        "price": 2.49,
        "price_kilo": 0.42,
        "slug": "estropajo-ultra-fresh-4-mas-2-de-regalo",
        "description": "Estropajo Ultra Fresh 4 M\u00e1s 2 de Regalo 6 U",
        "image": "https:\/\/cdn-consum.aktiosdigitalservices.com\/tol\/consum\/media\/product\/img\/300x300\/7399850.jpg?t=20250227094144"
    },
    {
        "id": 30521,
        "name": "Desodorante Spray Lactourea LACTOVIT",
        "price": 2.69,
        "price_kilo": 1.35,
        "slug": "desodorante-spray-lactourea",
        "description": "Desodorante Spray Lactourea 200 ml",
        "image": "https:\/\/cdn-consum.aktiosdigitalservices.com\/tol\/consum\/media\/product\/img\/300x300\/7409647.jpg?t=20250227094327"
    },
    {
        "id": 5447,
        "name": "Patatas Fritas Lisas Artesanas Bolsa Papel SANTA ANA",
        "price": 2.66,
        "price_kilo": 9.85,
        "slug": "patatas-fritas-lisas-artesanas-bolsa-papel",
        "description": "Patatas Fritas Lisas Artesanas Bolsa Papel 2 x 135 Gr",
        "image": "https:\/\/cdn-consum.aktiosdigitalservices.com\/tol\/consum\/media\/product\/img\/300x300\/7020659.jpg?t=20250313075949"
    },
    {
        "id": 7526,
        "name": "Mayonesa Ajonesa Bote CHOVI",
        "price": 2.69,
        "price_kilo": 6.73,
        "slug": "mayonesa-ajonesa-bote",
        "description": "Mayonesa Ajonesa Bote 400 ml",
        "image": "https:\/\/cdn-consum.aktiosdigitalservices.com\/tol\/consum\/media\/product\/img\/300x300\/7219884.jpg?t=20250227091701"
    },
    {
        "id": 20112,
        "name": "Dent\u00edfrico Total Blanqueador COLGATE",
        "price": 3.19,
        "price_kilo": 4.25,
        "slug": "dentifrico-total-blanqueador",
        "description": "Dent\u00edfrico Total Blanqueador 75 ml",
        "image": "https:\/\/cdn-consum.aktiosdigitalservices.com\/tol\/consum\/media\/product\/img\/300x300\/7327000.jpg?t=20250227093035"
    },
    {
        "id": 31009,
        "name": "At\u00fan Claro al Natural Prote\u00edna Natural FRINSA",
        "price": 2.75,
        "price_kilo": 22.91,
        "slug": "atun-claro-al-natural-proteina-natural",
        "description": "At\u00fan Claro al Natural Prote\u00edna Natural 120 Gr",
        "image": "https:\/\/cdn-consum.aktiosdigitalservices.com\/tol\/consum\/media\/product\/img\/300x300\/7413144.jpg?t=20250227094419"
    },
    {
        "id": 31010,
        "name": "Merluza del Cabo Natural Prote\u00edna Natural FRINSA",
        "price": 2.75,
        "price_kilo": 22.91,
        "slug": "merluza-del-cabo-natural-proteina-natural",
        "description": "Merluza del Cabo Natural Prote\u00edna Natural 120 Gr",
        "image": "https:\/\/cdn-consum.aktiosdigitalservices.com\/tol\/consum\/media\/product\/img\/300x300\/7413149.jpg?t=20250227094421"
    },
    {
        "id": 39609,
        "name": "Toallitas Infantiles 99'9 % Agua WATER WIPES",
        "price": 2.39,
        "price_kilo": 0.05,
        "slug": "toallitas-infantiles-999-agua",
        "description": "Toallitas Infantiles 99'9 % Agua 48 U",
        "image": "https:\/\/cdn-consum.aktiosdigitalservices.com\/tol\/consum\/media\/product\/img\/300x300\/7453210.jpg?t=20250312092920"
    },
    {
        "id": 21809,
        "name": "Limpiador Desinfectante Para Ba\u00f1os SANYTOL",
        "price": 3.25,
        "price_kilo": 4.33,
        "slug": "limpiador-desinfectante-para-banos",
        "description": "Limpiador Desinfectante Para Ba\u00f1os 750 ml",
        "image": "https:\/\/cdn-consum.aktiosdigitalservices.com\/tol\/consum\/media\/product\/img\/300x300\/7337553.jpg?t=20250227093211"
    },
    {
        "id": 33744,
        "name": "Suavizante Frescor Floral MIMOSIN",
        "price": 2.19,
        "price_kilo": 0.04,
        "slug": "suavizante-frescor-floral",
        "description": "Suavizante Frescor Floral 56 Lv",
        "image": "https:\/\/cdn-consum.aktiosdigitalservices.com\/tol\/consum\/media\/product\/img\/300x300\/7434541.jpg?t=20250227095046"
    },
    {
        "id": 33745,
        "name": "Suavizante Azul Vital MIMOSIN",
        "price": 2.19,
        "price_kilo": 0.04,
        "slug": "suavizante-azul-vital",
        "description": "Suavizante Azul Vital 56 Lv",
        "image": "https:\/\/cdn-consum.aktiosdigitalservices.com\/tol\/consum\/media\/product\/img\/300x300\/7434553.jpg?t=20250227095048"
    },
    {
        "id": 33746,
        "name": "Suavizante Caricias MIMOSIN",
        "price": 2.19,
        "price_kilo": 0.04,
        "slug": "suavizante-caricias",
        "description": "Suavizante Caricias 56 Lv",
        "image": "https:\/\/cdn-consum.aktiosdigitalservices.com\/tol\/consum\/media\/product\/img\/300x300\/7434558.jpg?t=20250227095049"
    },
    {
        "id": 35991,
        "name": "Limpiador Cocina Quitagrasas Pistola SANYTOL",
        "price": 3.25,
        "price_kilo": 4.33,
        "slug": "limpiador-cocina-quitagrasas-pistola",
        "description": "Limpiador Cocina Quitagrasas Pistola 750 ml",
        "image": "https:\/\/cdn-consum.aktiosdigitalservices.com\/tol\/consum\/media\/product\/img\/300x300\/7451560.jpg?t=20250312130508"
    },
    {
        "id": 8421,
        "name": "Porras Prefritas congeladas MAHESO",
        "price": 2.8,
        "price_kilo": 8.75,
        "slug": "porras-prefritas-congeladas",
        "description": "Porras Prefritas congeladas 320 Gr",
        "image": "https:\/\/cdn-consum.aktiosdigitalservices.com\/tol\/consum\/media\/product\/img\/300x300\/7210896.jpg?t=20250227091453"
    },
    {
        "id": 9904,
        "name": "Mini Bombones de 3 Chocolates-Caramelo CONSUM",
        "price": 2.99,
        "price_kilo": 10.68,
        "slug": "mini-bombones-de-3-chocolates-caramelo",
        "description": "Mini Bombones de 3 Chocolates-Caramelo 280 Gr",
        "image": "https:\/\/cdn-consum.aktiosdigitalservices.com\/tol\/consum\/media\/product\/img\/300x300\/7167471.jpg?t=20250304105926"
    },
    {
        "id": 18676,
        "name": "Nuggets Veganos GARDEN GOURM",
        "price": 2.8,
        "price_kilo": 14,
        "slug": "nuggets-veganos",
        "description": "Nuggets Veganos 200 Gr",
        "image": "https:\/\/cdn-consum.aktiosdigitalservices.com\/tol\/consum\/media\/product\/img\/300x300\/7269942.jpg?t=20250312125505"
    },
    {
        "id": 18865,
        "name": "Comida H\u00fameda Gato Salm\u00f3n-Pavo ONE",
        "price": 2.7,
        "price_kilo": 7.94,
        "slug": "comida-humeda-gato-salmon-pavo",
        "description": "Comida H\u00fameda Gato Salm\u00f3n-Pavo 4 x 85 Gr",
        "image": "https:\/\/cdn-consum.aktiosdigitalservices.com\/tol\/consum\/media\/product\/img\/300x300\/7313034.jpg?t=20250313080601"
    },
    {
        "id": 28477,
        "name": "Empanado Vegetariano GARDEN GOURM",
        "price": 2.8,
        "price_kilo": 15.56,
        "slug": "empanado-vegetariano",
        "description": "Empanado Vegetariano 180 Gr",
        "image": "https:\/\/cdn-consum.aktiosdigitalservices.com\/tol\/consum\/media\/product\/img\/300x300\/7391472.jpg?t=20250227093956"
    },
    {
        "id": 12873,
        "name": "Galleta de Cacao Rellena con Chocolate Blanco OREO",
        "price": 3.3,
        "price_kilo": 13.41,
        "slug": "galleta-de-cacao-rellena-con-chocolate-blanco",
        "description": "Galleta de Cacao Rellena con Chocolate Blanco 246 Gr",
        "image": "https:\/\/cdn-consum.aktiosdigitalservices.com\/tol\/consum\/media\/product\/img\/300x300\/7141349.jpg?t=20250312160034"
    },
    {
        "id": 4808,
        "name": "Paninis Jam\u00f3n y Queso congelados PANNINI",
        "price": 2.99,
        "price_kilo": 11.96,
        "slug": "paninis-jamon-y-queso-congelados",
        "description": "Paninis Jam\u00f3n y Queso congelados 250 Gr",
        "image": "https:\/\/cdn-consum.aktiosdigitalservices.com\/tol\/consum\/media\/product\/img\/300x300\/237545.jpg?t=20250227085718"
    },
    {
        "id": 5708,
        "name": "Aceitunas Rellenas de Anchoas Pack de 3 JOLCA",
        "price": 2.79,
        "price_kilo": 18.6,
        "slug": "aceitunas-rellenas-de-anchoas-pack-de-3",
        "description": "Aceitunas Rellenas de Anchoas Pack de 3 3 x 50 Gr",
        "image": "https:\/\/cdn-consum.aktiosdigitalservices.com\/tol\/consum\/media\/product\/img\/300x300\/7055150.jpg?t=20250318075928"
    },
    {
        "id": 5920,
        "name": "Paninis congelados Barbacoa PANNINI",
        "price": 2.99,
        "price_kilo": 11.96,
        "slug": "paninis-congelados-barbacoa",
        "description": "Paninis congelados Barbacoa 250 Gr",
        "image": "https:\/\/cdn-consum.aktiosdigitalservices.com\/tol\/consum\/media\/product\/img\/300x300\/7079742.jpg?t=20250319080110"
    },
    {
        "id": 24146,
        "name": "Paninis congelados 4 Quesos PANNINI",
        "price": 2.99,
        "price_kilo": 11.96,
        "slug": "paninis-congelados-4-quesos",
        "description": "Paninis congelados 4 Quesos 250 Gr",
        "image": "https:\/\/cdn-consum.aktiosdigitalservices.com\/tol\/consum\/media\/product\/img\/300x300\/7353881.jpg?t=20250227093410"
    },
    {
        "id": 5893,
        "name": "Desodorante Spray Dermo Invisible SANEX",
        "price": 3.39,
        "price_kilo": 1.7,
        "slug": "desodorante-spray-dermo-invisible",
        "description": "Desodorante Spray Dermo Invisible 200 ml",
        "image": "https:\/\/cdn-consum.aktiosdigitalservices.com\/tol\/consum\/media\/product\/img\/300x300\/7075658.jpg?t=20250227090602"
    },
    {
        "id": 9940,
        "name": "Tortillas de Trigo Integrales 6 Unidades OLD EL PASO",
        "price": 2.89,
        "price_kilo": 8.26,
        "slug": "tortillas-de-trigo-integrales-6-unidades",
        "description": "Tortillas de Trigo Integrales 6 Unidades 350 Gr",
        "image": "https:\/\/cdn-consum.aktiosdigitalservices.com\/tol\/consum\/media\/product\/img\/300x300\/7226496.jpg?t=20250311133635"
    },
    {
        "id": 10133,
        "name": "Tortillas Wraps de Trigo Paquete 6 Unidades OLD EL PASO",
        "price": 2.89,
        "price_kilo": 8.26,
        "slug": "tortillas-wraps-de-trigo-paquete-6-unidades",
        "description": "Tortillas Wraps de Trigo Paquete 6 Unidades 350 Gr",
        "image": "https:\/\/cdn-consum.aktiosdigitalservices.com\/tol\/consum\/media\/product\/img\/300x300\/7264901.jpg?t=20250311133806"
    },
    {
        "id": 26074,
        "name": "Vino Blanco Verdejo D.O. Rueda CASTILLO GUI",
        "price": 3,
        "price_kilo": 4,
        "slug": "vino-blanco-verdejo-do-rueda",
        "description": "Vino Blanco Verdejo D.O. Rueda 0,75 L",
        "image": "https:\/\/cdn-consum.aktiosdigitalservices.com\/tol\/consum\/media\/product\/img\/300x300\/7371735.jpg?t=20250227093634"
    },
    {
        "id": 30483,
        "name": "Tortillas de Ma\u00edz Sin Gluten 6 Unidades OLD EL PASO",
        "price": 2.89,
        "price_kilo": 13.38,
        "slug": "tortillas-de-maiz-sin-gluten-6-unidades",
        "description": "Tortillas de Ma\u00edz Sin Gluten 6 Unidades 216 Gr",
        "image": "https:\/\/cdn-consum.aktiosdigitalservices.com\/tol\/consum\/media\/product\/img\/300x300\/7409519.jpg?t=20250311134656"
    },
    {
        "id": 33371,
        "name": "Desodorante Spray Dermo Total SANEX",
        "price": 3.39,
        "price_kilo": 1.7,
        "slug": "desodorante-spray-dermo-total",
        "description": "Desodorante Spray Dermo Total 200 ml",
        "image": "https:\/\/cdn-consum.aktiosdigitalservices.com\/tol\/consum\/media\/product\/img\/300x300\/7427953.jpg?t=20250312161318"
    },
    {
        "id": 35688,
        "name": "Galleta Maria Oro +33% Gratis CUETARA",
        "price": 2.95,
        "price_kilo": 4.92,
        "slug": "galleta-maria-oro-33-gratis",
        "description": "Galleta Maria Oro +33% Gratis 600 Gr",
        "image": "https:\/\/cdn-consum.aktiosdigitalservices.com\/tol\/consum\/media\/product\/img\/300x300\/7448496.jpg?t=20250311135203"
    },
    {
        "id": 39887,
        "name": "Aceite Crema Aguacate Nutritivo OR.REMEDIES",
        "price": 2.75,
        "price_kilo": 1.38,
        "slug": "aceite-crema-aguacate-nutritivo",
        "description": "Aceite Crema Aguacate Nutritivo 200 ml",
        "image": "https:\/\/cdn-consum.aktiosdigitalservices.com\/tol\/consum\/media\/product\/img\/300x300\/7455335.jpg?t=20250312092948"
    },
    {
        "id": 4877,
        "name": "Galletas Creme Tropical GULLON",
        "price": 2.95,
        "price_kilo": 3.69,
        "slug": "galletas-creme-tropical",
        "description": "Galletas Creme Tropical 800 Gr",
        "image": "https:\/\/cdn-consum.aktiosdigitalservices.com\/tol\/consum\/media\/product\/img\/300x300\/318840.jpg?t=20250312155701"
    },
    {
        "id": 8585,
        "name": "Pasta Fresca Rellena 4 Quesos RANA",
        "price": 2.7,
        "price_kilo": 10.8,
        "slug": "pasta-fresca-rellena-4-quesos",
        "description": "Pasta Fresca Rellena 4 Quesos 250 Gr",
        "image": "https:\/\/cdn-consum.aktiosdigitalservices.com\/tol\/consum\/media\/product\/img\/300x300\/7178051.jpg?t=20250312125240"
    },
    {
        "id": 15006,
        "name": "Vino Blanco Verdejo D.O.Valdepe\u00f1as VI\u00d1A ALBALI",
        "price": 2.99,
        "price_kilo": 3.99,
        "slug": "vino-blanco-verdejo-dovaldepenas",
        "description": "Vino Blanco Verdejo D.O.Valdepe\u00f1as 0,75 L",
        "image": "https:\/\/cdn-consum.aktiosdigitalservices.com\/tol\/consum\/media\/product\/img\/300x300\/7259963.jpg?t=20250227092250"
    },
    {
        "id": 15237,
        "name": "Pasta Fresca Rellena de Pollo Asado RANA",
        "price": 2.7,
        "price_kilo": 10.8,
        "slug": "pasta-fresca-rellena-de-pollo-asado",
        "description": "Pasta Fresca Rellena de Pollo Asado 250 Gr",
        "image": "https:\/\/cdn-consum.aktiosdigitalservices.com\/tol\/consum\/media\/product\/img\/300x300\/7282007.jpg?t=20250312125528"
    },
    {
        "id": 17728,
        "name": "Pasta Fresca Rellena Jam\u00f3n y Queso RANA",
        "price": 2.7,
        "price_kilo": 10.8,
        "slug": "pasta-fresca-rellena-jamon-y-queso",
        "description": "Pasta Fresca Rellena Jam\u00f3n y Queso 250 Gr",
        "image": "https:\/\/cdn-consum.aktiosdigitalservices.com\/tol\/consum\/media\/product\/img\/300x300\/7178064.jpg?t=20250312125243"
    },
    {
        "id": 18708,
        "name": "Rosca R\u00fastica de Lomo DE ORO",
        "price": 3,
        "price_kilo": 6.25,
        "slug": "rosca-rustica-de-lomo",
        "description": "Rosca R\u00fastica de Lomo 480 Gr",
        "image": "https:\/\/cdn-consum.aktiosdigitalservices.com\/tol\/consum\/media\/product\/img\/300x300\/7305907.jpg?t=20250227092823"
    },
    {
        "id": 27929,
        "name": "Pan Tostado con Lino 100% Integral Dextrin SANTIVERI",
        "price": 2.95,
        "price_kilo": 9.83,
        "slug": "pan-tostado-con-lino-100-integral-dextrin",
        "description": "Pan Tostado con Lino 100% Integral Dextrin 300 Gr",
        "image": "https:\/\/cdn-consum.aktiosdigitalservices.com\/tol\/consum\/media\/product\/img\/300x300\/7388267.jpg?t=20250311111835"
    },
    {
        "id": 28093,
        "name": "Pan Tostado Tradicional 100% Integral Dextrin SANTIVERI",
        "price": 2.95,
        "price_kilo": 9.83,
        "slug": "pan-tostado-tradicional-100-integral-dextrin",
        "description": "Pan Tostado Tradicional 100% Integral Dextrin 300 Gr",
        "image": "https:\/\/cdn-consum.aktiosdigitalservices.com\/tol\/consum\/media\/product\/img\/300x300\/7388262.jpg?t=20250311111833"
    },
    {
        "id": 28432,
        "name": "Yogolino Natillas Pack de 4 NESTLE",
        "price": 3.45,
        "price_kilo": 8.63,
        "slug": "yogolino-natillas-pack-de-4",
        "description": "Yogolino Natillas Pack de 4 4 x 100 Gr",
        "image": "https:\/\/cdn-consum.aktiosdigitalservices.com\/tol\/consum\/media\/product\/img\/300x300\/7391803.jpg?t=20250311111930"
    },
    {
        "id": 33988,
        "name": "Pasta Fresca Bolo\u00f1esa RANA",
        "price": 2.7,
        "price_kilo": 10.8,
        "slug": "pasta-fresca-bolonesa",
        "description": "Pasta Fresca Bolo\u00f1esa 250 Gr",
        "image": "https:\/\/cdn-consum.aktiosdigitalservices.com\/tol\/consum\/media\/product\/img\/300x300\/7436657.jpg?t=20250312130330"
    },
    {
        "id": 35017,
        "name": "Filete de Anchoa en Aceite de Girasol BRUIMAR",
        "price": 3.09,
        "price_kilo": 61.8,
        "slug": "filete-de-anchoa-en-aceite-de-girasol",
        "description": "Filete de Anchoa en Aceite de Girasol 50 Gr",
        "image": "https:\/\/cdn-consum.aktiosdigitalservices.com\/tol\/consum\/media\/product\/img\/300x300\/7443406.jpg?t=20250227095416"
    },
    {
        "id": 35279,
        "name": "Pasta Fresca Rellena de Costila Barbacoa RANA",
        "price": 2.7,
        "price_kilo": 10.8,
        "slug": "pasta-fresca-rellena-de-costila-barbacoa",
        "description": "Pasta Fresca Rellena de Costila Barbacoa 250 Gr",
        "image": "https:\/\/cdn-consum.aktiosdigitalservices.com\/tol\/consum\/media\/product\/img\/300x300\/7446412.jpg?t=20250312130438"
    },
    {
        "id": 10163,
        "name": "Medallones Queso Cabra PRESIDENT",
        "price": 3.09,
        "price_kilo": 15.45,
        "slug": "medallones-queso-cabra",
        "description": "Medallones Queso Cabra 200 Gr",
        "image": "https:\/\/cdn-consum.aktiosdigitalservices.com\/tol\/consum\/media\/product\/img\/300x300\/7041770.jpg?t=20250314121353"
    },
    {
        "id": 10811,
        "name": "Mussaka congelada MAHESO",
        "price": 2.99,
        "price_kilo": 9.96,
        "slug": "mussaka-congelada",
        "description": "Mussaka congelada 300 Gr",
        "image": "https:\/\/cdn-consum.aktiosdigitalservices.com\/tol\/consum\/media\/product\/img\/300x300\/7213114.jpg?t=20250312125350"
    },
    {
        "id": 16758,
        "name": "Caldo Paella F\u00e1cil Brik G.BLANCA",
        "price": 3.49,
        "price_kilo": 3.49,
        "slug": "caldo-paella-facil-brik",
        "description": "Caldo Paella F\u00e1cil Brik 1 L",
        "image": "https:\/\/cdn-consum.aktiosdigitalservices.com\/tol\/consum\/media\/product\/img\/300x300\/7198737.jpg?t=20250318080103"
    },
    {
        "id": 17957,
        "name": "Acondicionador Tesoros Miel OR.REMEDIES",
        "price": 2.85,
        "price_kilo": 1.14,
        "slug": "acondicionador-tesoros-miel",
        "description": "Acondicionador Tesoros Miel 250 ml",
        "image": "https:\/\/cdn-consum.aktiosdigitalservices.com\/tol\/consum\/media\/product\/img\/300x300\/7307143.jpg?t=20250228080313"
    },
    {
        "id": 19939,
        "name": "Caldo Fideu\u00e1 F\u00e1cil Brik G.BLANCA",
        "price": 3.49,
        "price_kilo": 3.49,
        "slug": "caldo-fideua-facil-brik",
        "description": "Caldo Fideu\u00e1 F\u00e1cil Brik 1 L",
        "image": "https:\/\/cdn-consum.aktiosdigitalservices.com\/tol\/consum\/media\/product\/img\/300x300\/7325442.jpg?t=20250318080340"
    },
    {
        "id": 28987,
        "name": "Fumet de Pescado de Roca y Marisco G.BLANCA",
        "price": 3.49,
        "price_kilo": 3.49,
        "slug": "fumet-de-pescado-de-roca-y-marisco",
        "description": "Fumet de Pescado de Roca y Marisco 1 L",
        "image": "https:\/\/cdn-consum.aktiosdigitalservices.com\/tol\/consum\/media\/product\/img\/300x300\/7397750.jpg?t=20250227094124"
    },
    {
        "id": 29395,
        "name": "Desodorante Spray Bright Bouquet REXONA",
        "price": 2.79,
        "price_kilo": 1.4,
        "slug": "desodorante-spray-bright-bouquet",
        "description": "Desodorante Spray Bright Bouquet 200 ml",
        "image": "https:\/\/cdn-consum.aktiosdigitalservices.com\/tol\/consum\/media\/product\/img\/300x300\/7400773.jpg?t=20250312161057"
    },
    {
        "id": 29396,
        "name": "Desodorante Spray Invisible Aqua REXONA",
        "price": 2.79,
        "price_kilo": 1.4,
        "slug": "desodorante-spray-invisible-aqua",
        "description": "Desodorante Spray Invisible Aqua 200 ml",
        "image": "https:\/\/cdn-consum.aktiosdigitalservices.com\/tol\/consum\/media\/product\/img\/300x300\/7400778.jpg?t=20250227094158"
    },
    {
        "id": 31805,
        "name": "Desodorante Spray Aloe Vera REXONA",
        "price": 2.79,
        "price_kilo": 1.4,
        "slug": "desodorante-spray-aloe-vera",
        "description": "Desodorante Spray Aloe Vera 200 ml",
        "image": "https:\/\/cdn-consum.aktiosdigitalservices.com\/tol\/consum\/media\/product\/img\/300x300\/7419351.jpg?t=20250312161203"
    },
    {
        "id": 31923,
        "name": "Cheese Burguer BROOKLYN",
        "price": 2.62,
        "price_kilo": 12.48,
        "slug": "cheese-burguer",
        "description": "Cheese Burguer 210 Gr",
        "image": "https:\/\/cdn-consum.aktiosdigitalservices.com\/tol\/consum\/media\/product\/img\/300x300\/7421241.jpg?t=20250314121703"
    },
    {
        "id": 34733,
        "name": "At\u00fan Claro al Natural + PRO CALVO",
        "price": 2.99,
        "price_kilo": 17.79,
        "slug": "atun-claro-al-natural-pro",
        "description": "At\u00fan Claro al Natural + PRO 3 x 56 Gr",
        "image": "https:\/\/cdn-consum.aktiosdigitalservices.com\/tol\/consum\/media\/product\/img\/300x300\/7443877.jpg?t=20250313081324"
    },
    {
        "id": 35597,
        "name": "Desodorante Spray Tropical REXONA",
        "price": 2.79,
        "price_kilo": 1.4,
        "slug": "desodorante-spray-tropical",
        "description": "Desodorante Spray Tropical 200 ml",
        "image": "https:\/\/cdn-consum.aktiosdigitalservices.com\/tol\/consum\/media\/product\/img\/300x300\/7449168.jpg?t=20250227095640"
    },
    {
        "id": 32204,
        "name": "Filete Tierno de Ternera Gallega ",
        "price": 2.98,
        "price_kilo": 19.95,
        "slug": "filete-tierno-de-ternera-gallega",
        "description": "Filete Tierno de Ternera Gallega",
        "image": "https:\/\/cdn-consum.aktiosdigitalservices.com\/tol\/consum\/media\/product\/img\/300x300\/7238277.jpg?t=20250321075853"
    },
    {
        "id": 11261,
        "name": "Jam\u00f3n Serrano Duroc Lonchas LA HOGUERA",
        "price": 3.19,
        "price_kilo": 31.9,
        "slug": "jamon-serrano-duroc-lonchas",
        "description": "Jam\u00f3n Serrano Duroc Lonchas 100 Gr",
        "image": "https:\/\/cdn-consum.aktiosdigitalservices.com\/tol\/consum\/media\/product\/img\/300x300\/7226384.jpg?t=20250227091756"
    },
    {
        "id": 25770,
        "name": "Bacon Burger con Bacon y Queso BROOKLYN",
        "price": 2.85,
        "price_kilo": 13.57,
        "slug": "bacon-burger-con-bacon-y-queso",
        "description": "Bacon Burger con Bacon y Queso 220 Gr",
        "image": "https:\/\/cdn-consum.aktiosdigitalservices.com\/tol\/consum\/media\/product\/img\/300x300\/7369429.jpg?t=20250314121610"
    },
    {
        "id": 27007,
        "name": "Queso Cremoso Lonchas ASTURIANA",
        "price": 3.55,
        "price_kilo": 14.2,
        "slug": "queso-cremoso-lonchas",
        "description": "Queso Cremoso Lonchas 250 Gr",
        "image": "https:\/\/cdn-consum.aktiosdigitalservices.com\/tol\/consum\/media\/product\/img\/300x300\/7379761.jpg?t=20250311134417"
    },
    {
        "id": 31810,
        "name": "Desodorante Spray Original DOVE",
        "price": 2.95,
        "price_kilo": 1.48,
        "slug": "desodorante-spray-original",
        "description": "Desodorante Spray Original 200 ml",
        "image": "https:\/\/cdn-consum.aktiosdigitalservices.com\/tol\/consum\/media\/product\/img\/300x300\/7419422.jpg?t=20250312161213"
    },
    {
        "id": 35293,
        "name": "Suavizante Concentrado Cielo Azul VERNEL",
        "price": 2.89,
        "price_kilo": 0.05,
        "slug": "suavizante-concentrado-cielo-azul",
        "description": "Suavizante Concentrado Cielo Azul 60 Lv",
        "image": "https:\/\/cdn-consum.aktiosdigitalservices.com\/tol\/consum\/media\/product\/img\/300x300\/7447191.jpg?t=20250312161609"
    },
    {
        "id": 35294,
        "name": "Suavizante Concentrado Aromaterapia VERNEL",
        "price": 2.89,
        "price_kilo": 0.05,
        "slug": "suavizante-concentrado-aromaterapia",
        "description": "Suavizante Concentrado Aromaterapia 60 Lv",
        "image": "https:\/\/cdn-consum.aktiosdigitalservices.com\/tol\/consum\/media\/product\/img\/300x300\/7447196.jpg?t=20250312161611"
    },
    {
        "id": 35295,
        "name": "Suavizante Concentrado Delicado VERNEL",
        "price": 2.89,
        "price_kilo": 0.05,
        "slug": "suavizante-concentrado-delicado",
        "description": "Suavizante Concentrado Delicado 60 Lv",
        "image": "https:\/\/cdn-consum.aktiosdigitalservices.com\/tol\/consum\/media\/product\/img\/300x300\/7447204.jpg?t=20250312161613"
    },
    {
        "id": 35296,
        "name": "Suavizante Concentrado Frescor VERNEL",
        "price": 2.89,
        "price_kilo": 0.05,
        "slug": "suavizante-concentrado-frescor",
        "description": "Suavizante Concentrado Frescor 60 Lv",
        "image": "https:\/\/cdn-consum.aktiosdigitalservices.com\/tol\/consum\/media\/product\/img\/300x300\/7447209.jpg?t=20250312161615"
    },
    {
        "id": 32000,
        "name": "Alas Crunchy Chicken NATURAVIA",
        "price": 3.3,
        "price_kilo": 6.59,
        "slug": "alas-crunchy-chicken",
        "description": "Alas Crunchy Chicken",
        "image": "https:\/\/cdn-consum.aktiosdigitalservices.com\/tol\/consum\/media\/product\/img\/300x300\/7422483.jpg?t=20250318080650"
    },
    {
        "id": 5551,
        "name": "Champ\u00fa Ultra Suave Ni\u00f1os GARNIER",
        "price": 2.95,
        "price_kilo": 0.74,
        "slug": "champu-ultra-suave-ninos",
        "description": "Champ\u00fa Ultra Suave Ni\u00f1os 400 ml",
        "image": "https:\/\/cdn-consum.aktiosdigitalservices.com\/tol\/consum\/media\/product\/img\/300x300\/7036262.jpg?t=20250227090411"
    },
    {
        "id": 9340,
        "name": "Bonito del Norte en Aceite Oliva ALBO",
        "price": 3,
        "price_kilo": 36.58,
        "slug": "bonito-del-norte-en-aceite-oliva",
        "description": "Bonito del Norte en Aceite Oliva 82 Gr",
        "image": "https:\/\/cdn-consum.aktiosdigitalservices.com\/tol\/consum\/media\/product\/img\/300x300\/7195761.jpg?t=20250313080236"
    },
    {
        "id": 17956,
        "name": "Champ\u00fa Tesoros Miel OR.REMEDIES",
        "price": 2.95,
        "price_kilo": 0.99,
        "slug": "champu-tesoros-miel",
        "description": "Champ\u00fa Tesoros Miel 300 ml",
        "image": "https:\/\/cdn-consum.aktiosdigitalservices.com\/tol\/consum\/media\/product\/img\/300x300\/7307135.jpg?t=20250228080311"
    },
    {
        "id": 17958,
        "name": "Champ\u00fa Arcilla Lim\u00f3n OR.REMEDIES",
        "price": 2.95,
        "price_kilo": 0.99,
        "slug": "champu-arcilla-limon",
        "description": "Champ\u00fa Arcilla Lim\u00f3n 300 ml",
        "image": "https:\/\/cdn-consum.aktiosdigitalservices.com\/tol\/consum\/media\/product\/img\/300x300\/7307148.jpg?t=20250228080315"
    },
    {
        "id": 17959,
        "name": "Champ\u00fa Delicatesse OR.REMEDIES",
        "price": 2.95,
        "price_kilo": 0.99,
        "slug": "champu-delicatesse",
        "description": "Champ\u00fa Delicatesse 300 ml",
        "image": "https:\/\/cdn-consum.aktiosdigitalservices.com\/tol\/consum\/media\/product\/img\/300x300\/7307150.jpg?t=20250228080317"
    },
    {
        "id": 17960,
        "name": "Champ\u00fa Oliva M\u00edtica OR.REMEDIES",
        "price": 2.95,
        "price_kilo": 0.99,
        "slug": "champu-oliva-mitica",
        "description": "Champ\u00fa Oliva M\u00edtica 300 ml",
        "image": "https:\/\/cdn-consum.aktiosdigitalservices.com\/tol\/consum\/media\/product\/img\/300x300\/7307163.jpg?t=20250318080942"
    },
    {
        "id": 20353,
        "name": "K\u00e9fir Cabra Ecol\u00f3gico Natural EL CANTERO",
        "price": 2.89,
        "price_kilo": 6.88,
        "slug": "kefir-cabra-ecologico-natural",
        "description": "K\u00e9fir Cabra Ecol\u00f3gico Natural 420 Gr",
        "image": "https:\/\/cdn-consum.aktiosdigitalservices.com\/tol\/consum\/media\/product\/img\/300x300\/7312648.jpg?t=20250227092907"
    },
    {
        "id": 23490,
        "name": "Champ\u00fa Vitalidad 5 Plantas OR.REMEDIES",
        "price": 2.95,
        "price_kilo": 0.99,
        "slug": "champu-vitalidad-5-plantas",
        "description": "Champ\u00fa Vitalidad 5 Plantas 300 ml",
        "image": "https:\/\/cdn-consum.aktiosdigitalservices.com\/tol\/consum\/media\/product\/img\/300x300\/7349434.jpg?t=20250228080414"
    },
    {
        "id": 31260,
        "name": "Champ\u00fa Equilibrante Carb\u00f3n Magnetico OR.REMEDIES",
        "price": 2.95,
        "price_kilo": 0.99,
        "slug": "champu-equilibrante-carbon-magnetico",
        "description": "Champ\u00fa Equilibrante Carb\u00f3n Magnetico 300 ml",
        "image": "https:\/\/cdn-consum.aktiosdigitalservices.com\/tol\/consum\/media\/product\/img\/300x300\/7415024.jpg?t=20250312092828"
    },
    {
        "id": 33184,
        "name": "Cepillo Zig Zag Medio Antibacterias COLGATE",
        "price": 3.59,
        "price_kilo": 1.2,
        "slug": "cepillo-zig-zag-medio-antibacterias",
        "description": "Cepillo Zig Zag Medio Antibacterias 3 U",
        "image": "https:\/\/cdn-consum.aktiosdigitalservices.com\/tol\/consum\/media\/product\/img\/300x300\/7430952.jpg?t=20250227094928"
    },
    {
        "id": 33625,
        "name": "Discos Activos WC Lima Fresca PATO",
        "price": 1.99,
        "price_kilo": 1.99,
        "slug": "discos-activos-wc-lima-fresca",
        "description": "Discos Activos WC Lima Fresca 1 U",
        "image": "https:\/\/cdn-consum.aktiosdigitalservices.com\/tol\/consum\/media\/product\/img\/300x300\/7433691.jpg?t=20250313081156"
    },
    {
        "id": 33692,
        "name": "Discos Activos WC Frescor Marino PATO",
        "price": 1.99,
        "price_kilo": 1.99,
        "slug": "discos-activos-wc-frescor-marino",
        "description": "Discos Activos WC Frescor Marino 1 U",
        "image": "https:\/\/cdn-consum.aktiosdigitalservices.com\/tol\/consum\/media\/product\/img\/300x300\/7434058.jpg?t=20250313081200"
    },
    {
        "id": 9311,
        "name": "Galleta Mar\u00eda sin Gluten GULLON",
        "price": 2.99,
        "price_kilo": 7.87,
        "slug": "galleta-maria-sin-gluten",
        "description": "Galleta Mar\u00eda sin Gluten 380 Gr",
        "image": "https:\/\/cdn-consum.aktiosdigitalservices.com\/tol\/consum\/media\/product\/img\/300x300\/7167786.jpg?t=20250311104805"
    },
    {
        "id": 19485,
        "name": "Cereal Soluble Ecol\u00f3gico EKO",
        "price": 2.99,
        "price_kilo": 19.93,
        "slug": "cereal-soluble-ecologico",
        "description": "Cereal Soluble Ecol\u00f3gico 150 Gr",
        "image": "https:\/\/cdn-consum.aktiosdigitalservices.com\/tol\/consum\/media\/product\/img\/300x300\/7321052.jpg?t=20250311134040"
    },
    {
        "id": 39888,
        "name": "Champ\u00fa Aguacate Nutritivo OR.REMEDIES",
        "price": 2.85,
        "price_kilo": 0.95,
        "slug": "champu-aguacate-nutritivo",
        "description": "Champ\u00fa Aguacate Nutritivo 300 ml",
        "image": "https:\/\/cdn-consum.aktiosdigitalservices.com\/tol\/consum\/media\/product\/img\/300x300\/7455343.jpg?t=20250312092949"
    },
    {
        "id": 7024,
        "name": "Pizza Forno congelada Caprese BUITONI",
        "price": 3.1,
        "price_kilo": 8.86,
        "slug": "pizza-forno-congelada-caprese",
        "description": "Pizza Forno congelada Caprese 350 Gr",
        "image": "https:\/\/cdn-consum.aktiosdigitalservices.com\/tol\/consum\/media\/product\/img\/300x300\/7193014.jpg?t=20250304110214"
    },
    {
        "id": 7763,
        "name": "Pizza congelada Forno Barbacoa BUITONI",
        "price": 3.1,
        "price_kilo": 9.54,
        "slug": "pizza-congelada-forno-barbacoa",
        "description": "Pizza congelada Forno Barbacoa 325 Gr",
        "image": "https:\/\/cdn-consum.aktiosdigitalservices.com\/tol\/consum\/media\/product\/img\/300x300\/7233633.jpg?t=20250315075802"
    },
    {
        "id": 10486,
        "name": "Pizza congelada Forno Prosciutto e Funghi BUITONI",
        "price": 3.1,
        "price_kilo": 9.12,
        "slug": "pizza-congelada-forno-prosciutto-e-funghi",
        "description": "Pizza congelada Forno Prosciutto e Funghi 340 Gr",
        "image": "https:\/\/cdn-consum.aktiosdigitalservices.com\/tol\/consum\/media\/product\/img\/300x300\/7256329.jpg?t=20250227092226"
    },
    {
        "id": 14504,
        "name": "Chopirones Rebozados al Huevo PESCANOVA",
        "price": 3.15,
        "price_kilo": 10.5,
        "slug": "chopirones-rebozados-al-huevo",
        "description": "Chopirones Rebozados al Huevo 300 Gr",
        "image": "https:\/\/cdn-consum.aktiosdigitalservices.com\/tol\/consum\/media\/product\/img\/300x300\/7279508.jpg?t=20250227092455"
    },
    {
        "id": 29861,
        "name": "Pizza congelada Forno di Pietra 4 Formaggi BUITONI",
        "price": 3.1,
        "price_kilo": 9.12,
        "slug": "pizza-congelada-forno-di-pietra-4-formaggi",
        "description": "Pizza congelada Forno di Pietra 4 Formaggi 340 Gr",
        "image": "https:\/\/cdn-consum.aktiosdigitalservices.com\/tol\/consum\/media\/product\/img\/300x300\/7404796.jpg?t=20250315075903"
    },
    {
        "id": 31867,
        "name": "Desodorante Spray Invisible DOVE",
        "price": 3.05,
        "price_kilo": 1.53,
        "slug": "desodorante-spray-invisible",
        "description": "Desodorante Spray Invisible 200 ml",
        "image": "https:\/\/cdn-consum.aktiosdigitalservices.com\/tol\/consum\/media\/product\/img\/300x300\/7419406.jpg?t=20250312161209"
    },
    {
        "id": 31963,
        "name": "Desodorante Spray Go Fresh DOVE",
        "price": 3.05,
        "price_kilo": 1.53,
        "slug": "desodorante-spray-go-fresh",
        "description": "Desodorante Spray Go Fresh 200 ml",
        "image": "https:\/\/cdn-consum.aktiosdigitalservices.com\/tol\/consum\/media\/product\/img\/300x300\/7419393.jpg?t=20250227094605"
    },
    {
        "id": 35322,
        "name": "Batido Cacao Botell\u00edn CACAOLAT",
        "price": 3.15,
        "price_kilo": 3.94,
        "slug": "batido-cacao-botellin",
        "description": "Batido Cacao Botell\u00edn 4 x 200 ml",
        "image": "https:\/\/cdn-consum.aktiosdigitalservices.com\/tol\/consum\/media\/product\/img\/300x300\/7447493.jpg?t=20250313081357"
    },
    {
        "id": 4858,
        "name": "Vino Tinto Reserva D.O.Valdepe\u00f1as VI\u00d1A ALBALI",
        "price": 3.35,
        "price_kilo": 4.47,
        "slug": "vino-tinto-reserva-dovaldepenas",
        "description": "Vino Tinto Reserva D.O.Valdepe\u00f1as 0,75 L",
        "image": "https:\/\/cdn-consum.aktiosdigitalservices.com\/tol\/consum\/media\/product\/img\/300x300\/311167.jpg?t=20250227085759"
    },
    {
        "id": 7425,
        "name": "Philadelphia Natural Tarrina PHILADELPHIA",
        "price": 3.25,
        "price_kilo": 9.28,
        "slug": "philadelphia-natural-tarrina",
        "description": "Philadelphia Natural Tarrina 350 Gr",
        "image": "https:\/\/cdn-consum.aktiosdigitalservices.com\/tol\/consum\/media\/product\/img\/300x300\/7214757.jpg?t=20250312160249"
    },
    {
        "id": 8035,
        "name": "Tinte Chocolate N\u00ba37 COLORSILK",
        "price": 3.69,
        "price_kilo": 3.69,
        "slug": "tinte-chocolate-n37",
        "description": "Tinte Chocolate N\u00ba37 1 U",
        "image": "https:\/\/cdn-consum.aktiosdigitalservices.com\/tol\/consum\/media\/product\/img\/300x300\/7247133.jpg?t=20250227092053"
    },
    {
        "id": 8036,
        "name": "Tinte Casta\u00f1o Oscuro N\u00ba30 COLORSILK",
        "price": 3.69,
        "price_kilo": 3.69,
        "slug": "tinte-castano-oscuro-n30",
        "description": "Tinte Casta\u00f1o Oscuro N\u00ba30 1 U",
        "image": "https:\/\/cdn-consum.aktiosdigitalservices.com\/tol\/consum\/media\/product\/img\/300x300\/7247138.jpg?t=20250227092056"
    },
    {
        "id": 8037,
        "name": "Tinte Negro N\u00ba10 COLORSILK",
        "price": 3.69,
        "price_kilo": 3.69,
        "slug": "tinte-negro-n10",
        "description": "Tinte Negro N\u00ba10 1 U",
        "image": "https:\/\/cdn-consum.aktiosdigitalservices.com\/tol\/consum\/media\/product\/img\/300x300\/7247141.jpg?t=20250227092100"
    },
    {
        "id": 8038,
        "name": "Tinte Casta\u00f1o Medio N\u00ba41 COLORSILK",
        "price": 3.69,
        "price_kilo": 3.69,
        "slug": "tinte-castano-medio-n41",
        "description": "Tinte Casta\u00f1o Medio N\u00ba41 1 U",
        "image": "https:\/\/cdn-consum.aktiosdigitalservices.com\/tol\/consum\/media\/product\/img\/300x300\/7247153.jpg?t=20250227092103"
    },
    {
        "id": 8040,
        "name": "Tinte Casta\u00f1o Claro N\u00ba51 COLORSILK",
        "price": 3.69,
        "price_kilo": 3.69,
        "slug": "tinte-castano-claro-n51",
        "description": "Tinte Casta\u00f1o Claro N\u00ba51 1 U",
        "image": "https:\/\/cdn-consum.aktiosdigitalservices.com\/tol\/consum\/media\/product\/img\/300x300\/7247182.jpg?t=20250227092113"
    },
    {
        "id": 8041,
        "name": "Tinte Rubio Oscuro Ceniza N\u00ba60 COLORSILK",
        "price": 3.69,
        "price_kilo": 3.69,
        "slug": "tinte-rubio-oscuro-ceniza-n60",
        "description": "Tinte Rubio Oscuro Ceniza N\u00ba60 1 U",
        "image": "https:\/\/cdn-consum.aktiosdigitalservices.com\/tol\/consum\/media\/product\/img\/300x300\/7247187.jpg?t=20250227092116"
    },
    {
        "id": 9014,
        "name": "Verduras Gourmet Vapor Listos en  3 Min. congelada FINDUS",
        "price": 2.99,
        "price_kilo": 8.54,
        "slug": "verduras-gourmet-vapor-listos-en-3-min-congelada",
        "description": "Verduras Gourmet Vapor Listos en Tres Minutos congelada 350 Gr",
        "image": "https:\/\/cdn-consum.aktiosdigitalservices.com\/tol\/consum\/media\/product\/img\/300x300\/7230860.jpg?t=20250227091823"
    },
    {
        "id": 9317,
        "name": "Comida Men\u00fa para Cobayas VITAKRAFT",
        "price": 3.69,
        "price_kilo": 3.69,
        "slug": "comida-menu-para-cobayas",
        "description": "Comida Men\u00fa para Cobayas 1 Kg",
        "image": "https:\/\/cdn-consum.aktiosdigitalservices.com\/tol\/consum\/media\/product\/img\/300x300\/7180359.jpg?t=20250227091148"
    },
    {
        "id": 10458,
        "name": "Tinte Casta\u00f1o Cobrizo Dorado N\u00ba46 COLORSILK",
        "price": 3.69,
        "price_kilo": 3.69,
        "slug": "tinte-castano-cobrizo-dorado-n46",
        "description": "Tinte Casta\u00f1o Cobrizo Dorado N\u00ba46 1 U",
        "image": "https:\/\/cdn-consum.aktiosdigitalservices.com\/tol\/consum\/media\/product\/img\/300x300\/7247158.jpg?t=20250227092106"
    },
    {
        "id": 10459,
        "name": "Tinte Rubio Oscuro N\u00ba61 COLORSILK",
        "price": 3.69,
        "price_kilo": 3.69,
        "slug": "tinte-rubio-oscuro-n61",
        "description": "Tinte Rubio Oscuro N\u00ba61 1 U",
        "image": "https:\/\/cdn-consum.aktiosdigitalservices.com\/tol\/consum\/media\/product\/img\/300x300\/7247161.jpg?t=20250227092108"
    },
    {
        "id": 10460,
        "name": "Tinte Borgo\u00f1a N\u00ba48 COLORSILK",
        "price": 3.69,
        "price_kilo": 3.69,
        "slug": "tinte-borgona-n48",
        "description": "Tinte Borgo\u00f1a N\u00ba48 1 U",
        "image": "https:\/\/cdn-consum.aktiosdigitalservices.com\/tol\/consum\/media\/product\/img\/300x300\/7247190.jpg?t=20250227092119"
    },
    {
        "id": 10512,
        "name": "Tinte N\u00ba3 Rubio Ultra Claro Brillant. COLORSILK",
        "price": 3.69,
        "price_kilo": 3.69,
        "slug": "tinte-n3-rubio-ultra-claro-brillant",
        "description": "Tinte N\u00ba3 Rubio Ultra Claro Brillant. 1 U",
        "image": "https:\/\/cdn-consum.aktiosdigitalservices.com\/tol\/consum\/media\/product\/img\/300x300\/7262061.jpg?t=20250311164600"
    },
    {
        "id": 10513,
        "name": "Tinte N\u00ba80 Rubio Claro Ceniza COLORSILK",
        "price": 3.69,
        "price_kilo": 3.69,
        "slug": "tinte-n80-rubio-claro-ceniza",
        "description": "Tinte N\u00ba80 Rubio Claro Ceniza 1 U",
        "image": "https:\/\/cdn-consum.aktiosdigitalservices.com\/tol\/consum\/media\/product\/img\/300x300\/7262066.jpg?t=20250311164600"
    },
    {
        "id": 14939,
        "name": "Philadelphia Light Tarrina PHILADELPHIA",
        "price": 3.25,
        "price_kilo": 9.28,
        "slug": "philadelphia-light-tarrina",
        "description": "Philadelphia Light Tarrina 350 Gr",
        "image": "https:\/\/cdn-consum.aktiosdigitalservices.com\/tol\/consum\/media\/product\/img\/300x300\/7214765.jpg?t=20250312160251"
    },
    {
        "id": 18155,
        "name": "Pechuga Supercrispy congelada MAHESO",
        "price": 3.15,
        "price_kilo": 12.6,
        "slug": "pechuga-supercrispy-congelada",
        "description": "Pechuga Supercrispy congelada 250 Gr",
        "image": "https:\/\/cdn-consum.aktiosdigitalservices.com\/tol\/consum\/media\/product\/img\/300x300\/7307119.jpg?t=20250227092825"
    },
    {
        "id": 27004,
        "name": "Barrita Cereales Protein Cacahuete y Chocolate NAT.VALLEY",
        "price": 3.15,
        "price_kilo": 19.69,
        "slug": "barrita-cereales-protein-cacahuete-y-chocolate",
        "description": "Barrita Cereales Protein Cacahuete y Chocolate 160 Gr",
        "image": "https:\/\/cdn-consum.aktiosdigitalservices.com\/tol\/consum\/media\/product\/img\/300x300\/7379738.jpg?t=20250313080843"
    },
    {
        "id": 29328,
        "name": "Crema para Untar de Galleta Biscoff LOTUS",
        "price": 2.99,
        "price_kilo": 7.48,
        "slug": "crema-para-untar-de-galleta-biscoff",
        "description": "Crema para Untar de Galleta Biscoff 400 Gr",
        "image": "https:\/\/cdn-consum.aktiosdigitalservices.com\/tol\/consum\/media\/product\/img\/300x300\/7400245.jpg?t=20250311134602"
    },
    {
        "id": 32324,
        "name": "Tinte 27 Casta\u00f1o C\u00e1lido Profundo Sin Amoniaco COLORSILK",
        "price": 3.69,
        "price_kilo": 3.69,
        "slug": "tinte-27-castano-calido-profundo-sin-amoniaco",
        "description": "Tinte 27 Casta\u00f1o C\u00e1lido Profundo Sin Amoniaco 1 U",
        "image": "https:\/\/cdn-consum.aktiosdigitalservices.com\/tol\/consum\/media\/product\/img\/300x300\/7423528.jpg?t=20250227094727"
    },
    {
        "id": 32325,
        "name": "Tinte 55 Casta\u00f1o Rojizo Sin Amoniaco COLORSILK",
        "price": 3.69,
        "price_kilo": 3.69,
        "slug": "tinte-55-castano-rojizo-sin-amoniaco",
        "description": "Tinte 55 Casta\u00f1o Rojizo Sin Amoniaco 1 U",
        "image": "https:\/\/cdn-consum.aktiosdigitalservices.com\/tol\/consum\/media\/product\/img\/300x300\/7423531.jpg?t=20250227094729"
    },
    {
        "id": 34568,
        "name": "Dent\u00edfrico Antiplaca Fresh Total COLGATE",
        "price": 2.89,
        "price_kilo": 3.85,
        "slug": "dentifrico-antiplaca-fresh-total",
        "description": "Dent\u00edfrico Antiplaca Fresh Total 75 ml",
        "image": "https:\/\/cdn-consum.aktiosdigitalservices.com\/tol\/consum\/media\/product\/img\/300x300\/7441280.jpg?t=20250227095325"
    },
    {
        "id": 4734,
        "name": "Limpia M\u00e1quinas Lavavajillas FINISH",
        "price": 3.75,
        "price_kilo": 15,
        "slug": "limpia-maquinas-lavavajillas",
        "description": "Limpia M\u00e1quinas Lavavajillas 0,25 L",
        "image": "https:\/\/cdn-consum.aktiosdigitalservices.com\/tol\/consum\/media\/product\/img\/300x300\/145193.jpg?t=20250313075726"
    },
    {
        "id": 7907,
        "name": "Cerveza Botella Cristal Pack-6 E.GALICIA",
        "price": 3.19,
        "price_kilo": 2.66,
        "slug": "cerveza-botella-cristal-pack-6",
        "description": "Cerveza Botella Cristal Pack-6 6 x 0,2 L",
        "image": "https:\/\/cdn-consum.aktiosdigitalservices.com\/tol\/consum\/media\/product\/img\/300x300\/7239168.jpg?t=20250227091934"
    },
    {
        "id": 26281,
        "name": "Desodorante Spray Marine AXE",
        "price": 3,
        "price_kilo": 2,
        "slug": "desodorante-spray-marine",
        "description": "Desodorante Spray Marine 150 ml",
        "image": "https:\/\/cdn-consum.aktiosdigitalservices.com\/tol\/consum\/media\/product\/img\/300x300\/7373517.jpg?t=20250312160857"
    },
    {
        "id": 26283,
        "name": "Desodorante Spray Apollo AXE",
        "price": 3,
        "price_kilo": 2,
        "slug": "desodorante-spray-apollo",
        "description": "Desodorante Spray Apollo 150 ml",
        "image": "https:\/\/cdn-consum.aktiosdigitalservices.com\/tol\/consum\/media\/product\/img\/300x300\/7373525.jpg?t=20250227093650"
    },
    {
        "id": 26284,
        "name": "Desodorante Spray Black AXE",
        "price": 3,
        "price_kilo": 2,
        "slug": "desodorante-spray-black",
        "description": "Desodorante Spray Black 150 ml",
        "image": "https:\/\/cdn-consum.aktiosdigitalservices.com\/tol\/consum\/media\/product\/img\/300x300\/7373533.jpg?t=20250312160900"
    },
    {
        "id": 31747,
        "name": "Gel Zero Hidratante SANEX",
        "price": 3.75,
        "price_kilo": 0.63,
        "slug": "gel-zero-hidratante",
        "description": "Gel Zero Hidratante 600 ml",
        "image": "https:\/\/cdn-consum.aktiosdigitalservices.com\/tol\/consum\/media\/product\/img\/300x300\/7417629.jpg?t=20250312161153"
    },
    {
        "id": 6111,
        "name": "Limpiahogar Bialcohol TENN",
        "price": 3.05,
        "price_kilo": 2.35,
        "slug": "limpiahogar-bialcohol",
        "description": "Limpiahogar Bialcohol 1,3 L",
        "image": "https:\/\/cdn-consum.aktiosdigitalservices.com\/tol\/consum\/media\/product\/img\/300x300\/7098945.jpg?t=20250313080041"
    },
    {
        "id": 6112,
        "name": "Limpiador Ba\u00f1o TENN",
        "price": 3.05,
        "price_kilo": 2.35,
        "slug": "limpiador-bano",
        "description": "Limpiador Ba\u00f1o 1,3 L",
        "image": "https:\/\/cdn-consum.aktiosdigitalservices.com\/tol\/consum\/media\/product\/img\/300x300\/7098957.jpg?t=20250313080043"
    },
    {
        "id": 8802,
        "name": "Limpiahogar Aloe Vera TENN",
        "price": 3.05,
        "price_kilo": 2.35,
        "slug": "limpiahogar-aloe-vera",
        "description": "Limpiahogar Aloe Vera 1,3 L",
        "image": "https:\/\/cdn-consum.aktiosdigitalservices.com\/tol\/consum\/media\/product\/img\/300x300\/7098929.jpg?t=20250313080039"
    },
    {
        "id": 26397,
        "name": "Gyoza de Pollo al Vapor TA-TUNG",
        "price": 3.25,
        "price_kilo": 22.57,
        "slug": "gyoza-de-pollo-al-vapor",
        "description": "Gyoza de Pollo al Vapor 170 Gr",
        "image": "https:\/\/cdn-consum.aktiosdigitalservices.com\/tol\/consum\/media\/product\/img\/300x300\/7374445.jpg?t=20250312125836"
    },
    {
        "id": 10017,
        "name": "Queso Brie Cu\u00f1a PRESIDENT",
        "price": 3.35,
        "price_kilo": 16.75,
        "slug": "queso-brie-cuna",
        "description": "Queso Brie Cu\u00f1a 200 Gr",
        "image": "https:\/\/cdn-consum.aktiosdigitalservices.com\/tol\/consum\/media\/product\/img\/300x300\/219238.jpg?t=20250312155637"
    },
    {
        "id": 10692,
        "name": "Migas Pack de 2 Unidades FLORISTAN",
        "price": 3.45,
        "price_kilo": 6.9,
        "slug": "migas-pack-de-2-unidades",
        "description": "Migas Pack de 2 Unidades 500 Gr",
        "image": "https:\/\/cdn-consum.aktiosdigitalservices.com\/tol\/consum\/media\/product\/img\/300x300\/7149409.jpg?t=20250227090912"
    },
    {
        "id": 32313,
        "name": "Colgador Wc Serenidad BREF",
        "price": 2.85,
        "price_kilo": 1.43,
        "slug": "colgador-wc-serenidad",
        "description": "Colgador Wc Serenidad 2 U",
        "image": "https:\/\/cdn-consum.aktiosdigitalservices.com\/tol\/consum\/media\/product\/img\/300x300\/7421233.jpg?t=20250312161222"
    },
    {
        "id": 34180,
        "name": "Colgador WC D\u00fao Blue Active BREF",
        "price": 2.85,
        "price_kilo": 1.43,
        "slug": "colgador-wc-duo-blue-active",
        "description": "Colgador WC D\u00fao Blue Active 2 U",
        "image": "https:\/\/cdn-consum.aktiosdigitalservices.com\/tol\/consum\/media\/product\/img\/300x300\/7438257.jpg?t=20250227095201"
    },
    {
        "id": 6217,
        "name": "Higi\u00e9nico Triple Capa Seda 4 Rollos m\u00e1s 2 Gratis FOXY",
        "price": 2.99,
        "price_kilo": 0.5,
        "slug": "higienico-triple-capa-seda-4-rollos-mas-2-gratis",
        "description": "Higi\u00e9nico Triple Capa Seda 4 Rollos m\u00e1s 2 Gratis 6 U",
        "image": "https:\/\/cdn-consum.aktiosdigitalservices.com\/tol\/consum\/media\/product\/img\/300x300\/7110232.jpg?t=20250313080103"
    },
    {
        "id": 10686,
        "name": "Pat\u00e9 de H\u00edgado de Cerdo Lata LA PIARA",
        "price": 3.89,
        "price_kilo": 17.29,
        "slug": "pate-de-higado-de-cerdo-lata",
        "description": "Pat\u00e9 de H\u00edgado de Cerdo Lata 225 Gr",
        "image": "https:\/\/cdn-consum.aktiosdigitalservices.com\/tol\/consum\/media\/product\/img\/300x300\/7131220.jpg?t=20250227090838"
    },
    {
        "id": 33957,
        "name": "Discos Activos Agua Azul PATO",
        "price": 1.99,
        "price_kilo": 1.99,
        "slug": "discos-activos-agua-azul",
        "description": "Discos Activos Agua Azul 1 U",
        "image": "https:\/\/cdn-consum.aktiosdigitalservices.com\/tol\/consum\/media\/product\/img\/300x300\/7434686.jpg?t=20250313081202"
    },
    {
        "id": 39548,
        "name": "Discos Activos WC Mango Verse PATO",
        "price": 1.99,
        "price_kilo": 1.99,
        "slug": "discos-activos-wc-mango-verse",
        "description": "Discos Activos WC Mango Verse 1 U",
        "image": "https:\/\/cdn-consum.aktiosdigitalservices.com\/tol\/consum\/media\/product\/img\/300x300\/7451701.jpg?t=20250313081435"
    },
    {
        "id": 39549,
        "name": "Discos Activos WC Virtual Toilet PATO",
        "price": 1.99,
        "price_kilo": 1.99,
        "slug": "discos-activos-wc-virtual-toilet",
        "description": "Discos Activos WC Virtual Toilet 1 U",
        "image": "https:\/\/cdn-consum.aktiosdigitalservices.com\/tol\/consum\/media\/product\/img\/300x300\/7451706.jpg?t=20250313081436"
    },
    {
        "id": 4853,
        "name": "Caf\u00e9 Molido Natural BONKA",
        "price": 3.4,
        "price_kilo": 13.6,
        "slug": "cafe-molido-natural",
        "description": "Caf\u00e9 Molido Natural 250 Gr",
        "image": "https:\/\/cdn-consum.aktiosdigitalservices.com\/tol\/consum\/media\/product\/img\/300x300\/305870.jpg?t=20250312092739"
    },
    {
        "id": 4907,
        "name": "Caf\u00e9 Molido Mezcla 70\/30 BONKA",
        "price": 3.4,
        "price_kilo": 13.6,
        "slug": "cafe-molido-mezcla-70-30",
        "description": "Caf\u00e9 Molido Mezcla 70\/30 250 Gr",
        "image": "https:\/\/cdn-consum.aktiosdigitalservices.com\/tol\/consum\/media\/product\/img\/300x300\/338319.jpg?t=20250311103151"
    },
    {
        "id": 4916,
        "name": "Leche Condensada LA LECHERA",
        "price": 3.35,
        "price_kilo": 4.53,
        "slug": "leche-condensada",
        "description": "Leche Condensada 740 Gr",
        "image": "https:\/\/cdn-consum.aktiosdigitalservices.com\/tol\/consum\/media\/product\/img\/300x300\/346106.jpg?t=20250311103204"
    },
    {
        "id": 5218,
        "name": "Dent\u00edfrico Protecci\u00f3n Diaria SENSODYNE",
        "price": 2.99,
        "price_kilo": 3.99,
        "slug": "dentifrico-proteccion-diaria",
        "description": "Dent\u00edfrico Protecci\u00f3n Diaria 75 ml",
        "image": "https:\/\/cdn-consum.aktiosdigitalservices.com\/tol\/consum\/media\/product\/img\/300x300\/1659077.jpg?t=20250227090156"
    },
    {
        "id": 5877,
        "name": "Dent\u00edfrico Blanqueante SENSODYNE",
        "price": 2.99,
        "price_kilo": 3.99,
        "slug": "dentifrico-blanqueante",
        "description": "Dent\u00edfrico Blanqueante 75 ml",
        "image": "https:\/\/cdn-consum.aktiosdigitalservices.com\/tol\/consum\/media\/product\/img\/300x300\/7072999.jpg?t=20250312155927"
    },
    {
        "id": 4977,
        "name": "Cerveza Holandesa Pack de 6 Botellas HEINEKEN",
        "price": 3.59,
        "price_kilo": 2.39,
        "slug": "cerveza-holandesa-pack-de-6-botellas",
        "description": "Cerveza Holandesa Pack de 6 Botellas 6 x 0,25 L",
        "image": "https:\/\/cdn-consum.aktiosdigitalservices.com\/tol\/consum\/media\/product\/img\/300x300\/398321.jpg?t=20250312124814"
    },
    {
        "id": 4799,
        "name": "Peskitos de Merluza congelados PESCANOVA",
        "price": 3.39,
        "price_kilo": 8.48,
        "slug": "peskitos-de-merluza-congelados",
        "description": "Peskitos de Merluza congelados 400 Gr",
        "image": "https:\/\/cdn-consum.aktiosdigitalservices.com\/tol\/consum\/media\/product\/img\/300x300\/229724.jpg?t=20250312124735"
    },
    {
        "id": 5823,
        "name": "Suavizante Concentrado Azul FLOR",
        "price": 2.99,
        "price_kilo": 0.05,
        "slug": "suavizante-concentrado-azul",
        "description": "Suavizante Concentrado Azul 59 Lavados",
        "image": "https:\/\/cdn-consum.aktiosdigitalservices.com\/tol\/consum\/media\/product\/img\/300x300\/7069214.jpg?t=20250313080019"
    },
    {
        "id": 9276,
        "name": "Mejillones en Escabeche 8\/12 Piezas CABO PE\u00d1AS",
        "price": 3.39,
        "price_kilo": 49.13,
        "slug": "mejillones-en-escabeche-8-12-piezas",
        "description": "Mejillones en Escabeche 8\/12 Piezas 69 Gr",
        "image": "https:\/\/cdn-consum.aktiosdigitalservices.com\/tol\/consum\/media\/product\/img\/300x300\/7089253.jpg?t=20250311164541"
    },
    {
        "id": 10614,
        "name": "Queso Fresco Apetina en Salmuera ARLA",
        "price": 3.39,
        "price_kilo": 16.95,
        "slug": "queso-fresco-apetina-en-salmuera",
        "description": "Queso Fresco Apetina en Salmuera 200 Gr",
        "image": "https:\/\/cdn-consum.aktiosdigitalservices.com\/tol\/consum\/media\/product\/img\/300x300\/7019693.jpg?t=20250312155900"
    },
    {
        "id": 10681,
        "name": "Pat\u00e9 de Pollo Lata Pack de 2 LA PIARA",
        "price": 3.99,
        "price_kilo": 26.6,
        "slug": "pate-de-pollo-lata-pack-de-2",
        "description": "Pat\u00e9 de Pollo Lata Pack de 2 2 x 75 Gr",
        "image": "https:\/\/cdn-consum.aktiosdigitalservices.com\/tol\/consum\/media\/product\/img\/300x300\/7116804.jpg?t=20250227090808"
    },
    {
        "id": 10954,
        "name": "Curry Tradici\u00f3n Frasco DUCROS",
        "price": 3.99,
        "price_kilo": 75.28,
        "slug": "curry-tradicion-frasco",
        "description": "Curry Tradici\u00f3n Frasco 53 Gr",
        "image": "https:\/\/cdn-consum.aktiosdigitalservices.com\/tol\/consum\/media\/product\/img\/300x300\/7249717.jpg?t=20250227092146"
    },
    {
        "id": 11324,
        "name": "Jam\u00f3n Cebo 50% Raza Ib\u00e9rica LEGADO",
        "price": 3.59,
        "price_kilo": 59.83,
        "slug": "jamon-cebo-50-raza-iberica",
        "description": "Jam\u00f3n Cebo 50% Raza Ib\u00e9rica 60 Gr",
        "image": "https:\/\/cdn-consum.aktiosdigitalservices.com\/tol\/consum\/media\/product\/img\/300x300\/7257249.jpg?t=20250227092234"
    },
    {
        "id": 15921,
        "name": "Rollo Multiusos Jumbo SCOTTEX",
        "price": 3.45,
        "price_kilo": 3.45,
        "slug": "rollo-multiusos-jumbo",
        "description": "Rollo Multiusos Jumbo 1 U",
        "image": "https:\/\/cdn-consum.aktiosdigitalservices.com\/tol\/consum\/media\/product\/img\/300x300\/7293046.jpg?t=20250227092643"
    },
    {
        "id": 15936,
        "name": "Cerveza Holandesa 0,0 Botella HEINEKEN",
        "price": 3.59,
        "price_kilo": 2.39,
        "slug": "cerveza-holandesa-00-botella",
        "description": "Cerveza Holandesa 0,0 Botella 6 x 0,25 L",
        "image": "https:\/\/cdn-consum.aktiosdigitalservices.com\/tol\/consum\/media\/product\/img\/300x300\/7288558.jpg?t=20250227092555"
    },
    {
        "id": 16247,
        "name": "Bayeta Microfibra Colors VILEDA",
        "price": 2.99,
        "price_kilo": 0.75,
        "slug": "bayeta-microfibra-colors",
        "description": "Bayeta Microfibra Colors 4 U",
        "image": "https:\/\/cdn-consum.aktiosdigitalservices.com\/tol\/consum\/media\/product\/img\/300x300\/7295769.jpg?t=20250311164602"
    },
    {
        "id": 27419,
        "name": "Molinillo Pimienta Negra Frasco DUCROS",
        "price": 3.99,
        "price_kilo": 11.4,
        "slug": "molinillo-pimienta-negra-frasco",
        "description": "Molinillo Pimienta Negra Frasco 35 Gr",
        "image": "https:\/\/cdn-consum.aktiosdigitalservices.com\/tol\/consum\/media\/product\/img\/300x300\/7382260.jpg?t=20250227093827"
    },
    {
        "id": 28886,
        "name": "Lasa\u00f1a Bolo\u00f1esa congelada LA COCINERA",
        "price": 3.39,
        "price_kilo": 6.78,
        "slug": "lasana-bolonesa-congelada",
        "description": "Lasa\u00f1a Bolo\u00f1esa congelada 500 Gr",
        "image": "https:\/\/cdn-consum.aktiosdigitalservices.com\/tol\/consum\/media\/product\/img\/300x300\/7393929.jpg?t=20250312161022"
    },
    {
        "id": 29069,
        "name": "Lasa\u00f1a congelada Barbacoa LA COCINERA",
        "price": 3.59,
        "price_kilo": 7.18,
        "slug": "lasana-congelada-barbacoa",
        "description": "Lasa\u00f1a congelada Barbacoa 500 Gr",
        "image": "https:\/\/cdn-consum.aktiosdigitalservices.com\/tol\/consum\/media\/product\/img\/300x300\/7393924.jpg?t=20250312161019"
    },
    {
        "id": 29709,
        "name": "Higi\u00e9nico Doble Capa Original SCOTTEX",
        "price": 2.99,
        "price_kilo": 0.25,
        "slug": "higienico-doble-capa-original",
        "description": "Higi\u00e9nico Doble Capa Original 12 U",
        "image": "https:\/\/cdn-consum.aktiosdigitalservices.com\/tol\/consum\/media\/product\/img\/300x300\/7400856.jpg?t=20250312130038"
    },
    {
        "id": 31484,
        "name": "Higi\u00e9nico Acolchado SCOTTEX",
        "price": 2.99,
        "price_kilo": 0.37,
        "slug": "higienico-acolchado",
        "description": "Higi\u00e9nico Acolchado 8 U",
        "image": "https:\/\/cdn-consum.aktiosdigitalservices.com\/tol\/consum\/media\/product\/img\/300x300\/7415714.jpg?t=20250312130126"
    },
    {
        "id": 31942,
        "name": "L\u00e1piz Cejas Xpress Brow N\u00ba06 Black Brown MAYBELLINE",
        "price": 3.99,
        "price_kilo": 3.99,
        "slug": "lapiz-cejas-xpress-brow-n06-black-brown",
        "description": "L\u00e1piz Cejas Xpress Brow N\u00ba06 Black Brown 1 U",
        "image": "https:\/\/cdn-consum.aktiosdigitalservices.com\/tol\/consum\/media\/product\/img\/300x300\/7421399.jpg?t=20250227094653"
    },
    {
        "id": 31944,
        "name": "L\u00e1piz Cejas Xpress Brow N\u00ba05 Deep Brown MAYBELLINE",
        "price": 3.99,
        "price_kilo": 3.99,
        "slug": "lapiz-cejas-xpress-brow-n05-deep-brown",
        "description": "L\u00e1piz Cejas Xpress Brow N\u00ba05 Deep Brown 1 U",
        "image": "https:\/\/cdn-consum.aktiosdigitalservices.com\/tol\/consum\/media\/product\/img\/300x300\/7421464.jpg?t=20250312092834"
    },
    {
        "id": 31945,
        "name": "L\u00e1piz Cejas Xpress Brow N\u00ba04 Medium Brown MAYBELLINE",
        "price": 3.99,
        "price_kilo": 3.99,
        "slug": "lapiz-cejas-xpress-brow-n04-medium-brown",
        "description": "L\u00e1piz Cejas Xpress Brow N\u00ba04 Medium Brown 1 U",
        "image": "https:\/\/cdn-consum.aktiosdigitalservices.com\/tol\/consum\/media\/product\/img\/300x300\/7421469.jpg?t=20250312092834"
    },
    {
        "id": 31995,
        "name": "La Gula del Norte con Gambas GULA NORTE",
        "price": 3.59,
        "price_kilo": 27.61,
        "slug": "la-gula-del-norte-con-gambas",
        "description": "La Gula del Norte con Gambas 130 Gr",
        "image": "https:\/\/cdn-consum.aktiosdigitalservices.com\/tol\/consum\/media\/product\/img\/300x300\/7422884.jpg?t=20250227094711"
    },
    {
        "id": 32162,
        "name": "L\u00e1piz Cejas Xpress Brow N\u00ba03 Soft Brown MAYBELLINE",
        "price": 3.99,
        "price_kilo": 3.99,
        "slug": "lapiz-cejas-xpress-brow-n03-soft-brown",
        "description": "L\u00e1piz Cejas Xpress Brow N\u00ba03 Soft Brown 1 U",
        "image": "https:\/\/cdn-consum.aktiosdigitalservices.com\/tol\/consum\/media\/product\/img\/300x300\/7421472.jpg?t=20250312092834"
    },
    {
        "id": 32163,
        "name": "L\u00e1piz Cejas Xpress Brow N\u00ba02 Blonde MAYBELLINE",
        "price": 3.99,
        "price_kilo": 3.99,
        "slug": "lapiz-cejas-xpress-brow-n02-blonde",
        "description": "L\u00e1piz Cejas Xpress Brow N\u00ba02 Blonde 1 U",
        "image": "https:\/\/cdn-consum.aktiosdigitalservices.com\/tol\/consum\/media\/product\/img\/300x300\/7421480.jpg?t=20250312092834"
    },
    {
        "id": 32454,
        "name": "Burger de Pollo y Queso CONSUM",
        "price": 3.67,
        "price_kilo": 10.19,
        "slug": "burger-de-pollo-y-queso",
        "description": "Burger de Pollo y Queso 360 Gr",
        "image": "https:\/\/cdn-consum.aktiosdigitalservices.com\/tol\/consum\/media\/product\/img\/300x300\/7422835.jpg?t=20250318080652"
    },
    {
        "id": 32642,
        "name": "Lasa\u00f1a de At\u00fan LA COCINERA",
        "price": 3.59,
        "price_kilo": 7.18,
        "slug": "lasana-de-atun",
        "description": "Lasa\u00f1a de At\u00fan 500 Gr",
        "image": "https:\/\/cdn-consum.aktiosdigitalservices.com\/tol\/consum\/media\/product\/img\/300x300\/7426398.jpg?t=20250312130248"
    },
    {
        "id": 32783,
        "name": "Aceituna Verdial Gazpachada JOLCA",
        "price": 3.39,
        "price_kilo": 8.48,
        "slug": "aceituna-verdial-gazpachada",
        "description": "Aceituna Verdial Gazpachada 400 Gr",
        "image": "https:\/\/cdn-consum.aktiosdigitalservices.com\/tol\/consum\/media\/product\/img\/300x300\/7426919.jpg?t=20250227094834"
    },
    {
        "id": 33487,
        "name": "Gel Ba\u00f1o Urea. Piel Seca NATT\u00daRU PHAR",
        "price": 3.99,
        "price_kilo": 0.53,
        "slug": "gel-bano-urea-piel-seca",
        "description": "Gel Ba\u00f1o Urea. Piel Seca 750 ml",
        "image": "https:\/\/cdn-consum.aktiosdigitalservices.com\/tol\/consum\/media\/product\/img\/300x300\/7432743.jpg?t=20250322080053"
    },
    {
        "id": 33488,
        "name": "Gel Ba\u00f1o Piel Sensible\/At\u00f3pica NATT\u00daRU PHAR",
        "price": 3.99,
        "price_kilo": 0.53,
        "slug": "gel-bano-piel-sensible-atopica",
        "description": "Gel Ba\u00f1o Piel Sensible\/At\u00f3pica 750 ml",
        "image": "https:\/\/cdn-consum.aktiosdigitalservices.com\/tol\/consum\/media\/product\/img\/300x300\/7432748.jpg?t=20250322080056"
    },
    {
        "id": 33489,
        "name": "Gel Ba\u00f1o Dermatol\u00f3gico NATT\u00daRU PHAR",
        "price": 3.99,
        "price_kilo": 3.99,
        "slug": "gel-bano-dermatologico",
        "description": "Gel Ba\u00f1o Dermatol\u00f3gico 1 L",
        "image": "https:\/\/cdn-consum.aktiosdigitalservices.com\/tol\/consum\/media\/product\/img\/300x300\/7432750.jpg?t=20250312092842"
    },
    {
        "id": 33491,
        "name": "Leche Corporal Piel Seca. Urea NATT\u00daRU PHAR",
        "price": 3.99,
        "price_kilo": 1,
        "slug": "leche-corporal-piel-seca-urea",
        "description": "Leche Corporal Piel Seca. Urea 400 ml",
        "image": "https:\/\/cdn-consum.aktiosdigitalservices.com\/tol\/consum\/media\/product\/img\/300x300\/7432763.jpg?t=20250227095008"
    },
    {
        "id": 33515,
        "name": "Filete Panga WOFCO",
        "price": 3.39,
        "price_kilo": 6.78,
        "slug": "filete-panga",
        "description": "Filete Panga 500 Gr",
        "image": "https:\/\/cdn-consum.aktiosdigitalservices.com\/tol\/consum\/media\/product\/img\/300x300\/7432821.jpg?t=20250301080118"
    },
    {
        "id": 33668,
        "name": "Fregona Microfibra Premium VILEDA",
        "price": 2.99,
        "price_kilo": 2.99,
        "slug": "fregona-microfibra-premium",
        "description": "Fregona Microfibra Premium 1 U",
        "image": "https:\/\/cdn-consum.aktiosdigitalservices.com\/tol\/consum\/media\/product\/img\/300x300\/7434319.jpg?t=20250227095042"
    },
    {
        "id": 33922,
        "name": "Perfilador Ojos Lasting Drama Marr\u00f3n MAYBELLINE",
        "price": 3.99,
        "price_kilo": 3.99,
        "slug": "perfilador-ojos-lasting-drama-marron",
        "description": "Perfilador Ojos Lasting Drama Marr\u00f3n 1 U",
        "image": "https:\/\/cdn-consum.aktiosdigitalservices.com\/tol\/consum\/media\/product\/img\/300x300\/7436368.jpg?t=20250227095138"
    },
    {
        "id": 33923,
        "name": "Perfilador Ojos Lasting Drama Azul MAYBELLINE",
        "price": 3.99,
        "price_kilo": 3.99,
        "slug": "perfilador-ojos-lasting-drama-azul",
        "description": "Perfilador Ojos Lasting Drama Azul 1 U",
        "image": "https:\/\/cdn-consum.aktiosdigitalservices.com\/tol\/consum\/media\/product\/img\/300x300\/7436371.jpg?t=20250312092851"
    },
    {
        "id": 33924,
        "name": "Perfilador Ojos Lasting Drama Verde MAYBELLINE",
        "price": 3.99,
        "price_kilo": 3.99,
        "slug": "perfilador-ojos-lasting-drama-verde",
        "description": "Perfilador Ojos Lasting Drama Verde 1 U",
        "image": "https:\/\/cdn-consum.aktiosdigitalservices.com\/tol\/consum\/media\/product\/img\/300x300\/7436384.jpg?t=20250227095143"
    },
    {
        "id": 33986,
        "name": "Perfilador Ojos Lasting Drama Negro MAYBELLINE",
        "price": 3.99,
        "price_kilo": 3.99,
        "slug": "perfilador-ojos-lasting-drama-negro",
        "description": "Perfilador Ojos Lasting Drama Negro 1 U",
        "image": "https:\/\/cdn-consum.aktiosdigitalservices.com\/tol\/consum\/media\/product\/img\/300x300\/7436376.jpg?t=20250227095141"
    },
    {
        "id": 34553,
        "name": "Arroz con Pollo Tikka Masala SALTO",
        "price": 3.39,
        "price_kilo": 8.48,
        "slug": "arroz-con-pollo-tikka-masala",
        "description": "Arroz con Pollo Tikka Masala 400 Gr",
        "image": "https:\/\/cdn-consum.aktiosdigitalservices.com\/tol\/consum\/media\/product\/img\/300x300\/7442283.jpg?t=20250227095344"
    },
    {
        "id": 35113,
        "name": "Suavizante Concentrado Mediterr\u00e1neo FLOR",
        "price": 2.99,
        "price_kilo": 0.05,
        "slug": "suavizante-concentrado-mediterraneo",
        "description": "Suavizante Concentrado Mediterr\u00e1neo 59 Lv",
        "image": "https:\/\/cdn-consum.aktiosdigitalservices.com\/tol\/consum\/media\/product\/img\/300x300\/7443856.jpg?t=20250313081320"
    },
    {
        "id": 35657,
        "name": "Caf\u00e9 Espresso 16 C\u00e1psulas DG OQUENDO",
        "price": 3.39,
        "price_kilo": 0.21,
        "slug": "cafe-espresso-16-capsulas-dg",
        "description": "Caf\u00e9 Espresso 16 C\u00e1psulas DG 16 U",
        "image": "https:\/\/cdn-consum.aktiosdigitalservices.com\/tol\/consum\/media\/product\/img\/300x300\/7449882.jpg?t=20250311135208"
    },
    {
        "id": 35658,
        "name": "Espresso Descafeinado 16 C\u00e1psulas DG OQUENDO",
        "price": 3.39,
        "price_kilo": 0.21,
        "slug": "espresso-descafeinado-16-capsulas-dg",
        "description": "Espresso Descafeinado 16 C\u00e1psulas DG 16 U",
        "image": "https:\/\/cdn-consum.aktiosdigitalservices.com\/tol\/consum\/media\/product\/img\/300x300\/7449887.jpg?t=20250311135210"
    },
    {
        "id": 35659,
        "name": "Caf\u00e9 Cortado 16 C\u00e1psulas DG OQUENDO",
        "price": 3.39,
        "price_kilo": 0.21,
        "slug": "cafe-cortado-16-capsulas-dg",
        "description": "Caf\u00e9 Cortado 16 C\u00e1psulas DG 16 U",
        "image": "https:\/\/cdn-consum.aktiosdigitalservices.com\/tol\/consum\/media\/product\/img\/300x300\/7449895.jpg?t=20250311135213"
    },
    {
        "id": 35660,
        "name": "Caf\u00e9 con Leche 16 C\u00e1psulas DG OQUENDO",
        "price": 3.39,
        "price_kilo": 0.21,
        "slug": "cafe-con-leche-16-capsulas-dg",
        "description": "Caf\u00e9 con Leche 16 C\u00e1psulas DG 16 U",
        "image": "https:\/\/cdn-consum.aktiosdigitalservices.com\/tol\/consum\/media\/product\/img\/300x300\/7449903.jpg?t=20250311135215"
    },
    {
        "id": 35858,
        "name": "Paleta de Cebo Ib\u00e9rica 50% Raza Ib\u00e9rica LEGADO",
        "price": 3.59,
        "price_kilo": 51.29,
        "slug": "paleta-de-cebo-iberica-50-raza-iberica",
        "description": "Paleta de Cebo Ib\u00e9rica 50% Raza Ib\u00e9rica 70 Gr",
        "image": "https:\/\/cdn-consum.aktiosdigitalservices.com\/tol\/consum\/media\/product\/img\/300x300\/7451037.jpg?t=20250312092916"
    },
    {
        "id": 35984,
        "name": "Frambuesas Cubiertas Choc,Blanc y Choc,Lech IT FRUIT",
        "price": 3.29,
        "price_kilo": 32.9,
        "slug": "frambuesas-cubiertas-chocblanc-y-choclech",
        "description": "Frambuesas Cubiertas Choc,Blanc y Choc,Lech 100 Gr",
        "image": "https:\/\/cdn-consum.aktiosdigitalservices.com\/tol\/consum\/media\/product\/img\/300x300\/7451003.jpg?t=20250315075957"
    },
    {
        "id": 35985,
        "name": "Fresas Cubiertas de Choc.Blanc y Choc Lech IT FRUIT",
        "price": 3.29,
        "price_kilo": 29.91,
        "slug": "fresas-cubiertas-de-chocblanc-y-choc-lech",
        "description": "Fresas Cubiertas de Choc.Blanc y Choc Lech 110 Gr",
        "image": "https:\/\/cdn-consum.aktiosdigitalservices.com\/tol\/consum\/media\/product\/img\/300x300\/7451016.jpg?t=20250315075959"
    },
    {
        "id": 5488,
        "name": "Refresco Cola Light Bipack Indivisible COCA-COLA",
        "price": 3.72,
        "price_kilo": 0.93,
        "slug": "refresco-cola-light-bipack-indivisible",
        "description": "Refresco Cola Light Bipack Indivisible 2 x 2 L",
        "image": "https:\/\/cdn-consum.aktiosdigitalservices.com\/tol\/consum\/media\/product\/img\/300x300\/7027493.jpg?t=20250227090404"
    },
    {
        "id": 6175,
        "name": "Refresco Cola Zero Bipack Indivisible COCA-COLA",
        "price": 3.72,
        "price_kilo": 0.93,
        "slug": "refresco-cola-zero-bipack-indivisible",
        "description": "Refresco Cola Zero Bipack Indivisible 2 x 2 L",
        "image": "https:\/\/cdn-consum.aktiosdigitalservices.com\/tol\/consum\/media\/product\/img\/300x300\/7106339.jpg?t=20250227090712"
    },
    {
        "id": 18360,
        "name": "Refresco Cola Zero Zero Bipack Indivisible COCA-COLA",
        "price": 3.72,
        "price_kilo": 0.93,
        "slug": "refresco-cola-zero-zero-bipack-indivisible",
        "description": "Refresco Cola Zero Zero Bipack Indivisible 2 x 2 L",
        "image": "https:\/\/cdn-consum.aktiosdigitalservices.com\/tol\/consum\/media\/product\/img\/300x300\/7248750.jpg?t=20250227092142"
    },
    {
        "id": 11931,
        "name": "Limpiador Multiusos Oxi Activo ESTRELLA",
        "price": 4.09,
        "price_kilo": 3.72,
        "slug": "limpiador-multiusos-oxi-activo",
        "description": "Limpiador Multiusos Oxi Activo 1,25 L",
        "image": "https:\/\/cdn-consum.aktiosdigitalservices.com\/tol\/consum\/media\/product\/img\/300x300\/7091671.jpg?t=20250227090641"
    },
    {
        "id": 31978,
        "name": "Cerveza Botella Pack de 6 EST.DAMM",
        "price": 3.59,
        "price_kilo": 2.4,
        "slug": "cerveza-botella-pack-de-6",
        "description": "Cerveza Botella Pack de 6 6 x 0,25 L",
        "image": "https:\/\/cdn-consum.aktiosdigitalservices.com\/tol\/consum\/media\/product\/img\/300x300\/7421837.jpg?t=20250312130155"
    },
    {
        "id": 18916,
        "name": "Acondicionador Color Vive ELVIVE",
        "price": 3.35,
        "price_kilo": 1.12,
        "slug": "acondicionador-color-vive",
        "description": "Acondicionador Color Vive 300 ml",
        "image": "https:\/\/cdn-consum.aktiosdigitalservices.com\/tol\/consum\/media\/product\/img\/300x300\/7316284.jpg?t=20250312160702"
    },
    {
        "id": 21876,
        "name": "Champ\u00fa Infantil Gotas de Fuerza JOHNSON",
        "price": 3.45,
        "price_kilo": 0.69,
        "slug": "champu-infantil-gotas-de-fuerza",
        "description": "Champ\u00fa Infantil Gotas de Fuerza 500 ml",
        "image": "https:\/\/cdn-consum.aktiosdigitalservices.com\/tol\/consum\/media\/product\/img\/300x300\/7337665.jpg?t=20250227093213"
    },
    {
        "id": 23745,
        "name": "Briox Trenzado MUSFI'S",
        "price": 3.09,
        "price_kilo": 7.73,
        "slug": "briox-trenzado",
        "description": "Briox Trenzado 400 Gr",
        "image": "https:\/\/cdn-consum.aktiosdigitalservices.com\/tol\/consum\/media\/product\/img\/300x300\/7352248.jpg?t=20250313080717"
    },
    {
        "id": 28554,
        "name": "Acondicionador Hialur\u00f3nico ELVIVE",
        "price": 3.35,
        "price_kilo": 1.12,
        "slug": "acondicionador-hialuronico",
        "description": "Acondicionador Hialur\u00f3nico 300 ml",
        "image": "https:\/\/cdn-consum.aktiosdigitalservices.com\/tol\/consum\/media\/product\/img\/300x300\/7392454.jpg?t=20250312161006"
    },
    {
        "id": 17776,
        "name": "Cereales Frosties KELLOGG'S",
        "price": 3.49,
        "price_kilo": 8.73,
        "slug": "cereales-frosties",
        "description": "Cereales Frosties 400 Gr",
        "image": "https:\/\/cdn-consum.aktiosdigitalservices.com\/tol\/consum\/media\/product\/img\/300x300\/7305530.jpg?t=20250313080537"
    },
    {
        "id": 17904,
        "name": "Smacks Trigo Inflado KELLOGG'S",
        "price": 3.49,
        "price_kilo": 8.73,
        "slug": "smacks-trigo-inflado",
        "description": "Smacks Trigo Inflado 400 Gr",
        "image": "https:\/\/cdn-consum.aktiosdigitalservices.com\/tol\/consum\/media\/product\/img\/300x300\/7305527.jpg?t=20250313080535"
    },
    {
        "id": 27783,
        "name": "Cereales Choco Krispies Chocos KELLOGG'S",
        "price": 3.49,
        "price_kilo": 8.31,
        "slug": "cereales-choco-krispies-chocos",
        "description": "Cereales Choco Krispies Chocos 420 Gr",
        "image": "https:\/\/cdn-consum.aktiosdigitalservices.com\/tol\/consum\/media\/product\/img\/300x300\/7385409.jpg?t=20250313080908"
    },
    {
        "id": 7750,
        "name": "Cereales Chocapic NESTLE",
        "price": 3.5,
        "price_kilo": 7,
        "slug": "cereales-chocapic",
        "description": "Cereales Chocapic 500 Gr",
        "image": "https:\/\/cdn-consum.aktiosdigitalservices.com\/tol\/consum\/media\/product\/img\/300x300\/7233133.jpg?t=20250311105418"
    },
    {
        "id": 16122,
        "name": "Cereales Fitness Con Chocolate Negro NESTLE",
        "price": 3.5,
        "price_kilo": 9.33,
        "slug": "cereales-fitness-con-chocolate-negro",
        "description": "Cereales Fitness Con Chocolate Negro 375 Gr",
        "image": "https:\/\/cdn-consum.aktiosdigitalservices.com\/tol\/consum\/media\/product\/img\/300x300\/7294929.jpg?t=20250311110303"
    },
    {
        "id": 34717,
        "name": "Galletas de Cacao con Espelta y Avena SMILEAT",
        "price": 4.29,
        "price_kilo": 19.5,
        "slug": "galletas-de-cacao-con-espelta-y-avena",
        "description": "Galletas de Cacao con Espelta y Avena 220 Gr",
        "image": "https:\/\/cdn-consum.aktiosdigitalservices.com\/tol\/consum\/media\/product\/img\/300x300\/7443430.jpg?t=20250311135059"
    },
    {
        "id": 5412,
        "name": "Caldo L\u00edquido de Pollo Brik ANETO",
        "price": 4.3,
        "price_kilo": 4.3,
        "slug": "caldo-liquido-de-pollo-brik",
        "description": "Caldo L\u00edquido de Pollo Brik 1 L",
        "image": "https:\/\/cdn-consum.aktiosdigitalservices.com\/tol\/consum\/media\/product\/img\/300x300\/7010135.jpg?t=20250227090323"
    },
    {
        "id": 10528,
        "name": "Caldo Natural Verduras Brik ANETO",
        "price": 4.3,
        "price_kilo": 4.3,
        "slug": "caldo-natural-verduras-brik",
        "description": "Caldo Natural Verduras Brik 1 L",
        "image": "https:\/\/cdn-consum.aktiosdigitalservices.com\/tol\/consum\/media\/product\/img\/300x300\/7264518.jpg?t=20250318080218"
    },
    {
        "id": 15449,
        "name": "Cereales Krave Chocolate-Avellana KELLOGG'S",
        "price": 3.59,
        "price_kilo": 8.76,
        "slug": "cereales-krave-chocolate-avellana",
        "description": "Cereales Krave Chocolate-Avellana 375 Gr",
        "image": "https:\/\/cdn-consum.aktiosdigitalservices.com\/tol\/consum\/media\/product\/img\/300x300\/7287238.jpg?t=20250311110130"
    },
    {
        "id": 28345,
        "name": "Q. Vaca-Oveja Curado Umami CERRATO",
        "price": 4.35,
        "price_kilo": 14.5,
        "slug": "q-vaca-oveja-curado-umami",
        "description": "Q. Vaca-Oveja Curado Umami 300 Gr",
        "image": "https:\/\/cdn-consum.aktiosdigitalservices.com\/tol\/consum\/media\/product\/img\/300x300\/7390748.jpg?t=20250227093946"
    },
    {
        "id": 5062,
        "name": "Vino Tinto Crianza D.O.Cari\u00f1ena MONAST.VI\u00d1AS",
        "price": 3.59,
        "price_kilo": 4.78,
        "slug": "vino-tinto-crianza-docarinena",
        "description": "Vino Tinto Crianza D.O.Cari\u00f1ena 0,75 L",
        "image": "https:\/\/cdn-consum.aktiosdigitalservices.com\/tol\/consum\/media\/product\/img\/300x300\/465021.jpg?t=20250227090003"
    },
    {
        "id": 5436,
        "name": "Danacol Beber Fresa 0% Az\u00facares A\u00f1adidos DANONE",
        "price": 3.69,
        "price_kilo": 6.15,
        "slug": "danacol-beber-fresa-0-azucares-anadidos",
        "description": "Danacol Beber Fresa 0% Az\u00facares A\u00f1adidos 6 x 100 Gr",
        "image": "https:\/\/cdn-consum.aktiosdigitalservices.com\/tol\/consum\/media\/product\/img\/300x300\/7018914.jpg?t=20250227090335"
    },
    {
        "id": 10613,
        "name": "Danacol Beber Natural 0% Az\u00facares A\u00f1adidos DANONE",
        "price": 3.69,
        "price_kilo": 6.15,
        "slug": "danacol-beber-natural-0-azucares-anadidos",
        "description": "Danacol Beber Natural 0% Az\u00facares A\u00f1adidos 6 x 100 Gr",
        "image": "https:\/\/cdn-consum.aktiosdigitalservices.com\/tol\/consum\/media\/product\/img\/300x300\/7018906.jpg?t=20250227090334"
    },
    {
        "id": 11684,
        "name": "Vino Blanco Alma M\u00edstica D.O.Valencia MURVIEDRO",
        "price": 3.69,
        "price_kilo": 4.92,
        "slug": "vino-blanco-alma-mistica-dovalencia",
        "description": "Vino Blanco Alma M\u00edstica D.O.Valencia 0,75 L",
        "image": "https:\/\/cdn-consum.aktiosdigitalservices.com\/tol\/consum\/media\/product\/img\/300x300\/7236748.jpg?t=20250227091906"
    },
    {
        "id": 14648,
        "name": "Danacol Beber Tropical 0% Azucares A\u00f1adidos DANONE",
        "price": 3.69,
        "price_kilo": 6.15,
        "slug": "danacol-beber-tropical-0-azucares-anadidos",
        "description": "Danacol Beber Tropical 0% Azucares A\u00f1adidos 6 x 100 Gr",
        "image": "https:\/\/cdn-consum.aktiosdigitalservices.com\/tol\/consum\/media\/product\/img\/300x300\/7049349.jpg?t=20250227090444"
    },
    {
        "id": 32487,
        "name": "Detergente en C\u00e1psulas Adi\u00f3s al Separar DIXAN",
        "price": 2.99,
        "price_kilo": 0.25,
        "slug": "detergente-en-capsulas-adios-al-separar",
        "description": "Detergente en C\u00e1psulas Adi\u00f3s al Separar 12 Lv",
        "image": "https:\/\/cdn-consum.aktiosdigitalservices.com\/tol\/consum\/media\/product\/img\/300x300\/7425416.jpg?t=20250312161254"
    },
    {
        "id": 35434,
        "name": "Pochas de Navarra Frescas GUTARRA",
        "price": 3.49,
        "price_kilo": 8.73,
        "slug": "pochas-de-navarra-frescas",
        "description": "Pochas de Navarra Frescas 400 Gr",
        "image": "https:\/\/cdn-consum.aktiosdigitalservices.com\/tol\/consum\/media\/product\/img\/300x300\/7447985.jpg?t=20250227095610"
    },
    {
        "id": 5134,
        "name": "Chocoswing Galleta MILKA",
        "price": 3.79,
        "price_kilo": 12.64,
        "slug": "chocoswing-galleta",
        "description": "Chocoswing Galleta 300 Gr",
        "image": "https:\/\/cdn-consum.aktiosdigitalservices.com\/tol\/consum\/media\/product\/img\/300x300\/791368.jpg?t=20250311132915"
    },
    {
        "id": 7966,
        "name": "Muesli Chocolate Extra Crujiente KELLOGG'S",
        "price": 4.49,
        "price_kilo": 11.97,
        "slug": "muesli-chocolate-extra-crujiente",
        "description": "Muesli Chocolate Extra Crujiente 375 Gr",
        "image": "https:\/\/cdn-consum.aktiosdigitalservices.com\/tol\/consum\/media\/product\/img\/300x300\/7242258.jpg?t=20250311105527"
    },
    {
        "id": 19046,
        "name": "Vino Blanco D.O.Valencia LA TRACA",
        "price": 3.99,
        "price_kilo": 5.32,
        "slug": "vino-blanco-dovalencia",
        "description": "Vino Blanco D.O.Valencia 0,75 L",
        "image": "https:\/\/cdn-consum.aktiosdigitalservices.com\/tol\/consum\/media\/product\/img\/300x300\/7314888.jpg?t=20250311164607"
    },
    {
        "id": 26502,
        "name": "At\u00fan Claro Aceite Oliva Pack de 3 CALVO",
        "price": 3.69,
        "price_kilo": 23.65,
        "slug": "atun-claro-aceite-oliva-pack-de-3",
        "description": "At\u00fan Claro Aceite Oliva Pack de 3 3 x 52 Gr",
        "image": "https:\/\/cdn-consum.aktiosdigitalservices.com\/tol\/consum\/media\/product\/img\/300x300\/7374507.jpg?t=20250227093711"
    },
    {
        "id": 28500,
        "name": "Body Milk Nutritiva LACTOVIT",
        "price": 3.85,
        "price_kilo": 0.96,
        "slug": "body-milk-nutritiva",
        "description": "Body Milk Nutritiva 400 ml",
        "image": "https:\/\/cdn-consum.aktiosdigitalservices.com\/tol\/consum\/media\/product\/img\/300x300\/7392269.jpg?t=20250227094006"
    },
    {
        "id": 5366,
        "name": "Pechuga de Pavo Fileteada CONSUM",
        "price": 4.25,
        "price_kilo": 8.49,
        "slug": "pechuga-de-pavo-fileteada",
        "description": "Pechuga de Pavo Fileteada",
        "image": "https:\/\/cdn-consum.aktiosdigitalservices.com\/tol\/consum\/media\/product\/img\/300x300\/5848916.jpg?t=20250318075852"
    },
    {
        "id": 6228,
        "name": "Mascarilla Color Vive ELVIVE",
        "price": 3.6,
        "price_kilo": 1.16,
        "slug": "mascarilla-color-vive",
        "description": "Mascarilla Color Vive 310 ml",
        "image": "https:\/\/cdn-consum.aktiosdigitalservices.com\/tol\/consum\/media\/product\/img\/300x300\/7111354.jpg?t=20250312160021"
    },
    {
        "id": 9873,
        "name": "Caldo L\u00edquido  Pescado Brik ANETO",
        "price": 3.15,
        "price_kilo": 3.15,
        "slug": "caldo-liquido-pescado-brik",
        "description": "Caldo L\u00edquido  Pescado Brik 1 L",
        "image": "https:\/\/cdn-consum.aktiosdigitalservices.com\/tol\/consum\/media\/product\/img\/300x300\/7010143.jpg?t=20250227090324"
    },
    {
        "id": 10218,
        "name": "Caldo Natural de Puchero ANETO",
        "price": 3.69,
        "price_kilo": 3.69,
        "slug": "caldo-natural-de-puchero",
        "description": "Caldo Natural de Puchero 1 L",
        "image": "https:\/\/cdn-consum.aktiosdigitalservices.com\/tol\/consum\/media\/product\/img\/300x300\/7227650.jpg?t=20250227091805"
    },
    {
        "id": 28556,
        "name": "Mascarilla Hialur\u00f3nico ELVIVE",
        "price": 3.6,
        "price_kilo": 1.16,
        "slug": "mascarilla-hialuronico",
        "description": "Mascarilla Hialur\u00f3nico 310 ml",
        "image": "https:\/\/cdn-consum.aktiosdigitalservices.com\/tol\/consum\/media\/product\/img\/300x300\/7392483.jpg?t=20250312161011"
    },
    {
        "id": 9708,
        "name": "Filete de Dorada ",
        "price": 4.1,
        "price_kilo": 20.5,
        "slug": "filete-de-dorada",
        "description": "Filete de Dorada 200 Gr",
        "image": "https:\/\/cdn-consum.aktiosdigitalservices.com\/tol\/consum\/media\/product\/img\/300x300\/7269967.jpg?t=20250318080231"
    },
    {
        "id": 10782,
        "name": "Ventresca At\u00fan Aceite de Oliva CALVO",
        "price": 4.55,
        "price_kilo": 60.67,
        "slug": "ventresca-atun-aceite-de-oliva",
        "description": "Ventresca At\u00fan Aceite de Oliva 75 Gr",
        "image": "https:\/\/cdn-consum.aktiosdigitalservices.com\/tol\/consum\/media\/product\/img\/300x300\/7202703.jpg?t=20250227091412"
    },
    {
        "id": 26557,
        "name": "Vino Tinto Reserva D.O. Somontano ALIUS",
        "price": 3.39,
        "price_kilo": 4.52,
        "slug": "vino-tinto-reserva-do-somontano",
        "description": "Vino Tinto Reserva D.O. Somontano 0,75 L",
        "image": "https:\/\/cdn-consum.aktiosdigitalservices.com\/tol\/consum\/media\/product\/img\/300x300\/7375421.jpg?t=20250227093725"
    },
    {
        "id": 6131,
        "name": "Pizza congelada Casa Di Mama Prosciutto CASA DI MAMA",
        "price": 4.1,
        "price_kilo": 10.12,
        "slug": "pizza-congelada-casa-di-mama-prosciutto",
        "description": "Pizza congelada Casa Di Mama Prosciutto 405 Gr",
        "image": "https:\/\/cdn-consum.aktiosdigitalservices.com\/tol\/consum\/media\/product\/img\/300x300\/7101327.jpg?t=20250312125119"
    },
    {
        "id": 6132,
        "name": "Pizza congelada Casa Di Mama 4 Quesos CASA DI MAMA",
        "price": 4.1,
        "price_kilo": 10.38,
        "slug": "pizza-congelada-casa-di-mama-4-quesos",
        "description": "Pizza congelada Casa Di Mama 4 Quesos 395 Gr",
        "image": "https:\/\/cdn-consum.aktiosdigitalservices.com\/tol\/consum\/media\/product\/img\/300x300\/7101348.jpg?t=20250312125121"
    },
    {
        "id": 15306,
        "name": "Lomo Adobado Horno Artesano EL POZO",
        "price": 4.29,
        "price_kilo": 8.58,
        "slug": "lomo-adobado-horno-artesano",
        "description": "Lomo Adobado Horno Artesano 500 Gr",
        "image": "https:\/\/cdn-consum.aktiosdigitalservices.com\/tol\/consum\/media\/product\/img\/300x300\/7285906.jpg?t=20250318080250"
    },
    {
        "id": 6424,
        "name": "Queso Mezcla Curado Ya Cortado L Pasteurizada G.BAQUERO",
        "price": 4.19,
        "price_kilo": 18.62,
        "slug": "queso-mezcla-curado-ya-cortado-l-pasteurizada",
        "description": "Queso Mezcla Curado Ya Cortado L Pasteurizada 225 Gr",
        "image": "https:\/\/cdn-consum.aktiosdigitalservices.com\/tol\/consum\/media\/product\/img\/300x300\/7149565.jpg?t=20250227090914"
    },
    {
        "id": 35362,
        "name": "Cepillo Suave Espuma Limpiadora COLGATE",
        "price": 3.99,
        "price_kilo": 3.99,
        "slug": "cepillo-suave-espuma-limpiadora",
        "description": "Cepillo Suave Espuma Limpiadora 1 U",
        "image": "https:\/\/cdn-consum.aktiosdigitalservices.com\/tol\/consum\/media\/product\/img\/300x300\/7447519.jpg?t=20250227095603"
    },
    {
        "id": 13313,
        "name": "Dorada Crianza de Espa\u00f1a ",
        "price": 4.38,
        "price_kilo": 8.75,
        "slug": "dorada-crianza-de-espana",
        "description": "Dorada Crianza de Espa\u00f1a - Pieza de 500 gr. aprox.",
        "image": "https:\/\/cdn-consum.aktiosdigitalservices.com\/tol\/consum\/media\/product\/img\/300x300\/2174969.jpg?t=20250318075826"
    },
    {
        "id": 8204,
        "name": "Champ\u00fa Color Vive ELVIVE",
        "price": 3.8,
        "price_kilo": 0.95,
        "slug": "champu-color-vive",
        "description": "Champ\u00fa Color Vive 400 ml",
        "image": "https:\/\/cdn-consum.aktiosdigitalservices.com\/tol\/consum\/media\/product\/img\/300x300\/7258200.jpg?t=20250312160423"
    },
    {
        "id": 28555,
        "name": "Champ\u00fa Hialur\u00f3nico ELVIVE",
        "price": 3.8,
        "price_kilo": 0.95,
        "slug": "champu-hialuronico",
        "description": "Champ\u00fa Hialur\u00f3nico 400 ml",
        "image": "https:\/\/cdn-consum.aktiosdigitalservices.com\/tol\/consum\/media\/product\/img\/300x300\/7392467.jpg?t=20250312161008"
    },
    {
        "id": 30204,
        "name": "Crema Corporal Aceite de Arg\u00e1n NAT.HONEY",
        "price": 3.99,
        "price_kilo": 1,
        "slug": "crema-corporal-aceite-de-argan",
        "description": "Crema Corporal Aceite de Arg\u00e1n 400 ml",
        "image": "https:\/\/cdn-consum.aktiosdigitalservices.com\/tol\/consum\/media\/product\/img\/300x300\/7404536.jpg?t=20250227094245"
    },
    {
        "id": 33452,
        "name": "Loci\u00f3n Hidratante Coco Todo Tipo de Piel NAT.HONEY",
        "price": 3.99,
        "price_kilo": 1.21,
        "slug": "locion-hidratante-coco-todo-tipo-de-piel",
        "description": "Loci\u00f3n Hidratante Coco Todo Tipo de Piel 330 ml",
        "image": "https:\/\/cdn-consum.aktiosdigitalservices.com\/tol\/consum\/media\/product\/img\/300x300\/7432354.jpg?t=20250227094959"
    },
    {
        "id": 33462,
        "name": "Loci\u00f3n Arg\u00e1n Piel Extra Seca NAT.HONEY",
        "price": 3.99,
        "price_kilo": 1.21,
        "slug": "locion-argan-piel-extra-seca",
        "description": "Loci\u00f3n Arg\u00e1n Piel Extra Seca 330 ml",
        "image": "https:\/\/cdn-consum.aktiosdigitalservices.com\/tol\/consum\/media\/product\/img\/300x300\/7432813.jpg?t=20250227095011"
    },
    {
        "id": 33463,
        "name": "Loci\u00f3n Extra Hidratante Piel Normal Seca NAT.HONEY",
        "price": 3.99,
        "price_kilo": 1.21,
        "slug": "locion-extra-hidratante-piel-normal-seca",
        "description": "Loci\u00f3n Extra Hidratante Piel Normal Seca 330 ml",
        "image": "https:\/\/cdn-consum.aktiosdigitalservices.com\/tol\/consum\/media\/product\/img\/300x300\/7432818.jpg?t=20250227095013"
    },
    {
        "id": 33766,
        "name": "Champ\u00fa Hialur\u00f3nico Pure ELVIVE",
        "price": 3.8,
        "price_kilo": 1,
        "slug": "champu-hialuronico-pure",
        "description": "Champ\u00fa Hialur\u00f3nico Pure 380 ml",
        "image": "https:\/\/cdn-consum.aktiosdigitalservices.com\/tol\/consum\/media\/product\/img\/300x300\/7435097.jpg?t=20250312161434"
    },
    {
        "id": 4924,
        "name": "Caf\u00e9 Molido Natural MARCILLA",
        "price": 4.29,
        "price_kilo": 17.16,
        "slug": "cafe-molido-natural",
        "description": "Caf\u00e9 Molido Natural 250 Gr",
        "image": "https:\/\/cdn-consum.aktiosdigitalservices.com\/tol\/consum\/media\/product\/img\/300x300\/353565.jpg?t=20250311103223"
    },
    {
        "id": 4925,
        "name": "Caf\u00e9 Molido Mezcla 50\/50 MARCILLA",
        "price": 4.29,
        "price_kilo": 17.16,
        "slug": "cafe-molido-mezcla-50-50",
        "description": "Caf\u00e9 Molido Mezcla 50\/50 250 Gr",
        "image": "https:\/\/cdn-consum.aktiosdigitalservices.com\/tol\/consum\/media\/product\/img\/300x300\/353748.jpg?t=20250312092739"
    },
    {
        "id": 6437,
        "name": "Dent\u00edfrico Repair-Protect SENSODYNE",
        "price": 3.99,
        "price_kilo": 5.32,
        "slug": "dentifrico-repair-protect",
        "description": "Dent\u00edfrico Repair-Protect 75 ml",
        "image": "https:\/\/cdn-consum.aktiosdigitalservices.com\/tol\/consum\/media\/product\/img\/300x300\/7150407.jpg?t=20250227090923"
    },
    {
        "id": 7127,
        "name": "Vino Tinto Ecol\u00f3gico D.O.Valencia LA TRACA",
        "price": 3.99,
        "price_kilo": 5.32,
        "slug": "vino-tinto-ecologico-dovalencia",
        "description": "Vino Tinto Ecol\u00f3gico D.O.Valencia 0,75 L",
        "image": "https:\/\/cdn-consum.aktiosdigitalservices.com\/tol\/consum\/media\/product\/img\/300x300\/7197705.jpg?t=20250227091340"
    },
    {
        "id": 7276,
        "name": "Caf\u00e9 Descafeinado Mezcla MARCILLA",
        "price": 4.29,
        "price_kilo": 21.45,
        "slug": "cafe-descafeinado-mezcla",
        "description": "Caf\u00e9 Descafeinado Mezcla 200 Gr",
        "image": "https:\/\/cdn-consum.aktiosdigitalservices.com\/tol\/consum\/media\/product\/img\/300x300\/7207038.jpg?t=20250311105148"
    },
    {
        "id": 7277,
        "name": "Caf\u00e9 Descafeinado Natural MARCILLA",
        "price": 4.29,
        "price_kilo": 21.45,
        "slug": "cafe-descafeinado-natural",
        "description": "Caf\u00e9 Descafeinado Natural 200 Gr",
        "image": "https:\/\/cdn-consum.aktiosdigitalservices.com\/tol\/consum\/media\/product\/img\/300x300\/7207046.jpg?t=20250311105151"
    },
    {
        "id": 21572,
        "name": "Dent\u00edfrico Sensibilidad y Enc\u00edas SENSODYNE",
        "price": 4.79,
        "price_kilo": 6.39,
        "slug": "dentifrico-sensibilidad-y-encias",
        "description": "Dent\u00edfrico Sensibilidad y Enc\u00edas 75 ml",
        "image": "https:\/\/cdn-consum.aktiosdigitalservices.com\/tol\/consum\/media\/product\/img\/300x300\/7324317.jpg?t=20250227093003"
    },
    {
        "id": 21573,
        "name": "Dent\u00edfrico Blanqueante Sensibilidad y Encias SENSODYNE",
        "price": 4.79,
        "price_kilo": 6.39,
        "slug": "dentifrico-blanqueante-sensibilidad-y-encias",
        "description": "Dent\u00edfrico Blanqueante Sensibilidad y Encias 75 ml",
        "image": "https:\/\/cdn-consum.aktiosdigitalservices.com\/tol\/consum\/media\/product\/img\/300x300\/7324320.jpg?t=20250312160708"
    },
    {
        "id": 12662,
        "name": "Cappuccino Descafeinado Soluble NESCAFE",
        "price": 3.95,
        "price_kilo": 15.8,
        "slug": "cappuccino-descafeinado-soluble",
        "description": "Cappuccino Descafeinado Soluble 250 Gr",
        "image": "https:\/\/cdn-consum.aktiosdigitalservices.com\/tol\/consum\/media\/product\/img\/300x300\/7266104.jpg?t=20250311133815"
    },
    {
        "id": 4836,
        "name": "Caf\u00e9 Molido Descafeinado BONKA",
        "price": 4.2,
        "price_kilo": 16.8,
        "slug": "cafe-molido-descafeinado",
        "description": "Caf\u00e9 Molido Descafeinado 250 Gr",
        "image": "https:\/\/cdn-consum.aktiosdigitalservices.com\/tol\/consum\/media\/product\/img\/300x300\/300939.jpg?t=20250311103045"
    },
    {
        "id": 5187,
        "name": "Abrillantador Lavavajillas FINISH",
        "price": 4.9,
        "price_kilo": 9.8,
        "slug": "abrillantador-lavavajillas",
        "description": "Abrillantador Lavavajillas 0,5 L",
        "image": "https:\/\/cdn-consum.aktiosdigitalservices.com\/tol\/consum\/media\/product\/img\/300x300\/956300.jpg?t=20250227090122"
    },
    {
        "id": 7188,
        "name": "Sinmanchas Coloreadas Spray KH-7",
        "price": 4.95,
        "price_kilo": 6.6,
        "slug": "sinmanchas-coloreadas-spray",
        "description": "Sinmanchas Coloreadas Spray 750 ml",
        "image": "https:\/\/cdn-consum.aktiosdigitalservices.com\/tol\/consum\/media\/product\/img\/300x300\/7200280.jpg?t=20250227091359"
    },
    {
        "id": 29841,
        "name": "Chocolate con Oreo MILKA",
        "price": 4.15,
        "price_kilo": 13.83,
        "slug": "chocolate-con-oreo",
        "description": "Chocolate con Oreo 300 Gr",
        "image": "https:\/\/cdn-consum.aktiosdigitalservices.com\/tol\/consum\/media\/product\/img\/300x300\/7403827.jpg?t=20250311134616"
    },
    {
        "id": 33646,
        "name": "Gamba Alistada Congelada MARINES",
        "price": 3.75,
        "price_kilo": 18.75,
        "slug": "gamba-alistada-congelada",
        "description": "Gamba Alistada Congelada 200 Gr",
        "image": "https:\/\/cdn-consum.aktiosdigitalservices.com\/tol\/consum\/media\/product\/img\/300x300\/7428477.jpg?t=20250318080722"
    },
    {
        "id": 33647,
        "name": "Gamba Blanca MARINES",
        "price": 4.4,
        "price_kilo": 22,
        "slug": "gamba-blanca",
        "description": "Gamba Blanca 200 Gr",
        "image": "https:\/\/cdn-consum.aktiosdigitalservices.com\/tol\/consum\/media\/product\/img\/300x300\/7432185.jpg?t=20250318080737"
    },
    {
        "id": 7928,
        "name": "Mascarilla Tesoro de Miel Reparadora OR.REMEDIES",
        "price": 3.99,
        "price_kilo": 1.18,
        "slug": "mascarilla-tesoro-de-miel-reparadora",
        "description": "Mascarilla Tesoro de Miel Reparadora 340 ml",
        "image": "https:\/\/cdn-consum.aktiosdigitalservices.com\/tol\/consum\/media\/product\/img\/300x300\/7239957.jpg?t=20250228080116"
    },
    {
        "id": 8056,
        "name": "Chocolate con Leche Extrafino Pack NESTLE",
        "price": 4.25,
        "price_kilo": 11.34,
        "slug": "chocolate-con-leche-extrafino-pack",
        "description": "Chocolate con Leche Extrafino Pack 3 x 125 Gr",
        "image": "https:\/\/cdn-consum.aktiosdigitalservices.com\/tol\/consum\/media\/product\/img\/300x300\/7247950.jpg?t=20250311133727"
    },
    {
        "id": 8546,
        "name": "Emperador corte sin Hueso ",
        "price": 2.49,
        "price_kilo": 9.95,
        "slug": "emperador-corte-sin-hueso",
        "description": "Emperador corte sin Hueso - Cortada 250gr aprox.",
        "image": "https:\/\/cdn-consum.aktiosdigitalservices.com\/tol\/consum\/media\/product\/img\/300x300\/938852.jpg?t=20250320075657"
    },
    {
        "id": 8709,
        "name": "Body Milk Hidratante Nutritivo DOVE",
        "price": 4.99,
        "price_kilo": 1.25,
        "slug": "body-milk-hidratante-nutritivo",
        "description": "Body Milk Hidratante Nutritivo 400 ml",
        "image": "https:\/\/cdn-consum.aktiosdigitalservices.com\/tol\/consum\/media\/product\/img\/300x300\/2816999.jpg?t=20250312155811"
    },
    {
        "id": 8781,
        "name": "Loci\u00f3n Piel Extra Seca Intensiva DOVE",
        "price": 4.99,
        "price_kilo": 1.25,
        "slug": "locion-piel-extra-seca-intensiva",
        "description": "Loci\u00f3n Piel Extra Seca Intensiva 400 ml",
        "image": "https:\/\/cdn-consum.aktiosdigitalservices.com\/tol\/consum\/media\/product\/img\/300x300\/7088151.jpg?t=20250312155944"
    },
    {
        "id": 8830,
        "name": "Body Milk Lactourea Pieles Deshidratadas LACTOVIT",
        "price": 4.25,
        "price_kilo": 1.06,
        "slug": "body-milk-lactourea-pieles-deshidratadas",
        "description": "Body Milk Lactourea Pieles Deshidratadas 400 ml",
        "image": "https:\/\/cdn-consum.aktiosdigitalservices.com\/tol\/consum\/media\/product\/img\/300x300\/7120066.jpg?t=20250227090825"
    },
    {
        "id": 9604,
        "name": "Magnum Mini Almendras Pack de 6 Unidades FRIGO",
        "price": 4.19,
        "price_kilo": 15.76,
        "slug": "magnum-mini-almendras-pack-de-6-unidades",
        "description": "Magnum Mini Almendras Pack de 6 Unidades 265,8 Gr",
        "image": "https:\/\/cdn-consum.aktiosdigitalservices.com\/tol\/consum\/media\/product\/img\/300x300\/7148570.jpg?t=20250312125210"
    },
    {
        "id": 13352,
        "name": "Porci\u00f3n de Salm\u00f3n Noruego ",
        "price": 4.49,
        "price_kilo": 22.45,
        "slug": "porcion-de-salmon-noruego",
        "description": "Porci\u00f3n de Salm\u00f3n Noruego - Pieza 200 g aprox.",
        "image": "https:\/\/cdn-consum.aktiosdigitalservices.com\/tol\/consum\/media\/product\/img\/300x300\/142752.jpg?t=20250318075706"
    },
    {
        "id": 15694,
        "name": "Loci\u00f3n de coco con aceite DOVE",
        "price": 4.99,
        "price_kilo": 1.25,
        "slug": "locion-de-coco-con-aceite",
        "description": "Loci\u00f3n de coco con aceite 400 ml",
        "image": "https:\/\/cdn-consum.aktiosdigitalservices.com\/tol\/consum\/media\/product\/img\/300x300\/7287386.jpg?t=20250312160550"
    },
    {
        "id": 28046,
        "name": "Cacao Soluble 0% Az\u00facares A\u00f1adidos NESQUIK",
        "price": 4.99,
        "price_kilo": 15.59,
        "slug": "cacao-soluble-0-azucares-anadidos",
        "description": "Cacao Soluble 0% Az\u00facares A\u00f1adidos 320 Gr",
        "image": "https:\/\/cdn-consum.aktiosdigitalservices.com\/tol\/consum\/media\/product\/img\/300x300\/7389141.jpg?t=20250311111843"
    },
    {
        "id": 31065,
        "name": "Perfumador Ropa L\u00edquido Rosa FLOR",
        "price": 3.85,
        "price_kilo": 0.11,
        "slug": "perfumador-ropa-liquido-rosa",
        "description": "Perfumador Ropa L\u00edquido Rosa 36 Lv",
        "image": "https:\/\/cdn-consum.aktiosdigitalservices.com\/tol\/consum\/media\/product\/img\/300x300\/7414519.jpg?t=20250313081020"
    },
    {
        "id": 31480,
        "name": "Perfumador Ropa L\u00edquido Azul FLOR",
        "price": 3.85,
        "price_kilo": 0.11,
        "slug": "perfumador-ropa-liquido-azul",
        "description": "Perfumador Ropa L\u00edquido Azul 36 Lv",
        "image": "https:\/\/cdn-consum.aktiosdigitalservices.com\/tol\/consum\/media\/product\/img\/300x300\/7414464.jpg?t=20250313081018"
    },
    {
        "id": 33796,
        "name": "Magnum Afterdinner Classic 8 Unidades FRIGO",
        "price": 4.99,
        "price_kilo": 21.51,
        "slug": "magnum-afterdinner-classic-8-unidades",
        "description": "Magnum Afterdinner Classic 8 Unidades 232 Gr",
        "image": "https:\/\/cdn-consum.aktiosdigitalservices.com\/tol\/consum\/media\/product\/img\/300x300\/7433659.jpg?t=20250318080750"
    },
    {
        "id": 34925,
        "name": "Alitas de Pollo Estilo Americano LA COCINERA",
        "price": 3.99,
        "price_kilo": 9.98,
        "slug": "alitas-de-pollo-estilo-americano",
        "description": "Alitas de Pollo Estilo Americano 400 Gr",
        "image": "https:\/\/cdn-consum.aktiosdigitalservices.com\/tol\/consum\/media\/product\/img\/300x300\/7443401.jpg?t=20250227095416"
    },
    {
        "id": 35085,
        "name": "Limpiahornos Spray TENN",
        "price": 4.25,
        "price_kilo": 14.16,
        "slug": "limpiahornos-spray",
        "description": "Limpiahornos Spray 0,3 L",
        "image": "https:\/\/cdn-consum.aktiosdigitalservices.com\/tol\/consum\/media\/product\/img\/300x300\/7445138.jpg?t=20250313081331"
    },
    {
        "id": 35986,
        "name": "Detergente L\u00edquido Esencia FLOTA",
        "price": 3.99,
        "price_kilo": 0.1,
        "slug": "detergente-liquido-esencia",
        "description": "Detergente L\u00edquido Esencia 42 Lv",
        "image": "https:\/\/cdn-consum.aktiosdigitalservices.com\/tol\/consum\/media\/product\/img\/300x300\/7451128.jpg?t=20250312092916"
    },
    {
        "id": 39442,
        "name": "Tarrina Oreo OREO",
        "price": 4.49,
        "price_kilo": 15.65,
        "slug": "tarrina-oreo",
        "description": "Tarrina Oreo 287 Gr",
        "image": "https:\/\/cdn-consum.aktiosdigitalservices.com\/tol\/consum\/media\/product\/img\/300x300\/7438732.jpg?t=20250312092854"
    },
    {
        "id": 39475,
        "name": "Calamar Patag\u00f3nico Limpio CONSUM",
        "price": 4.49,
        "price_kilo": 14.96,
        "slug": "calamar-patagonico-limpio",
        "description": "Calamar Patag\u00f3nico Limpio 300 Gr",
        "image": "https:\/\/cdn-consum.aktiosdigitalservices.com\/tol\/consum\/media\/product\/img\/300x300\/7445567.jpg?t=20250312092906"
    },
    {
        "id": 39736,
        "name": "Sandwich Oreo pack de 4 OREO",
        "price": 4.49,
        "price_kilo": 16.03,
        "slug": "sandwich-oreo-pack-de-4",
        "description": "Sandwich Oreo pack de 4 280 Gr",
        "image": "https:\/\/cdn-consum.aktiosdigitalservices.com\/tol\/consum\/media\/product\/img\/300x300\/7452605.jpg?t=20250312092919"
    },
    {
        "id": 39886,
        "name": "Mascarilla Aguacate Nutritiva OR.REMEDIES",
        "price": 3.99,
        "price_kilo": 1.18,
        "slug": "mascarilla-aguacate-nutritiva",
        "description": "Mascarilla Aguacate Nutritiva 340 ml",
        "image": "https:\/\/cdn-consum.aktiosdigitalservices.com\/tol\/consum\/media\/product\/img\/300x300\/7455322.jpg?t=20250312092948"
    },
    {
        "id": 20592,
        "name": "Corazones Alcachofa Troceados congelados FINDUS",
        "price": 4.39,
        "price_kilo": 14.64,
        "slug": "corazones-alcachofa-troceados-congelados",
        "description": "Corazones Alcachofa Troceados congelados 300 Gr",
        "image": "https:\/\/cdn-consum.aktiosdigitalservices.com\/tol\/consum\/media\/product\/img\/300x300\/7327526.jpg?t=20250227093041"
    },
    {
        "id": 33381,
        "name": "Cera Cabello Mate Beach Matt Fijaci\u00f3n 3 GOT2B",
        "price": 5.1,
        "price_kilo": 5.1,
        "slug": "cera-cabello-mate-beach-matt-fijacion-3",
        "description": "Cera Cabello Mate Beach Matt Fijaci\u00f3n 3 100 ml",
        "image": "https:\/\/cdn-consum.aktiosdigitalservices.com\/tol\/consum\/media\/product\/img\/300x300\/7431687.jpg?t=20250312161345"
    },
    {
        "id": 7196,
        "name": "Queso Mezcla Reserva 12 Meses L.Pasteurizada G.BAQUERO",
        "price": 4.61,
        "price_kilo": 23.05,
        "slug": "queso-mezcla-reserva-12-meses-lpasteurizada",
        "description": "Queso Mezcla Reserva 12 Meses L.Pasteurizada 200 Gr",
        "image": "https:\/\/cdn-consum.aktiosdigitalservices.com\/tol\/consum\/media\/product\/img\/300x300\/7200579.jpg?t=20250227091406"
    },
    {
        "id": 17443,
        "name": "Vino Blanco Con Barrica D.O.Rioja LOPEZ HARO",
        "price": 4.49,
        "price_kilo": 5.98,
        "slug": "vino-blanco-con-barrica-dorioja",
        "description": "Vino Blanco Con Barrica D.O.Rioja 0,75 L",
        "image": "https:\/\/cdn-consum.aktiosdigitalservices.com\/tol\/consum\/media\/product\/img\/300x300\/7301690.jpg?t=20250227092742"
    },
    {
        "id": 21163,
        "name": "Vino Tinto Bobal D.O.Utiel-Requena BO",
        "price": 4.69,
        "price_kilo": 6.25,
        "slug": "vino-tinto-bobal-doutiel-requena",
        "description": "Vino Tinto Bobal D.O.Utiel-Requena 0,75 L",
        "image": "https:\/\/cdn-consum.aktiosdigitalservices.com\/tol\/consum\/media\/product\/img\/300x300\/7332252.jpg?t=20250312160722"
    },
    {
        "id": 7503,
        "name": "Enjuague Bucal Plax Multiprotecci\u00f3n COLGATE",
        "price": 5.25,
        "price_kilo": 1.05,
        "slug": "enjuague-bucal-plax-multiproteccion",
        "description": "Enjuague Bucal Plax Multiprotecci\u00f3n 500 ml",
        "image": "https:\/\/cdn-consum.aktiosdigitalservices.com\/tol\/consum\/media\/product\/img\/300x300\/7219447.jpg?t=20250227091652"
    },
    {
        "id": 14329,
        "name": "Recambio Ambientador El\u00e9ctrico Flor AIR WICK",
        "price": 4.15,
        "price_kilo": 4.15,
        "slug": "recambio-ambientador-electrico-flor",
        "description": "Recambio Ambientador El\u00e9ctrico Flor 1 U",
        "image": "https:\/\/cdn-consum.aktiosdigitalservices.com\/tol\/consum\/media\/product\/img\/300x300\/7279573.jpg?t=20250227092457"
    },
    {
        "id": 18847,
        "name": "Ambientador El\u00e9ctrico Delicias Verano Rec. AIR WICK",
        "price": 4.15,
        "price_kilo": 4.15,
        "slug": "ambientador-electrico-delicias-verano-rec",
        "description": "Ambientador El\u00e9ctrico Delicias Verano Rec. 1 U",
        "image": "https:\/\/cdn-consum.aktiosdigitalservices.com\/tol\/consum\/media\/product\/img\/300x300\/7315729.jpg?t=20250312092800"
    },
    {
        "id": 35579,
        "name": "Recambio Ambientador Lavanda AIR WICK",
        "price": 4.15,
        "price_kilo": 4.15,
        "slug": "recambio-ambientador-lavanda",
        "description": "Recambio Ambientador Lavanda 1 U",
        "image": "https:\/\/cdn-consum.aktiosdigitalservices.com\/tol\/consum\/media\/product\/img\/300x300\/7448665.jpg?t=20250227095626"
    },
    {
        "id": 12872,
        "name": "Vino Tinto Crianza D.O.Rioja CAST.ALBAI",
        "price": 3.99,
        "price_kilo": 5.32,
        "slug": "vino-tinto-crianza-dorioja",
        "description": "Vino Tinto Crianza D.O.Rioja 0,75 L",
        "image": "https:\/\/cdn-consum.aktiosdigitalservices.com\/tol\/consum\/media\/product\/img\/300x300\/7139975.jpg?t=20250227090846"
    },
    {
        "id": 13241,
        "name": "Vino Blanco con Barrica D.O.Utiel-Requena P.DE THARSYS",
        "price": 4.59,
        "price_kilo": 6.12,
        "slug": "vino-blanco-con-barrica-doutiel-requena",
        "description": "Vino Blanco con Barrica D.O.Utiel-Requena 0,75 L",
        "image": "https:\/\/cdn-consum.aktiosdigitalservices.com\/tol\/consum\/media\/product\/img\/300x300\/7263304.jpg?t=20250311164600"
    },
    {
        "id": 12325,
        "name": "Vino Blanco Seco D.O.Catalu\u00f1a BACH",
        "price": 4.49,
        "price_kilo": 5.98,
        "slug": "vino-blanco-seco-docataluna",
        "description": "Vino Blanco Seco D.O.Catalu\u00f1a 0,75 L",
        "image": "https:\/\/cdn-consum.aktiosdigitalservices.com\/tol\/consum\/media\/product\/img\/300x300\/318279.jpg?t=20250311164531"
    },
    {
        "id": 12326,
        "name": "Vino Blanco Semi D.O.Catalu\u00f1a BACH",
        "price": 4.49,
        "price_kilo": 5.98,
        "slug": "vino-blanco-semi-docataluna",
        "description": "Vino Blanco Semi D.O.Catalu\u00f1a 0,75 L",
        "image": "https:\/\/cdn-consum.aktiosdigitalservices.com\/tol\/consum\/media\/product\/img\/300x300\/318584.jpg?t=20250227085846"
    },
    {
        "id": 12746,
        "name": "Cava Brut Nature D.O.Cava BACH",
        "price": 4.49,
        "price_kilo": 5.98,
        "slug": "cava-brut-nature-docava",
        "description": "Cava Brut Nature D.O.Cava 0,75 L",
        "image": "https:\/\/cdn-consum.aktiosdigitalservices.com\/tol\/consum\/media\/product\/img\/300x300\/307108.jpg?t=20250311164531"
    },
    {
        "id": 12864,
        "name": "Cava Rosado Brut D.O.Cava BACH",
        "price": 4.49,
        "price_kilo": 5.98,
        "slug": "cava-rosado-brut-docava",
        "description": "Cava Rosado Brut D.O.Cava 0,75 L",
        "image": "https:\/\/cdn-consum.aktiosdigitalservices.com\/tol\/consum\/media\/product\/img\/300x300\/7113207.jpg?t=20250227090746"
    },
    {
        "id": 15804,
        "name": "Tortilla de Patata Fresca con Cebolla PALACIOS",
        "price": 3.99,
        "price_kilo": 6.14,
        "slug": "tortilla-de-patata-fresca-con-cebolla",
        "description": "Tortilla de Patata Fresca con Cebolla 650 Gr",
        "image": "https:\/\/cdn-consum.aktiosdigitalservices.com\/tol\/consum\/media\/product\/img\/300x300\/7291370.jpg?t=20250227092624"
    },
    {
        "id": 32468,
        "name": "Cerveza Extra Pack de 6 Botellas VOLL DAMM",
        "price": 4.59,
        "price_kilo": 3.06,
        "slug": "cerveza-extra-pack-de-6-botellas",
        "description": "Cerveza Extra Pack de 6 Botellas 6 x 0,25 L",
        "image": "https:\/\/cdn-consum.aktiosdigitalservices.com\/tol\/consum\/media\/product\/img\/300x300\/7424570.jpg?t=20250312130221"
    },
    {
        "id": 15058,
        "name": "Pizza R\u00fastica congelada Cuatro Quesos RUSTICA",
        "price": 4.9,
        "price_kilo": 8.83,
        "slug": "pizza-rustica-congelada-cuatro-quesos",
        "description": "Pizza R\u00fastica congelada Cuatro Quesos 555 Gr",
        "image": "https:\/\/cdn-consum.aktiosdigitalservices.com\/tol\/consum\/media\/product\/img\/300x300\/7272532.jpg?t=20250227092423"
    },
    {
        "id": 17760,
        "name": "Chocolate 90% Cacao Excellence LINDT",
        "price": 4.49,
        "price_kilo": 44.9,
        "slug": "chocolate-90-cacao-excellence",
        "description": "Chocolate 90% Cacao Excellence 100 Gr",
        "image": "https:\/\/cdn-consum.aktiosdigitalservices.com\/tol\/consum\/media\/product\/img\/300x300\/7305159.jpg?t=20250311133956"
    },
    {
        "id": 22357,
        "name": "Eyeliner Tatoo Gel 910 MAYBELLINE",
        "price": 5.49,
        "price_kilo": 5.49,
        "slug": "eyeliner-tatoo-gel-910",
        "description": "Eyeliner Tatoo Gel 910 1 U",
        "image": "https:\/\/cdn-consum.aktiosdigitalservices.com\/tol\/consum\/media\/product\/img\/300x300\/7327864.jpg?t=20250311164608"
    },
    {
        "id": 22536,
        "name": "Eyeliner Tatoo Gel 900 MAYBELLINE",
        "price": 5.49,
        "price_kilo": 5.49,
        "slug": "eyeliner-tatoo-gel-900",
        "description": "Eyeliner Tatoo Gel 900 1 U",
        "image": "https:\/\/cdn-consum.aktiosdigitalservices.com\/tol\/consum\/media\/product\/img\/300x300\/7327880.jpg?t=20250227093045"
    },
    {
        "id": 25199,
        "name": "L\u00e1piz Ojos Tatoo 36H Gris Intenso MAYBELLINE",
        "price": 5.49,
        "price_kilo": 5.49,
        "slug": "lapiz-ojos-tatoo-36h-gris-intenso",
        "description": "L\u00e1piz Ojos Tatoo 36H Gris Intenso 1 U",
        "image": "https:\/\/cdn-consum.aktiosdigitalservices.com\/tol\/consum\/media\/product\/img\/300x300\/7364172.jpg?t=20250311164617"
    },
    {
        "id": 28523,
        "name": "Pizza R\u00fastica Pepperoni Cheddar y Mozzarella RUSTICA",
        "price": 4.9,
        "price_kilo": 8.68,
        "slug": "pizza-rustica-pepperoni-cheddar-y-mozzarella",
        "description": "Pizza R\u00fastica Pepperoni Cheddar y Mozzarella 565 Gr",
        "image": "https:\/\/cdn-consum.aktiosdigitalservices.com\/tol\/consum\/media\/product\/img\/300x300\/7391985.jpg?t=20250227094002"
    },
    {
        "id": 28840,
        "name": "Choco Butter Whey Protein PROZIS",
        "price": 5.49,
        "price_kilo": 27.45,
        "slug": "choco-butter-whey-protein",
        "description": "Choco Butter Whey Protein 200 Gr",
        "image": "https:\/\/cdn-consum.aktiosdigitalservices.com\/tol\/consum\/media\/product\/img\/300x300\/7396208.jpg?t=20250313080931"
    },
    {
        "id": 29294,
        "name": "Tattoo Liner N\u00ba911 MAYBELLINE",
        "price": 5.49,
        "price_kilo": 5.49,
        "slug": "tattoo-liner-n911",
        "description": "Tattoo Liner N\u00ba911 1 U",
        "image": "https:\/\/cdn-consum.aktiosdigitalservices.com\/tol\/consum\/media\/product\/img\/300x300\/7396112.jpg?t=20250312092816"
    },
    {
        "id": 35144,
        "name": "Tattoo Liner Verde MAYBELLINE",
        "price": 5.49,
        "price_kilo": 5.49,
        "slug": "tattoo-liner-verde",
        "description": "Tattoo Liner Verde 1 U",
        "image": "https:\/\/cdn-consum.aktiosdigitalservices.com\/tol\/consum\/media\/product\/img\/300x300\/7439516.jpg?t=20250227095238"
    },
    {
        "id": 35145,
        "name": "Tattoo Liner Azul MAYBELLINE",
        "price": 5.49,
        "price_kilo": 5.49,
        "slug": "tattoo-liner-azul",
        "description": "Tattoo Liner Azul 1 U",
        "image": "https:\/\/cdn-consum.aktiosdigitalservices.com\/tol\/consum\/media\/product\/img\/300x300\/7439524.jpg?t=20250227095239"
    },
    {
        "id": 35477,
        "name": "Tattoo Liner Negro MAYBELLINE",
        "price": 5.49,
        "price_kilo": 5.49,
        "slug": "tattoo-liner-negro",
        "description": "Tattoo Liner Negro 1 U",
        "image": "https:\/\/cdn-consum.aktiosdigitalservices.com\/tol\/consum\/media\/product\/img\/300x300\/7439529.jpg?t=20250227095239"
    },
    {
        "id": 39617,
        "name": "Pizza R\u00fastica Ham & Cheese DR.OETKER",
        "price": 4.9,
        "price_kilo": 8.99,
        "slug": "pizza-rustica-ham-cheese",
        "description": "Pizza R\u00fastica Ham & Cheese 545 Gr",
        "image": "https:\/\/cdn-consum.aktiosdigitalservices.com\/tol\/consum\/media\/product\/img\/300x300\/7453777.jpg?t=20250227095900"
    },
    {
        "id": 39879,
        "name": "Mejill\u00f3n Cocido ",
        "price": 4.95,
        "price_kilo": 4.95,
        "slug": "mejillon-cocido",
        "description": "Mejill\u00f3n Cocido 1 Kg",
        "image": "https:\/\/cdn-consum.aktiosdigitalservices.com\/tol\/consum\/media\/product\/img\/300x300\/7455132.jpg?t=20250318081034"
    },
    {
        "id": 5566,
        "name": "Rollo Multiusos Tornado Azul FOXY",
        "price": 3.99,
        "price_kilo": 3.99,
        "slug": "rollo-multiusos-tornado-azul",
        "description": "Rollo Multiusos Tornado Azul 1 U",
        "image": "https:\/\/cdn-consum.aktiosdigitalservices.com\/tol\/consum\/media\/product\/img\/300x300\/7042153.jpg?t=20250227090419"
    },
    {
        "id": 27264,
        "name": "Vino Tinto MUCHO MAS",
        "price": 4.45,
        "price_kilo": 5.93,
        "slug": "vino-tinto",
        "description": "Vino Tinto 0,75 L",
        "image": "https:\/\/cdn-consum.aktiosdigitalservices.com\/tol\/consum\/media\/product\/img\/300x300\/7381598.jpg?t=20250227093819"
    },
    {
        "id": 29731,
        "name": "Vino Blanco Varietal Reg. Castilla La Mancha MUCHO MAS",
        "price": 4.45,
        "price_kilo": 5.93,
        "slug": "vino-blanco-varietal-reg-castilla-la-mancha",
        "description": "Vino Blanco Varietal Reg. Castilla La Mancha 0,75 L",
        "image": "https:\/\/cdn-consum.aktiosdigitalservices.com\/tol\/consum\/media\/product\/img\/300x300\/7403574.jpg?t=20250312092819"
    },
    {
        "id": 5632,
        "name": "Vino Blanco Verdejo D.O.Rueda BLUME",
        "price": 3.69,
        "price_kilo": 4.92,
        "slug": "vino-blanco-verdejo-dorueda",
        "description": "Vino Blanco Verdejo D.O.Rueda 0,75 L",
        "image": "https:\/\/cdn-consum.aktiosdigitalservices.com\/tol\/consum\/media\/product\/img\/300x300\/7045503.jpg?t=20250312092742"
    },
    {
        "id": 8676,
        "name": "After Shave B\u00e1lsamo NIVEA",
        "price": 5.65,
        "price_kilo": 5.65,
        "slug": "after-shave-balsamo",
        "description": "After Shave B\u00e1lsamo 100 ml",
        "image": "https:\/\/cdn-consum.aktiosdigitalservices.com\/tol\/consum\/media\/product\/img\/300x300\/400770.jpg?t=20250313075819"
    },
    {
        "id": 29214,
        "name": "Retoca Ra\u00edces Casta\u00f1o Claro PALETTE",
        "price": 5.65,
        "price_kilo": 5.65,
        "slug": "retoca-raices-castano-claro",
        "description": "Retoca Ra\u00edces Casta\u00f1o Claro 1 U",
        "image": "https:\/\/cdn-consum.aktiosdigitalservices.com\/tol\/consum\/media\/product\/img\/300x300\/7397354.jpg?t=20250227094119"
    },
    {
        "id": 29215,
        "name": "Retoca Ra\u00edces Casta\u00f1o PALETTE",
        "price": 5.65,
        "price_kilo": 5.65,
        "slug": "retoca-raices-castano",
        "description": "Retoca Ra\u00edces Casta\u00f1o 1 U",
        "image": "https:\/\/cdn-consum.aktiosdigitalservices.com\/tol\/consum\/media\/product\/img\/300x300\/7397359.jpg?t=20250227094121"
    },
    {
        "id": 31806,
        "name": "Desodorante Spray Bergamot AXE",
        "price": 3.69,
        "price_kilo": 2.46,
        "slug": "desodorante-spray-bergamot",
        "description": "Desodorante Spray Bergamot 150 ml",
        "image": "https:\/\/cdn-consum.aktiosdigitalservices.com\/tol\/consum\/media\/product\/img\/300x300\/7419356.jpg?t=20250312161205"
    },
    {
        "id": 32973,
        "name": "Retoca Ra\u00edces Compacto Rubio Oscuro PALETTE",
        "price": 5.65,
        "price_kilo": 5.65,
        "slug": "retoca-raices-compacto-rubio-oscuro",
        "description": "Retoca Ra\u00edces Compacto Rubio Oscuro 1 U",
        "image": "https:\/\/cdn-consum.aktiosdigitalservices.com\/tol\/consum\/media\/product\/img\/300x300\/7429462.jpg?t=20250312092838"
    },
    {
        "id": 34728,
        "name": "Desodorante Spray Black Vainilla AXE",
        "price": 3.69,
        "price_kilo": 24.6,
        "slug": "desodorante-spray-black-vainilla",
        "description": "Desodorante Spray Black Vainilla 150 ml",
        "image": "https:\/\/cdn-consum.aktiosdigitalservices.com\/tol\/consum\/media\/product\/img\/300x300\/7443674.jpg?t=20250312161549"
    },
    {
        "id": 5396,
        "name": "Filete de Merluza congelada del Cabo Baby PESCANOVA",
        "price": 4.99,
        "price_kilo": 12.48,
        "slug": "filete-de-merluza-congelada-del-cabo-baby",
        "description": "Filete de Merluza congelada del Cabo Baby 400 Gr",
        "image": "https:\/\/cdn-consum.aktiosdigitalservices.com\/tol\/consum\/media\/product\/img\/300x300\/7003346.jpg?t=20250301075723"
    },
    {
        "id": 12961,
        "name": "Vino Tinto Vendimia Oro D.O.Valencia J. DE JUANES",
        "price": 4.99,
        "price_kilo": 6.66,
        "slug": "vino-tinto-vendimia-oro-dovalencia",
        "description": "Vino Tinto Vendimia Oro D.O.Valencia 0,75 L",
        "image": "https:\/\/cdn-consum.aktiosdigitalservices.com\/tol\/consum\/media\/product\/img\/300x300\/7187354.jpg?t=20250227091212"
    },
    {
        "id": 35768,
        "name": "Loci\u00f3n Manteca de Karit\u00e9 Piel Seca NIVEA",
        "price": 4.85,
        "price_kilo": 1.21,
        "slug": "locion-manteca-de-karite-piel-seca",
        "description": "Loci\u00f3n Manteca de Karit\u00e9 Piel Seca 400 ml",
        "image": "https:\/\/cdn-consum.aktiosdigitalservices.com\/tol\/consum\/media\/product\/img\/300x300\/7450393.jpg?t=20250227095725"
    },
    {
        "id": 12734,
        "name": "Vino Rosado D.O.Rioja MQ.CACERES",
        "price": 4.89,
        "price_kilo": 6.52,
        "slug": "vino-rosado-dorioja",
        "description": "Vino Rosado D.O.Rioja 0,75 L",
        "image": "https:\/\/cdn-consum.aktiosdigitalservices.com\/tol\/consum\/media\/product\/img\/300x300\/117853.jpg?t=20250303075624"
    },
    {
        "id": 39735,
        "name": "Bomb\u00f3n Toblerone pack de 3 TOBLERONE",
        "price": 4.89,
        "price_kilo": 25.08,
        "slug": "bombon-toblerone-pack-de-3",
        "description": "Bomb\u00f3n Toblerone pack de 3 195 Gr",
        "image": "https:\/\/cdn-consum.aktiosdigitalservices.com\/tol\/consum\/media\/product\/img\/300x300\/7452597.jpg?t=20250312130520"
    },
    {
        "id": 5903,
        "name": "Actimel L\u00edquido Natural Pack 12 Ud. DANONE",
        "price": 5.79,
        "price_kilo": 4.83,
        "slug": "actimel-liquido-natural-pack-12-ud",
        "description": "Actimel L\u00edquido Natural Pack 12 Ud. 12 x 100 Gr",
        "image": "https:\/\/cdn-consum.aktiosdigitalservices.com\/tol\/consum\/media\/product\/img\/300x300\/7076276.jpg?t=20250227090607"
    },
    {
        "id": 5904,
        "name": "Actimel Actikids Sabor Fresa Pack 12 ud. DANONE",
        "price": 5.79,
        "price_kilo": 4.83,
        "slug": "actimel-actikids-sabor-fresa-pack-12-ud",
        "description": "Actimel Actikids Sabor Fresa Pack 12 ud. 12 x 100 Gr",
        "image": "https:\/\/cdn-consum.aktiosdigitalservices.com\/tol\/consum\/media\/product\/img\/300x300\/7076284.jpg?t=20250227090609"
    },
    {
        "id": 6301,
        "name": "Actimel L\u00edquido 0% 0% Natural pack de 12 DANONE",
        "price": 5.79,
        "price_kilo": 4.83,
        "slug": "actimel-liquido-0-0-natural-pack-de-12",
        "description": "Actimel L\u00edquido 0% 0% Natural pack de 12 x 100 Gr",
        "image": "https:\/\/cdn-consum.aktiosdigitalservices.com\/tol\/consum\/media\/product\/img\/300x300\/7119451.jpg?t=20250227090815"
    },
    {
        "id": 26482,
        "name": "Mini Bomb\u00f3n Biscoff 6 Unidades LOTUS",
        "price": 4.79,
        "price_kilo": 17.74,
        "slug": "mini-bombon-biscoff-6-unidades",
        "description": "Mini Bomb\u00f3n Biscoff 6 Unidades 270 Gr",
        "image": "https:\/\/cdn-consum.aktiosdigitalservices.com\/tol\/consum\/media\/product\/img\/300x300\/7370328.jpg?t=20250227093620"
    },
    {
        "id": 32862,
        "name": "Mini Bomb\u00f3n Blanco Biscoff LOTUS",
        "price": 4.79,
        "price_kilo": 13.3,
        "slug": "mini-bombon-blanco-biscoff",
        "description": "Mini Bomb\u00f3n Blanco Biscoff 6 x 60 ml",
        "image": "https:\/\/cdn-consum.aktiosdigitalservices.com\/tol\/consum\/media\/product\/img\/300x300\/7415953.jpg?t=20250227094512"
    },
    {
        "id": 34562,
        "name": "Dent\u00edfrico Antimanchas SENSODYNE",
        "price": 4.95,
        "price_kilo": 6.6,
        "slug": "dentifrico-antimanchas",
        "description": "Dent\u00edfrico Antimanchas 75 ml",
        "image": "https:\/\/cdn-consum.aktiosdigitalservices.com\/tol\/consum\/media\/product\/img\/300x300\/7440266.jpg?t=20250227095301"
    },
    {
        "id": 9930,
        "name": "Galleta Rellena Chocolate Pack de 3 LU",
        "price": 4.85,
        "price_kilo": 5.39,
        "slug": "galleta-rellena-chocolate-pack-de-3",
        "description": "Galleta Rellena Chocolate Pack de 3 3 x 300 Gr",
        "image": "https:\/\/cdn-consum.aktiosdigitalservices.com\/tol\/consum\/media\/product\/img\/300x300\/7214476.jpg?t=20250312160247"
    },
    {
        "id": 5121,
        "name": "After Shave B\u00e1lsamo Piel Sensible NIVEA",
        "price": 5.95,
        "price_kilo": 5.95,
        "slug": "after-shave-balsamo-piel-sensible",
        "description": "After Shave B\u00e1lsamo Piel Sensible 100 ml",
        "image": "https:\/\/cdn-consum.aktiosdigitalservices.com\/tol\/consum\/media\/product\/img\/300x300\/710087.jpg?t=20250313075828"
    },
    {
        "id": 29914,
        "name": "Mascarilla Hidratante TRESEMME",
        "price": 5.95,
        "price_kilo": 1.35,
        "slug": "mascarilla-hidratante",
        "description": "Mascarilla Hidratante 440 ml",
        "image": "https:\/\/cdn-consum.aktiosdigitalservices.com\/tol\/consum\/media\/product\/img\/300x300\/7405178.jpg?t=20250312161113"
    },
    {
        "id": 7567,
        "name": "Vino Blanco Aguja Espumoso SANDARA",
        "price": 5.25,
        "price_kilo": 7,
        "slug": "vino-blanco-aguja-espumoso",
        "description": "Vino Blanco Aguja Espumoso 0,75 L",
        "image": "https:\/\/cdn-consum.aktiosdigitalservices.com\/tol\/consum\/media\/product\/img\/300x300\/7221443.jpg?t=20250304110627"
    },
    {
        "id": 7568,
        "name": "Vino Rosado Aguja Espumoso SANDARA",
        "price": 5.25,
        "price_kilo": 7,
        "slug": "vino-rosado-aguja-espumoso",
        "description": "Vino Rosado Aguja Espumoso 0,75 L",
        "image": "https:\/\/cdn-consum.aktiosdigitalservices.com\/tol\/consum\/media\/product\/img\/300x300\/7221448.jpg?t=20250227091730"
    },
    {
        "id": 9031,
        "name": "Ambientador Fresh Matic Oasis Turquesa Recambi AIR WICK",
        "price": 4.69,
        "price_kilo": 4.69,
        "slug": "ambientador-fresh-matic-oasis-turquesa-recambi",
        "description": "Ambientador Fresh Matic Oasis Turquesa Recambi 1 U",
        "image": "https:\/\/cdn-consum.aktiosdigitalservices.com\/tol\/consum\/media\/product\/img\/300x300\/7236805.jpg?t=20250227091908"
    },
    {
        "id": 12127,
        "name": "Ambientador Fresh Matic Delicias Verano Recambi AIR WICK",
        "price": 4.69,
        "price_kilo": 4.69,
        "slug": "ambientador-fresh-matic-delicias-verano-recambi",
        "description": "Ambientador Fresh Matic Delicias Verano Recambi 1 U",
        "image": "https:\/\/cdn-consum.aktiosdigitalservices.com\/tol\/consum\/media\/product\/img\/300x300\/7236813.jpg?t=20250227091910"
    },
    {
        "id": 12844,
        "name": "Vino Tinto Roble D.O.Somontano VI\u00d1AS D VERO",
        "price": 5.39,
        "price_kilo": 7.19,
        "slug": "vino-tinto-roble-dosomontano",
        "description": "Vino Tinto Roble D.O.Somontano 0,75 L",
        "image": "https:\/\/cdn-consum.aktiosdigitalservices.com\/tol\/consum\/media\/product\/img\/300x300\/7080831.jpg?t=20250227090618"
    },
    {
        "id": 20052,
        "name": "Discos Absorbentes Lactancia TIGEX",
        "price": 5.99,
        "price_kilo": 0.1,
        "slug": "discos-absorbentes-lactancia",
        "description": "Discos Absorbentes Lactancia 60 U",
        "image": "https:\/\/cdn-consum.aktiosdigitalservices.com\/tol\/consum\/media\/product\/img\/300x300\/7315674.jpg?t=20250227092926"
    },
    {
        "id": 27274,
        "name": "Ambientador Fresh Matic Ropa Limpia Recambio FLOR",
        "price": 4.69,
        "price_kilo": 4.69,
        "slug": "ambientador-fresh-matic-ropa-limpia-recambio",
        "description": "Ambientador Fresh Matic Ropa Limpia Recambio 1 U",
        "image": "https:\/\/cdn-consum.aktiosdigitalservices.com\/tol\/consum\/media\/product\/img\/300x300\/7381762.jpg?t=20250318080951"
    },
    {
        "id": 28566,
        "name": "Champ\u00fa Keratina TRESEMME",
        "price": 5.99,
        "price_kilo": 0.87,
        "slug": "champu-keratina",
        "description": "Champ\u00fa Keratina 685 ml",
        "image": "https:\/\/cdn-consum.aktiosdigitalservices.com\/tol\/consum\/media\/product\/img\/300x300\/7393437.jpg?t=20250312161013"
    },
    {
        "id": 28567,
        "name": "Acondicionador Keratina TRESEMME",
        "price": 5.99,
        "price_kilo": 0.87,
        "slug": "acondicionador-keratina",
        "description": "Acondicionador Keratina 685 ml",
        "image": "https:\/\/cdn-consum.aktiosdigitalservices.com\/tol\/consum\/media\/product\/img\/300x300\/7393440.jpg?t=20250312161015"
    },
    {
        "id": 31584,
        "name": "Detergente Advanced C\u00e1psulas COLON",
        "price": 4.65,
        "price_kilo": 0.39,
        "slug": "detergente-advanced-capsulas",
        "description": "Detergente Advanced C\u00e1psulas 12 Lv",
        "image": "https:\/\/cdn-consum.aktiosdigitalservices.com\/tol\/consum\/media\/product\/img\/300x300\/7418564.jpg?t=20250313081049"
    },
    {
        "id": 33564,
        "name": "Sepia Troceada CONSUM",
        "price": 5.39,
        "price_kilo": 17.97,
        "slug": "sepia-troceada",
        "description": "Sepia Troceada 300 Gr",
        "image": "https:\/\/cdn-consum.aktiosdigitalservices.com\/tol\/consum\/media\/product\/img\/300x300\/7420180.jpg?t=20250301080020"
    },
    {
        "id": 33865,
        "name": "Champ\u00fa Cl\u00e1sico TRESEMME",
        "price": 5.99,
        "price_kilo": 8.74,
        "slug": "champu-clasico",
        "description": "Champ\u00fa Cl\u00e1sico 685 ml",
        "image": "https:\/\/cdn-consum.aktiosdigitalservices.com\/tol\/consum\/media\/product\/img\/300x300\/7436210.jpg?t=20250312161502"
    },
    {
        "id": 33866,
        "name": "Champ\u00fa Hidratante TRESEMME",
        "price": 5.99,
        "price_kilo": 8.74,
        "slug": "champu-hidratante",
        "description": "Champ\u00fa Hidratante 685 ml",
        "image": "https:\/\/cdn-consum.aktiosdigitalservices.com\/tol\/consum\/media\/product\/img\/300x300\/7436215.jpg?t=20250312161504"
    },
    {
        "id": 33867,
        "name": "Acondicionador Hidratante TRESEMME",
        "price": 5.99,
        "price_kilo": 8.74,
        "slug": "acondicionador-hidratante",
        "description": "Acondicionador Hidratante 685 ml",
        "image": "https:\/\/cdn-consum.aktiosdigitalservices.com\/tol\/consum\/media\/product\/img\/300x300\/7436231.jpg?t=20250312161506"
    },
    {
        "id": 33965,
        "name": "Detergente C\u00e1psulas Advance Nenuco COLON",
        "price": 4.65,
        "price_kilo": 0.39,
        "slug": "detergente-capsulas-advance-nenuco",
        "description": "Detergente C\u00e1psulas Advance Nenuco 12 U",
        "image": "https:\/\/cdn-consum.aktiosdigitalservices.com\/tol\/consum\/media\/product\/img\/300x300\/7435274.jpg?t=20250313081205"
    },
    {
        "id": 35418,
        "name": "Champ\u00fa Lamellar Shine TRESEMME",
        "price": 5.99,
        "price_kilo": 8.74,
        "slug": "champu-lamellar-shine",
        "description": "Champ\u00fa Lamellar Shine 685 ml",
        "image": "https:\/\/cdn-consum.aktiosdigitalservices.com\/tol\/consum\/media\/product\/img\/300x300\/7447431.jpg?t=20250312161617"
    },
    {
        "id": 35419,
        "name": "Acondicionador Lamella Shine TRESEMME",
        "price": 5.99,
        "price_kilo": 8.74,
        "slug": "acondicionador-lamella-shine",
        "description": "Acondicionador Lamella Shine 685 ml",
        "image": "https:\/\/cdn-consum.aktiosdigitalservices.com\/tol\/consum\/media\/product\/img\/300x300\/7447436.jpg?t=20250227095557"
    },
    {
        "id": 35529,
        "name": "Ambientador Mango y Lima AIR WICK",
        "price": 4.55,
        "price_kilo": 60.67,
        "slug": "ambientador-mango-y-lima",
        "description": "Ambientador Mango y Lima 75 ml",
        "image": "https:\/\/cdn-consum.aktiosdigitalservices.com\/tol\/consum\/media\/product\/img\/300x300\/7435287.jpg?t=20250313081207"
    },
    {
        "id": 35577,
        "name": "Ambientador Algod\u00f3n AIR WICK",
        "price": 4.55,
        "price_kilo": 6.07,
        "slug": "ambientador-algodon",
        "description": "Ambientador Algod\u00f3n 75 ml",
        "image": "https:\/\/cdn-consum.aktiosdigitalservices.com\/tol\/consum\/media\/product\/img\/300x300\/7448587.jpg?t=20250313081405"
    },
    {
        "id": 31857,
        "name": "Queso Manchego Viejo D.O.P Cu\u00f1a CONSUM",
        "price": 5.5,
        "price_kilo": 22,
        "slug": "queso-manchego-viejo-dop-cuna",
        "description": "Queso Manchego Viejo D.O.P Cu\u00f1a 250 Gr",
        "image": "https:\/\/cdn-consum.aktiosdigitalservices.com\/tol\/consum\/media\/product\/img\/300x300\/7415664.jpg?t=20250227094504"
    },
    {
        "id": 31249,
        "name": "Crema de Cacao Original NOCILLA",
        "price": 4.99,
        "price_kilo": 8.05,
        "slug": "crema-de-cacao-original",
        "description": "Crema de Cacao Original 620 Gr",
        "image": "https:\/\/cdn-consum.aktiosdigitalservices.com\/tol\/consum\/media\/product\/img\/300x300\/7414113.jpg?t=20250313081014"
    },
    {
        "id": 31250,
        "name": "Crema de Cacao Chocoleche NOCILLA",
        "price": 4.99,
        "price_kilo": 8.05,
        "slug": "crema-de-cacao-chocoleche",
        "description": "Crema de Cacao Chocoleche 620 Gr",
        "image": "https:\/\/cdn-consum.aktiosdigitalservices.com\/tol\/consum\/media\/product\/img\/300x300\/7414118.jpg?t=20250312161142"
    },
    {
        "id": 34331,
        "name": "Gel Fijador Cejas y Cabello GOT2B",
        "price": 6.15,
        "price_kilo": 6.15,
        "slug": "gel-fijador-cejas-y-cabello",
        "description": "Gel Fijador Cejas y Cabello 1 U",
        "image": "https:\/\/cdn-consum.aktiosdigitalservices.com\/tol\/consum\/media\/product\/img\/300x300\/7439730.jpg?t=20250312161528"
    },
    {
        "id": 27092,
        "name": "M\u00e1quina Depilatoria 5H Intuition WILKINSON",
        "price": 6.19,
        "price_kilo": 6.19,
        "slug": "maquina-depilatoria-5h-intuition",
        "description": "M\u00e1quina Depilatoria 5H Intuition 1 U",
        "image": "https:\/\/cdn-consum.aktiosdigitalservices.com\/tol\/consum\/media\/product\/img\/300x300\/7378755.jpg?t=20250227093752"
    },
    {
        "id": 5333,
        "name": "Queso Oveja Cu\u00f1a FLOR ESGUEVA",
        "price": 6.23,
        "price_kilo": 24.92,
        "slug": "queso-oveja-cuna",
        "description": "Queso Oveja Cu\u00f1a 250 Gr",
        "image": "https:\/\/cdn-consum.aktiosdigitalservices.com\/tol\/consum\/media\/product\/img\/300x300\/4908406.jpg?t=20250227090246"
    },
    {
        "id": 23993,
        "name": "Cacao Soluble 0% Bolsa COLA CAO",
        "price": 5.29,
        "price_kilo": 10.58,
        "slug": "cacao-soluble-0-bolsa",
        "description": "Cacao Soluble 0% Bolsa 500 Gr",
        "image": "https:\/\/cdn-consum.aktiosdigitalservices.com\/tol\/consum\/media\/product\/img\/300x300\/7352763.jpg?t=20250311111227"
    },
    {
        "id": 25059,
        "name": "Caf\u00e9 Ristretto 20 C\u00e1psulas MARCILLA",
        "price": 5.39,
        "price_kilo": 0.27,
        "slug": "cafe-ristretto-20-capsulas",
        "description": "Caf\u00e9 Ristretto 20 C\u00e1psulas 20 U",
        "image": "https:\/\/cdn-consum.aktiosdigitalservices.com\/tol\/consum\/media\/product\/img\/300x300\/7363153.jpg?t=20250311111441"
    },
    {
        "id": 25060,
        "name": "Caf\u00e9 Intenso 20 C\u00e1psulas MARCILLA",
        "price": 5.39,
        "price_kilo": 0.27,
        "slug": "cafe-intenso-20-capsulas",
        "description": "Caf\u00e9 Intenso 20 C\u00e1psulas 20 U",
        "image": "https:\/\/cdn-consum.aktiosdigitalservices.com\/tol\/consum\/media\/product\/img\/300x300\/7363158.jpg?t=20250311111443"
    },
    {
        "id": 25062,
        "name": "Caf\u00e9 Descafeinado 20 C\u00e1psulas MARCILLA",
        "price": 5.39,
        "price_kilo": 0.27,
        "slug": "cafe-descafeinado-20-capsulas",
        "description": "Caf\u00e9 Descafeinado 20 C\u00e1psulas 20 U",
        "image": "https:\/\/cdn-consum.aktiosdigitalservices.com\/tol\/consum\/media\/product\/img\/300x300\/7363166.jpg?t=20250311111446"
    },
    {
        "id": 29014,
        "name": "Caf\u00e9 Colombia C\u00e1psulas MARCILLA",
        "price": 5.39,
        "price_kilo": 0.27,
        "slug": "cafe-colombia-capsulas",
        "description": "Caf\u00e9 Colombia C\u00e1psulas 20 U",
        "image": "https:\/\/cdn-consum.aktiosdigitalservices.com\/tol\/consum\/media\/product\/img\/300x300\/7397599.jpg?t=20250311112036"
    },
    {
        "id": 33565,
        "name": "Sepia Mediana Skin Congelada CONSUM",
        "price": 5.75,
        "price_kilo": 16.43,
        "slug": "sepia-mediana-skin-congelada",
        "description": "Sepia Mediana Skin Congelada 350 Gr",
        "image": "https:\/\/cdn-consum.aktiosdigitalservices.com\/tol\/consum\/media\/product\/img\/300x300\/7420185.jpg?t=20250318080633"
    },
    {
        "id": 26448,
        "name": "Polvos Texturizantes GOT2B",
        "price": 6.45,
        "price_kilo": 6.45,
        "slug": "polvos-texturizantes",
        "description": "Polvos Texturizantes 1 U",
        "image": "https:\/\/cdn-consum.aktiosdigitalservices.com\/tol\/consum\/media\/product\/img\/300x300\/7374163.jpg?t=20250312160905"
    },
    {
        "id": 13094,
        "name": "Cava Brut Nature D.O.Cava BISILA",
        "price": 5.49,
        "price_kilo": 7.32,
        "slug": "cava-brut-nature-docava",
        "description": "Cava Brut Nature D.O.Cava 0,75 L",
        "image": "https:\/\/cdn-consum.aktiosdigitalservices.com\/tol\/consum\/media\/product\/img\/300x300\/7231889.jpg?t=20250227091843"
    },
    {
        "id": 22794,
        "name": "Crema Nutritiva Care R\u00e1pida Absorci\u00f3n NIVEA",
        "price": 5.55,
        "price_kilo": 1.39,
        "slug": "crema-nutritiva-care-rapida-absorcion",
        "description": "Crema Nutritiva Care R\u00e1pida Absorci\u00f3n 400 ml",
        "image": "https:\/\/cdn-consum.aktiosdigitalservices.com\/tol\/consum\/media\/product\/img\/300x300\/7343130.jpg?t=20250312092803"
    },
    {
        "id": 34977,
        "name": "Higi\u00e9nico Love The Bee 12 Rollos FOXY",
        "price": 3.99,
        "price_kilo": 0.33,
        "slug": "higienico-love-the-bee-12-rollos",
        "description": "Higi\u00e9nico Love The Bee 12 Rollos 12 U",
        "image": "https:\/\/cdn-consum.aktiosdigitalservices.com\/tol\/consum\/media\/product\/img\/300x300\/7444839.jpg?t=20250227095440"
    },
    {
        "id": 39880,
        "name": "Berberecho En su Jugo ",
        "price": 5.95,
        "price_kilo": 19.84,
        "slug": "berberecho-en-su-jugo",
        "description": "Berberecho En su Jugo 300 Gr",
        "image": "https:\/\/cdn-consum.aktiosdigitalservices.com\/tol\/consum\/media\/product\/img\/300x300\/7455160.jpg?t=20250322080144"
    },
    {
        "id": 21783,
        "name": "Bol Ventosa Color TIGEX",
        "price": 6.75,
        "price_kilo": 6.75,
        "slug": "bol-ventosa-color",
        "description": "Bol Ventosa Color 1 U",
        "image": "https:\/\/cdn-consum.aktiosdigitalservices.com\/tol\/consum\/media\/product\/img\/300x300\/7336105.jpg?t=20250311164609"
    },
    {
        "id": 35629,
        "name": "Comida Semih\u00fameda Perros sabor Pescado COCOSI",
        "price": 6.8,
        "price_kilo": 6.8,
        "slug": "comida-semihumeda-perros-sabor-pescado",
        "description": "Comida Semih\u00fameda Perros sabor Pescado 1 Kg",
        "image": "https:\/\/cdn-consum.aktiosdigitalservices.com\/tol\/consum\/media\/product\/img\/300x300\/7448678.jpg?t=20250312092910"
    },
    {
        "id": 4730,
        "name": "Cerveza Botella Cristal  Pack de 12 SAN MIGUEL",
        "price": 5.79,
        "price_kilo": 1.93,
        "slug": "cerveza-botella-cristal-pack-de-12",
        "description": "Cerveza Botella Cristal  Pack de 12 12 x 0,25 L",
        "image": "https:\/\/cdn-consum.aktiosdigitalservices.com\/tol\/consum\/media\/product\/img\/300x300\/142380.jpg?t=20250227085631"
    },
    {
        "id": 4961,
        "name": "Aceite de Oliva 0,4\u00ba Botella CARBONELL",
        "price": 5.49,
        "price_kilo": 5.49,
        "slug": "aceite-de-oliva-04-botella",
        "description": "Aceite de Oliva 0,4\u00ba Botella 1 L",
        "image": "https:\/\/cdn-consum.aktiosdigitalservices.com\/tol\/consum\/media\/product\/img\/300x300\/379271.jpg?t=20250313075816"
    },
    {
        "id": 7517,
        "name": "Aceite de Oliva Intenso CARBONELL",
        "price": 5.49,
        "price_kilo": 5.49,
        "slug": "aceite-de-oliva-intenso",
        "description": "Aceite de Oliva Intenso 1 L",
        "image": "https:\/\/cdn-consum.aktiosdigitalservices.com\/tol\/consum\/media\/product\/img\/300x300\/7219686.jpg?t=20250313080309"
    },
    {
        "id": 6488,
        "name": "Vegetal Clean Universal Animales VITAKRAFT",
        "price": 6.9,
        "price_kilo": 0.86,
        "slug": "vegetal-clean-universal-animales",
        "description": "Vegetal Clean Universal Animales 8 L",
        "image": "https:\/\/cdn-consum.aktiosdigitalservices.com\/tol\/consum\/media\/product\/img\/300x300\/7154797.jpg?t=20250227090957"
    },
    {
        "id": 10194,
        "name": "Patata Lavada Malla ",
        "price": 4.95,
        "price_kilo": 0.99,
        "slug": "patata-lavada-malla",
        "description": "Patata Lavada Malla 5 Kg",
        "image": "https:\/\/cdn-consum.aktiosdigitalservices.com\/tol\/consum\/media\/product\/img\/300x300\/7194165.jpg?t=20250318080055"
    },
    {
        "id": 11138,
        "name": "Hidratante Men Expert Hidra Energetic L'OREAL",
        "price": 6.95,
        "price_kilo": 13.9,
        "slug": "hidratante-men-expert-hidra-energetic",
        "description": "Hidratante Men Expert Hidra Energetic 50 ml",
        "image": "https:\/\/cdn-consum.aktiosdigitalservices.com\/tol\/consum\/media\/product\/img\/300x300\/7022663.jpg?t=20250227090353"
    },
    {
        "id": 11616,
        "name": "Caf\u00e9 Soluble Gold Natural Bote NESCAFE",
        "price": 5.95,
        "price_kilo": 59.5,
        "slug": "cafe-soluble-gold-natural-bote",
        "description": "Caf\u00e9 Soluble Gold Natural Bote 100 Gr",
        "image": "https:\/\/cdn-consum.aktiosdigitalservices.com\/tol\/consum\/media\/product\/img\/300x300\/7201999.jpg?t=20250311133549"
    },
    {
        "id": 21019,
        "name": "Cacao Soluble COLA CAO",
        "price": 5.99,
        "price_kilo": 7.88,
        "slug": "cacao-soluble",
        "description": "Cacao Soluble 760 Gr",
        "image": "https:\/\/cdn-consum.aktiosdigitalservices.com\/tol\/consum\/media\/product\/img\/300x300\/7331569.jpg?t=20250317075820"
    },
    {
        "id": 23734,
        "name": "Vino Tinto Crianza D.O.Valencia MALA VIDA",
        "price": 5.99,
        "price_kilo": 7.99,
        "slug": "vino-tinto-crianza-dovalencia",
        "description": "Vino Tinto Crianza D.O.Valencia 0,75 L",
        "image": "https:\/\/cdn-consum.aktiosdigitalservices.com\/tol\/consum\/media\/product\/img\/300x300\/7351901.jpg?t=20250311124943"
    },
    {
        "id": 23735,
        "name": "Vino Blanco D.O.Valencia MALA VIDA",
        "price": 5.99,
        "price_kilo": 7.99,
        "slug": "vino-blanco-dovalencia",
        "description": "Vino Blanco D.O.Valencia 0,75 L",
        "image": "https:\/\/cdn-consum.aktiosdigitalservices.com\/tol\/consum\/media\/product\/img\/300x300\/7351906.jpg?t=20250311124944"
    },
    {
        "id": 24991,
        "name": "Perfilador de Cejas Slim 02 MAYBELLINE",
        "price": 6.99,
        "price_kilo": 6.99,
        "slug": "perfilador-de-cejas-slim-02",
        "description": "Perfilador de Cejas Slim 02 1 U",
        "image": "https:\/\/cdn-consum.aktiosdigitalservices.com\/tol\/consum\/media\/product\/img\/300x300\/7361884.jpg?t=20250311164617"
    },
    {
        "id": 24992,
        "name": "Perfilador de Cejas Slim 07 MAYBELLINE",
        "price": 6.99,
        "price_kilo": 6.99,
        "slug": "perfilador-de-cejas-slim-07",
        "description": "Perfilador de Cejas Slim 07 1 U",
        "image": "https:\/\/cdn-consum.aktiosdigitalservices.com\/tol\/consum\/media\/product\/img\/300x300\/7361889.jpg?t=20250311164617"
    },
    {
        "id": 24993,
        "name": "Perfilador de Cejas Slim 06 MAYBELLINE",
        "price": 6.99,
        "price_kilo": 6.99,
        "slug": "perfilador-de-cejas-slim-06",
        "description": "Perfilador de Cejas Slim 06 1 U",
        "image": "https:\/\/cdn-consum.aktiosdigitalservices.com\/tol\/consum\/media\/product\/img\/300x300\/7361897.jpg?t=20250227093528"
    },
    {
        "id": 24994,
        "name": "Perfilador de Cejas Slim 04 MAYBELLINE",
        "price": 6.99,
        "price_kilo": 6.99,
        "slug": "perfilador-de-cejas-slim-04",
        "description": "Perfilador de Cejas Slim 04 1 U",
        "image": "https:\/\/cdn-consum.aktiosdigitalservices.com\/tol\/consum\/media\/product\/img\/300x300\/7361900.jpg?t=20250311164617"
    },
    {
        "id": 24995,
        "name": "Perfilador de Cejas Slim 05 MAYBELLINE",
        "price": 6.99,
        "price_kilo": 6.99,
        "slug": "perfilador-de-cejas-slim-05",
        "description": "Perfilador de Cejas Slim 05 1 U",
        "image": "https:\/\/cdn-consum.aktiosdigitalservices.com\/tol\/consum\/media\/product\/img\/300x300\/7361905.jpg?t=20250227093533"
    },
    {
        "id": 24996,
        "name": "Perfilador de Cejas Slim 03 MAYBELLINE",
        "price": 6.99,
        "price_kilo": 6.99,
        "slug": "perfilador-de-cejas-slim-03",
        "description": "Perfilador de Cejas Slim 03 1 U",
        "image": "https:\/\/cdn-consum.aktiosdigitalservices.com\/tol\/consum\/media\/product\/img\/300x300\/7361913.jpg?t=20250227093534"
    },
    {
        "id": 24997,
        "name": "Perfilador de Cejas Slim 00 MAYBELLINE",
        "price": 6.99,
        "price_kilo": 6.99,
        "slug": "perfilador-de-cejas-slim-00",
        "description": "Perfilador de Cejas Slim 00 1 U",
        "image": "https:\/\/cdn-consum.aktiosdigitalservices.com\/tol\/consum\/media\/product\/img\/300x300\/7361918.jpg?t=20250227093536"
    },
    {
        "id": 25042,
        "name": "Perfilador de Cejas Slim 01 MAYBELLINE",
        "price": 6.99,
        "price_kilo": 6.99,
        "slug": "perfilador-de-cejas-slim-01",
        "description": "Perfilador de Cejas Slim 01 1 U",
        "image": "https:\/\/cdn-consum.aktiosdigitalservices.com\/tol\/consum\/media\/product\/img\/300x300\/7361892.jpg?t=20250311164617"
    },
    {
        "id": 28036,
        "name": "Vino Tinto Roble D.O.Ribera del Duero VALDERIVERO",
        "price": 5.25,
        "price_kilo": 7,
        "slug": "vino-tinto-roble-doribera-del-duero",
        "description": "Vino Tinto Roble D.O.Ribera del Duero 0,75 L",
        "image": "https:\/\/cdn-consum.aktiosdigitalservices.com\/tol\/consum\/media\/product\/img\/300x300\/7388572.jpg?t=20250227093920"
    },
    {
        "id": 35148,
        "name": "Gel Fijador Cejas SuperLock MAYBELLINE",
        "price": 6.99,
        "price_kilo": 6.99,
        "slug": "gel-fijador-cejas-superlock",
        "description": "Gel Fijador Cejas SuperLock 1 U",
        "image": "https:\/\/cdn-consum.aktiosdigitalservices.com\/tol\/consum\/media\/product\/img\/300x300\/7439920.jpg?t=20250312092857"
    },
    {
        "id": 35831,
        "name": "Detergente en Tiras Active Fresh ASEVI",
        "price": 5.59,
        "price_kilo": 0.18,
        "slug": "detergente-en-tiras-active-fresh",
        "description": "Detergente en Tiras Active Fresh 30 Lv",
        "image": "https:\/\/cdn-consum.aktiosdigitalservices.com\/tol\/consum\/media\/product\/img\/300x300\/7446529.jpg?t=20250312092909"
    },
    {
        "id": 21181,
        "name": "Decolorante Extremo sin Amoniaco OLIA",
        "price": 7,
        "price_kilo": 7,
        "slug": "decolorante-extremo-sin-amoniaco",
        "description": "Decolorante Extremo sin Amoniaco 1 U",
        "image": "https:\/\/cdn-consum.aktiosdigitalservices.com\/tol\/consum\/media\/product\/img\/300x300\/7332336.jpg?t=20250312160730"
    },
    {
        "id": 26894,
        "name": "Lavavajillas en Gel Excellence Duo SOMAT",
        "price": 7.15,
        "price_kilo": 0.2,
        "slug": "lavavajillas-en-gel-excellence-duo",
        "description": "Lavavajillas en Gel Excellence Duo 35 Lv",
        "image": "https:\/\/cdn-consum.aktiosdigitalservices.com\/tol\/consum\/media\/product\/img\/300x300\/7378925.jpg?t=20250312160925"
    },
    {
        "id": 17057,
        "name": "Vino Tinto 12 Meses V.T.Castilla y Le\u00f3n YLLERA",
        "price": 5.99,
        "price_kilo": 7.99,
        "slug": "vino-tinto-12-meses-vtcastilla-y-leon",
        "description": "Vino Tinto 12 Meses V.T.Castilla y Le\u00f3n 0,75 L",
        "image": "https:\/\/cdn-consum.aktiosdigitalservices.com\/tol\/consum\/media\/product\/img\/300x300\/7298862.jpg?t=20250227092730"
    },
    {
        "id": 25938,
        "name": "Comida Seca Perros Razas Mini Adulto ONE",
        "price": 5.85,
        "price_kilo": 3.9,
        "slug": "comida-seca-perros-razas-mini-adulto",
        "description": "Comida Seca Perros Razas Mini Adulto 1,5 Kg",
        "image": "https:\/\/cdn-consum.aktiosdigitalservices.com\/tol\/consum\/media\/product\/img\/300x300\/7370591.jpg?t=20250313080803"
    },
    {
        "id": 28804,
        "name": "S\u00e9rum Hialur\u00f3nico ELVIVE",
        "price": 5.8,
        "price_kilo": 5.8,
        "slug": "serum-hialuronico",
        "description": "S\u00e9rum Hialur\u00f3nico 1 U",
        "image": "https:\/\/cdn-consum.aktiosdigitalservices.com\/tol\/consum\/media\/product\/img\/300x300\/7394695.jpg?t=20250312161027"
    },
    {
        "id": 11551,
        "name": "Licor Limoncello BELLAMARE",
        "price": 6.9,
        "price_kilo": 9.85,
        "slug": "licor-limoncello",
        "description": "Licor Limoncello 0,7 L",
        "image": "https:\/\/cdn-consum.aktiosdigitalservices.com\/tol\/consum\/media\/product\/img\/300x300\/7142297.jpg?t=20250312125206"
    },
    {
        "id": 24376,
        "name": "Vino Blanco D.O. Utiel Requena EL MIRACLE",
        "price": 5.99,
        "price_kilo": 7.99,
        "slug": "vino-blanco-do-utiel-requena",
        "description": "Vino Blanco D.O. Utiel Requena 0,75 L",
        "image": "https:\/\/cdn-consum.aktiosdigitalservices.com\/tol\/consum\/media\/product\/img\/300x300\/7356371.jpg?t=20250311164616"
    },
    {
        "id": 24377,
        "name": "Vino Rosado D.O. Utiel Requena EL MIRACLE",
        "price": 5.99,
        "price_kilo": 7.99,
        "slug": "vino-rosado-do-utiel-requena",
        "description": "Vino Rosado D.O. Utiel Requena 0,75 L",
        "image": "https:\/\/cdn-consum.aktiosdigitalservices.com\/tol\/consum\/media\/product\/img\/300x300\/7356397.jpg?t=20250311164616"
    },
    {
        "id": 24849,
        "name": "Vino Tinto D.O. Utiel Requena EL MIRACLE",
        "price": 5.99,
        "price_kilo": 7.99,
        "slug": "vino-tinto-do-utiel-requena",
        "description": "Vino Tinto D.O. Utiel Requena 0,75 L",
        "image": "https:\/\/cdn-consum.aktiosdigitalservices.com\/tol\/consum\/media\/product\/img\/300x300\/7356314.jpg?t=20250311124949"
    },
    {
        "id": 28532,
        "name": "Comida Gatos H\u00fameda Fantastic Carne FELIX",
        "price": 7.35,
        "price_kilo": 7.21,
        "slug": "comida-gatos-humeda-fantastic-carne",
        "description": "Comida Gatos H\u00fameda Fantastic Carne 12 x 85 Gr",
        "image": "https:\/\/cdn-consum.aktiosdigitalservices.com\/tol\/consum\/media\/product\/img\/300x300\/7393127.jpg?t=20250227094021"
    },
    {
        "id": 32608,
        "name": "Detergente L\u00edquido DIXAN",
        "price": 4.99,
        "price_kilo": 0.17,
        "slug": "detergente-liquido",
        "description": "Detergente L\u00edquido 30 Lv",
        "image": "https:\/\/cdn-consum.aktiosdigitalservices.com\/tol\/consum\/media\/product\/img\/300x300\/7426802.jpg?t=20250312161302"
    },
    {
        "id": 35913,
        "name": "Detergente L\u00edquido Frescor DIXAN",
        "price": 4.99,
        "price_kilo": 0.17,
        "slug": "detergente-liquido-frescor",
        "description": "Detergente L\u00edquido Frescor 30 Lv",
        "image": "https:\/\/cdn-consum.aktiosdigitalservices.com\/tol\/consum\/media\/product\/img\/300x300\/7451359.jpg?t=20250312161640"
    },
    {
        "id": 10807,
        "name": "Tarrinas Caramel Attraction P-4 HAAGEN DAZS",
        "price": 6.39,
        "price_kilo": 19.9,
        "slug": "tarrinas-caramel-attraction-p-4",
        "description": "Tarrinas Caramel Attraction P-4 - 321 Gr",
        "image": "https:\/\/cdn-consum.aktiosdigitalservices.com\/tol\/consum\/media\/product\/img\/300x300\/7212322.jpg?t=20250227091502"
    },
    {
        "id": 11270,
        "name": "Tarrinas Fruit Collection Pack de 4  x 100 Ml. HAAGEN DAZS",
        "price": 6.39,
        "price_kilo": 19.61,
        "slug": "tarrinas-fruit-collection-pack-de-4-x-100-ml",
        "description": "Tarrinas Fruit Collection Pack de 4  x 100 Ml. 326 Gr",
        "image": "https:\/\/cdn-consum.aktiosdigitalservices.com\/tol\/consum\/media\/product\/img\/300x300\/7231728.jpg?t=20250227091840"
    },
    {
        "id": 23568,
        "name": "Vino Blanco Godello D.O.Valdeorras VERDES CASTR",
        "price": 6.69,
        "price_kilo": 8.92,
        "slug": "vino-blanco-godello-dovaldeorras",
        "description": "Vino Blanco Godello D.O.Valdeorras 0,75 L",
        "image": "https:\/\/cdn-consum.aktiosdigitalservices.com\/tol\/consum\/media\/product\/img\/300x300\/7350049.jpg?t=20250227093333"
    },
    {
        "id": 26370,
        "name": "Perfilador Brow Tattoo N\u00ba7 MAYBELLINE",
        "price": 7.49,
        "price_kilo": 7.49,
        "slug": "perfilador-brow-tattoo-n7",
        "description": "Perfilador Brow Tattoo N\u00ba7 1 U",
        "image": "https:\/\/cdn-consum.aktiosdigitalservices.com\/tol\/consum\/media\/product\/img\/300x300\/7374064.jpg?t=20250227093654"
    },
    {
        "id": 26371,
        "name": "Perfilador Brow Tattoo N\u00ba6 MAYBELLINE",
        "price": 7.49,
        "price_kilo": 7.49,
        "slug": "perfilador-brow-tattoo-n6",
        "description": "Perfilador Brow Tattoo N\u00ba6 1 U",
        "image": "https:\/\/cdn-consum.aktiosdigitalservices.com\/tol\/consum\/media\/product\/img\/300x300\/7374069.jpg?t=20250311164618"
    },
    {
        "id": 26372,
        "name": "Perfilador Brow Tattoo N\u00ba5 MAYBELLINE",
        "price": 7.49,
        "price_kilo": 7.49,
        "slug": "perfilador-brow-tattoo-n5",
        "description": "Perfilador Brow Tattoo N\u00ba5 1 U",
        "image": "https:\/\/cdn-consum.aktiosdigitalservices.com\/tol\/consum\/media\/product\/img\/300x300\/7374072.jpg?t=20250311164618"
    },
    {
        "id": 26373,
        "name": "Perfilador Brow Tattoo N\u00ba3 MAYBELLINE",
        "price": 7.49,
        "price_kilo": 7.49,
        "slug": "perfilador-brow-tattoo-n3",
        "description": "Perfilador Brow Tattoo N\u00ba3 1 U",
        "image": "https:\/\/cdn-consum.aktiosdigitalservices.com\/tol\/consum\/media\/product\/img\/300x300\/7374077.jpg?t=20250311164618"
    },
    {
        "id": 26374,
        "name": "Perfilador Brow Tattoo N\u00ba2 MAYBELLINE",
        "price": 7.49,
        "price_kilo": 7.49,
        "slug": "perfilador-brow-tattoo-n2",
        "description": "Perfilador Brow Tattoo N\u00ba2 1 U",
        "image": "https:\/\/cdn-consum.aktiosdigitalservices.com\/tol\/consum\/media\/product\/img\/300x300\/7374080.jpg?t=20250311164618"
    },
    {
        "id": 28090,
        "name": "Eyeliner Smokey Gel Brown MAYBELLINE",
        "price": 7.49,
        "price_kilo": 7.49,
        "slug": "eyeliner-smokey-gel-brown",
        "description": "Eyeliner Smokey Gel Brown 1 U",
        "image": "https:\/\/cdn-consum.aktiosdigitalservices.com\/tol\/consum\/media\/product\/img\/300x300\/7387033.jpg?t=20250227093911"
    },
    {
        "id": 28091,
        "name": "L\u00e1piz de Ojos Tattoo Liner Smokey Black MAYBELLINE",
        "price": 7.49,
        "price_kilo": 7.49,
        "slug": "lapiz-de-ojos-tattoo-liner-smokey-black",
        "description": "L\u00e1piz de Ojos Tattoo Liner Smokey Black 1 U",
        "image": "https:\/\/cdn-consum.aktiosdigitalservices.com\/tol\/consum\/media\/product\/img\/300x300\/7387038.jpg?t=20250318080954"
    },
    {
        "id": 32158,
        "name": "Tattoo Liner Gris Smokey MAYBELLINE",
        "price": 7.49,
        "price_kilo": 7.49,
        "slug": "tattoo-liner-gris-smokey",
        "description": "Tattoo Liner Gris Smokey 1 U",
        "image": "https:\/\/cdn-consum.aktiosdigitalservices.com\/tol\/consum\/media\/product\/img\/300x300\/7421188.jpg?t=20250312092834"
    },
    {
        "id": 33985,
        "name": "Tarrina Chocolate Belga Pack 4 Unidades HAAGEN DAZS",
        "price": 6.39,
        "price_kilo": 19.72,
        "slug": "tarrina-chocolate-belga-pack-4-unidades",
        "description": "Tarrina Chocolate Belga Pack 4 Unidades 324 Gr",
        "image": "https:\/\/cdn-consum.aktiosdigitalservices.com\/tol\/consum\/media\/product\/img\/300x300\/7436314.jpg?t=20250227095136"
    },
    {
        "id": 25191,
        "name": "Crema D\u00eda Nutre+Hidrata Piel Seca SPF 30 NIVEA",
        "price": 7.5,
        "price_kilo": 15,
        "slug": "crema-dia-nutrehidrata-piel-seca-spf-30",
        "description": "Crema D\u00eda Nutre+Hidrata Piel Seca SPF 30 50 ml",
        "image": "https:\/\/cdn-consum.aktiosdigitalservices.com\/tol\/consum\/media\/product\/img\/300x300\/7363877.jpg?t=20250227093550"
    },
    {
        "id": 34259,
        "name": "Anisette Dulce M.BRIZARD",
        "price": 6.99,
        "price_kilo": 9.98,
        "slug": "anisette-dulce",
        "description": "Anisette Dulce 0,7 L",
        "image": "https:\/\/cdn-consum.aktiosdigitalservices.com\/tol\/consum\/media\/product\/img\/300x300\/7438935.jpg?t=20250312130349"
    },
    {
        "id": 31713,
        "name": "Bonito en Aceite de Oliva CONSORCIO",
        "price": 6.45,
        "price_kilo": 33.07,
        "slug": "bonito-en-aceite-de-oliva",
        "description": "Bonito en Aceite de Oliva 195 Gr",
        "image": "https:\/\/cdn-consum.aktiosdigitalservices.com\/tol\/consum\/media\/product\/img\/300x300\/7419042.jpg?t=20250313081051"
    },
    {
        "id": 18465,
        "name": "Vino Blanco Sauvignon D.O.Rueda MELIOR",
        "price": 6.45,
        "price_kilo": 8.6,
        "slug": "vino-blanco-sauvignon-dorueda",
        "description": "Vino Blanco Sauvignon D.O.Rueda 0,75 L",
        "image": "https:\/\/cdn-consum.aktiosdigitalservices.com\/tol\/consum\/media\/product\/img\/300x300\/7313336.jpg?t=20250227092911"
    },
    {
        "id": 24929,
        "name": "Vino Blanco D.O.Rueda CELESTE",
        "price": 7.75,
        "price_kilo": 10.33,
        "slug": "vino-blanco-dorueda",
        "description": "Vino Blanco D.O.Rueda 0,75 L",
        "image": "https:\/\/cdn-consum.aktiosdigitalservices.com\/tol\/consum\/media\/product\/img\/300x300\/7361751.jpg?t=20250311125034"
    },
    {
        "id": 35504,
        "name": "Perfilador de Labios Lifter Liner MAYBELLINE",
        "price": 7.75,
        "price_kilo": 7.75,
        "slug": "perfilador-de-labios-lifter-liner",
        "description": "Perfilador de Labios Lifter Liner 1 U",
        "image": "https:\/\/cdn-consum.aktiosdigitalservices.com\/tol\/consum\/media\/product\/img\/300x300\/7447696.jpg?t=20250227095605"
    },
    {
        "id": 35505,
        "name": "Perfilador de Labios Lifter Liner MAYBELLINE",
        "price": 7.75,
        "price_kilo": 7.75,
        "slug": "perfilador-de-labios-lifter-liner",
        "description": "Perfilador de Labios Lifter Liner 1 U",
        "image": "https:\/\/cdn-consum.aktiosdigitalservices.com\/tol\/consum\/media\/product\/img\/300x300\/7447712.jpg?t=20250227095607"
    },
    {
        "id": 35506,
        "name": "Perfilador de Labios Lifter Liner MAYBELLINE",
        "price": 7.75,
        "price_kilo": 7.75,
        "slug": "perfilador-de-labios-lifter-liner",
        "description": "Perfilador de Labios Lifter Liner 1 U",
        "image": "https:\/\/cdn-consum.aktiosdigitalservices.com\/tol\/consum\/media\/product\/img\/300x300\/7447717.jpg?t=20250227095608"
    },
    {
        "id": 43040,
        "name": "Perfilador Labios 003 Lifter Liner MAYBELLINE",
        "price": 7.75,
        "price_kilo": 7.75,
        "slug": "perfilador-labios-003-lifter-liner",
        "description": "Perfilador Labios 003 Lifter Liner 1 U",
        "image": "https:\/\/cdn-consum.aktiosdigitalservices.com\/tol\/consum\/media\/product\/img\/300x300\/7453913.jpg?t=20250318081028"
    },
    {
        "id": 23726,
        "name": "Vino Tinto Bobal D.O.Utiel Requena CEPAS VIEJAS",
        "price": 6.69,
        "price_kilo": 8.92,
        "slug": "vino-tinto-bobal-doutiel-requena",
        "description": "Vino Tinto Bobal D.O.Utiel Requena 0,75 L",
        "image": "https:\/\/cdn-consum.aktiosdigitalservices.com\/tol\/consum\/media\/product\/img\/300x300\/7351773.jpg?t=20250227093348"
    },
    {
        "id": 15864,
        "name": "Cerveza Tostada Botella TURIA",
        "price": 6.69,
        "price_kilo": 2.23,
        "slug": "cerveza-tostada-botella",
        "description": "Cerveza Tostada Botella 12 x 0,25 L",
        "image": "https:\/\/cdn-consum.aktiosdigitalservices.com\/tol\/consum\/media\/product\/img\/300x300\/7288520.jpg?t=20250227092554"
    },
    {
        "id": 25277,
        "name": "Vino Tinto Reserva D.O. Rioja FAUST.RIVERO",
        "price": 5.99,
        "price_kilo": 7.99,
        "slug": "vino-tinto-reserva-do-rioja",
        "description": "Vino Tinto Reserva D.O. Rioja 0,75 L",
        "image": "https:\/\/cdn-consum.aktiosdigitalservices.com\/tol\/consum\/media\/product\/img\/300x300\/7364602.jpg?t=20250311125039"
    },
    {
        "id": 10371,
        "name": "Vino Tinto Crianza D.O.Rioja EDERRA",
        "price": 6.99,
        "price_kilo": 9.32,
        "slug": "vino-tinto-crianza-dorioja",
        "description": "Vino Tinto Crianza D.O.Rioja 0,75 L",
        "image": "https:\/\/cdn-consum.aktiosdigitalservices.com\/tol\/consum\/media\/product\/img\/300x300\/7185077.jpg?t=20250311124355"
    },
    {
        "id": 11456,
        "name": "Cocktail Whisky Peche YATCHING",
        "price": 6.95,
        "price_kilo": 9.93,
        "slug": "cocktail-whisky-peche",
        "description": "Cocktail Whisky Peche 0,7 L",
        "image": "https:\/\/cdn-consum.aktiosdigitalservices.com\/tol\/consum\/media\/product\/img\/300x300\/333245.jpg?t=20250227085905"
    },
    {
        "id": 12735,
        "name": "Cava Brut Extra D.O.Cava CODORNIU",
        "price": 6.99,
        "price_kilo": 9.32,
        "slug": "cava-brut-extra-docava",
        "description": "Cava Brut Extra D.O.Cava 0,75 L",
        "image": "https:\/\/cdn-consum.aktiosdigitalservices.com\/tol\/consum\/media\/product\/img\/300x300\/151357.jpg?t=20250311164528"
    },
    {
        "id": 27340,
        "name": "At\u00fan Claro en Aceite de Oliva Virgen Extra P3 ALBO",
        "price": 6.75,
        "price_kilo": 33.58,
        "slug": "atun-claro-en-aceite-de-oliva-virgen-extra-p3",
        "description": "At\u00fan Claro en Aceite de Oliva Virgen Extra P3 3 x 67 Gr",
        "image": "https:\/\/cdn-consum.aktiosdigitalservices.com\/tol\/consum\/media\/product\/img\/300x300\/7381593.jpg?t=20250313080857"
    },
    {
        "id": 5733,
        "name": "Cava Brut Nature D.O.Cava DOM.THARSYS",
        "price": 6.79,
        "price_kilo": 9.05,
        "slug": "cava-brut-nature-docava",
        "description": "Cava Brut Nature D.O.Cava 0,75 L",
        "image": "https:\/\/cdn-consum.aktiosdigitalservices.com\/tol\/consum\/media\/product\/img\/300x300\/7059165.jpg?t=20250227090502"
    },
    {
        "id": 9534,
        "name": "Aceite de Oliva Virgen Extra CARBONELL",
        "price": 5.99,
        "price_kilo": 5.99,
        "slug": "aceite-de-oliva-virgen-extra",
        "description": "Aceite de Oliva Virgen Extra 1 L",
        "image": "https:\/\/cdn-consum.aktiosdigitalservices.com\/tol\/consum\/media\/product\/img\/300x300\/7264617.jpg?t=20250227092330"
    },
    {
        "id": 12828,
        "name": "Cava Brut D.O.Cava DOM.THARSYS",
        "price": 6.79,
        "price_kilo": 9.05,
        "slug": "cava-brut-docava",
        "description": "Cava Brut D.O.Cava 0,75 L",
        "image": "https:\/\/cdn-consum.aktiosdigitalservices.com\/tol\/consum\/media\/product\/img\/300x300\/7059178.jpg?t=20250227090503"
    },
    {
        "id": 13523,
        "name": "Vino Tinto Roble D.O.Ribera del Duero PORTIA",
        "price": 6.79,
        "price_kilo": 9.05,
        "slug": "vino-tinto-roble-doribera-del-duero",
        "description": "Vino Tinto Roble D.O.Ribera del Duero 0,75 L",
        "image": "https:\/\/cdn-consum.aktiosdigitalservices.com\/tol\/consum\/media\/product\/img\/300x300\/7274111.jpg?t=20250227092431"
    },
    {
        "id": 15558,
        "name": "Vermut Blanco CINZANO",
        "price": 7.99,
        "price_kilo": 7.99,
        "slug": "vermut-blanco",
        "description": "Vermut Blanco 1 L",
        "image": "https:\/\/cdn-consum.aktiosdigitalservices.com\/tol\/consum\/media\/product\/img\/300x300\/7289122.jpg?t=20250227092559"
    },
    {
        "id": 15559,
        "name": "Vermut Rojo CINZANO",
        "price": 7.99,
        "price_kilo": 7.99,
        "slug": "vermut-rojo",
        "description": "Vermut Rojo 1 L",
        "image": "https:\/\/cdn-consum.aktiosdigitalservices.com\/tol\/consum\/media\/product\/img\/300x300\/7289127.jpg?t=20250227092601"
    },
    {
        "id": 18512,
        "name": "Vino Tinto Roble D.O.Ribera del Duero VI\u00d1A MAYOR",
        "price": 6.99,
        "price_kilo": 9.32,
        "slug": "vino-tinto-roble-doribera-del-duero",
        "description": "Vino Tinto Roble D.O.Ribera del Duero 0,75 L",
        "image": "https:\/\/cdn-consum.aktiosdigitalservices.com\/tol\/consum\/media\/product\/img\/300x300\/7311038.jpg?t=20250311124756"
    },
    {
        "id": 22358,
        "name": "Laca de U\u00f1as 20 Gel Envy REVLON",
        "price": 5.59,
        "price_kilo": 5.59,
        "slug": "laca-de-unas-20-gel-envy",
        "description": "Laca de U\u00f1as 20 Gel Envy 1 U",
        "image": "https:\/\/cdn-consum.aktiosdigitalservices.com\/tol\/consum\/media\/product\/img\/300x300\/7327992.jpg?t=20250312125642"
    },
    {
        "id": 22359,
        "name": "Laca de U\u00f1as Top Coat Gel Envy REVLON",
        "price": 5.59,
        "price_kilo": 5.59,
        "slug": "laca-de-unas-top-coat-gel-envy",
        "description": "Laca de U\u00f1as Top Coat Gel Envy 1 U",
        "image": "https:\/\/cdn-consum.aktiosdigitalservices.com\/tol\/consum\/media\/product\/img\/300x300\/7327997.jpg?t=20250312125644"
    },
    {
        "id": 22360,
        "name": "Laca de U\u00f1as 600 Gel Envy REVLON",
        "price": 5.59,
        "price_kilo": 5.59,
        "slug": "laca-de-unas-600-gel-envy",
        "description": "Laca de U\u00f1as 600 Gel Envy 1 U",
        "image": "https:\/\/cdn-consum.aktiosdigitalservices.com\/tol\/consum\/media\/product\/img\/300x300\/7329332.jpg?t=20250312125648"
    },
    {
        "id": 22361,
        "name": "Laca de U\u00f1as 15 Gel Envy REVLON",
        "price": 5.59,
        "price_kilo": 5.59,
        "slug": "laca-de-unas-15-gel-envy",
        "description": "Laca de U\u00f1as 15 Gel Envy 1 U",
        "image": "https:\/\/cdn-consum.aktiosdigitalservices.com\/tol\/consum\/media\/product\/img\/300x300\/7329340.jpg?t=20250312125650"
    },
    {
        "id": 23167,
        "name": "Eyeliner Master Precise Matte Black MAYBELLINE",
        "price": 7.99,
        "price_kilo": 7.99,
        "slug": "eyeliner-master-precise-matte-black",
        "description": "Eyeliner Master Precise Matte Black 1 U",
        "image": "https:\/\/cdn-consum.aktiosdigitalservices.com\/tol\/consum\/media\/product\/img\/300x300\/7346398.jpg?t=20250311164614"
    },
    {
        "id": 23604,
        "name": "Laca de U\u00f1as 510 Gel Envy REVLON",
        "price": 5.59,
        "price_kilo": 5.59,
        "slug": "laca-de-unas-510-gel-envy",
        "description": "Laca de U\u00f1as 510 Gel Envy 1 U",
        "image": "https:\/\/cdn-consum.aktiosdigitalservices.com\/tol\/consum\/media\/product\/img\/300x300\/7327955.jpg?t=20250312125638"
    },
    {
        "id": 23605,
        "name": "Laca de U\u00f1as 620 Gel Envy REVLON",
        "price": 5.59,
        "price_kilo": 5.59,
        "slug": "laca-de-unas-620-gel-envy",
        "description": "Laca de U\u00f1as 620 Gel Envy 1 U",
        "image": "https:\/\/cdn-consum.aktiosdigitalservices.com\/tol\/consum\/media\/product\/img\/300x300\/7327963.jpg?t=20250312125640"
    },
    {
        "id": 23609,
        "name": "Laca de U\u00f1as 550 Gel Envy REVLON",
        "price": 5.59,
        "price_kilo": 5.59,
        "slug": "laca-de-unas-550-gel-envy",
        "description": "Laca de U\u00f1as 550 Gel Envy 1 U",
        "image": "https:\/\/cdn-consum.aktiosdigitalservices.com\/tol\/consum\/media\/product\/img\/300x300\/7329345.jpg?t=20250312125653"
    },
    {
        "id": 23674,
        "name": "Eyeliner Hyper Easy MAYBELLINE",
        "price": 7.99,
        "price_kilo": 7.99,
        "slug": "eyeliner-hyper-easy",
        "description": "Eyeliner Hyper Easy 1 U",
        "image": "https:\/\/cdn-consum.aktiosdigitalservices.com\/tol\/consum\/media\/product\/img\/300x300\/7351690.jpg?t=20250311164615"
    },
    {
        "id": 27276,
        "name": "Detergente L\u00edquido Gel Vanish Advanced COLON",
        "price": 5.99,
        "price_kilo": 0.19,
        "slug": "detergente-liquido-gel-vanish-advanced",
        "description": "Detergente L\u00edquido Gel Vanish Advanced 31 Lv",
        "image": "https:\/\/cdn-consum.aktiosdigitalservices.com\/tol\/consum\/media\/product\/img\/300x300\/7381841.jpg?t=20250313080859"
    },
    {
        "id": 28092,
        "name": "Eyeliner Gel Brown Hypereasy MAYBELLINE",
        "price": 7.99,
        "price_kilo": 7.99,
        "slug": "eyeliner-gel-brown-hypereasy",
        "description": "Eyeliner Gel Brown Hypereasy 1 U",
        "image": "https:\/\/cdn-consum.aktiosdigitalservices.com\/tol\/consum\/media\/product\/img\/300x300\/7387041.jpg?t=20250312092808"
    },
    {
        "id": 31211,
        "name": "Champ\u00fa Keratina Brasile\u00f1a OGX",
        "price": 7.99,
        "price_kilo": 2.08,
        "slug": "champu-keratina-brasilena",
        "description": "Champ\u00fa Keratina Brasile\u00f1a 385 ml",
        "image": "https:\/\/cdn-consum.aktiosdigitalservices.com\/tol\/consum\/media\/product\/img\/300x300\/7415123.jpg?t=20250313081026"
    },
    {
        "id": 31212,
        "name": "Champ\u00fa Aceite De Arg\u00e1n OGX",
        "price": 7.99,
        "price_kilo": 2.08,
        "slug": "champu-aceite-de-argan",
        "description": "Champ\u00fa Aceite De Arg\u00e1n 385 ml",
        "image": "https:\/\/cdn-consum.aktiosdigitalservices.com\/tol\/consum\/media\/product\/img\/300x300\/7415151.jpg?t=20250313081028"
    },
    {
        "id": 31261,
        "name": "Champ\u00fa Biotina OGX",
        "price": 7.99,
        "price_kilo": 2.08,
        "slug": "champu-biotina",
        "description": "Champ\u00fa Biotina 385 ml",
        "image": "https:\/\/cdn-consum.aktiosdigitalservices.com\/tol\/consum\/media\/product\/img\/300x300\/7415156.jpg?t=20250313081030"
    },
    {
        "id": 31532,
        "name": "Vino Blanco D.O. Valencia HUELLA",
        "price": 6.99,
        "price_kilo": 9.32,
        "slug": "vino-blanco-do-valencia",
        "description": "Vino Blanco D.O. Valencia 0,75 L",
        "image": "https:\/\/cdn-consum.aktiosdigitalservices.com\/tol\/consum\/media\/product\/img\/300x300\/7417848.jpg?t=20250311125254"
    },
    {
        "id": 31533,
        "name": "Vino Tinto Garnacha D.O. Valencia HUELLA",
        "price": 6.99,
        "price_kilo": 9.32,
        "slug": "vino-tinto-garnacha-do-valencia",
        "description": "Vino Tinto Garnacha D.O. Valencia 0,75 L",
        "image": "https:\/\/cdn-consum.aktiosdigitalservices.com\/tol\/consum\/media\/product\/img\/300x300\/7417850.jpg?t=20250312092832"
    },
    {
        "id": 31973,
        "name": "Eyeliner Hyper Easy Negro Mate MAYBELLINE",
        "price": 7.99,
        "price_kilo": 7.99,
        "slug": "eyeliner-hyper-easy-negro-mate",
        "description": "Eyeliner Hyper Easy Negro Mate 1 U",
        "image": "https:\/\/cdn-consum.aktiosdigitalservices.com\/tol\/consum\/media\/product\/img\/300x300\/7421217.jpg?t=20250227094647"
    },
    {
        "id": 33802,
        "name": "Pa\u00f1al Extra Care Talla 2 de 3 a 6 Kilos HUGGIES",
        "price": 5.99,
        "price_kilo": 0.25,
        "slug": "panal-extra-care-talla-2-de-3-a-6-kilos",
        "description": "Pa\u00f1al Extra Care Talla 2 de 3 a 6 Kilos 24 U",
        "image": "https:\/\/cdn-consum.aktiosdigitalservices.com\/tol\/consum\/media\/product\/img\/300x300\/7434694.jpg?t=20250312161423"
    },
    {
        "id": 34677,
        "name": "Liner Hyper Precise Verde MAYBELLINE",
        "price": 7.99,
        "price_kilo": 7.99,
        "slug": "liner-hyper-precise-verde",
        "description": "Liner Hyper Precise Verde 1 U",
        "image": "https:\/\/cdn-consum.aktiosdigitalservices.com\/tol\/consum\/media\/product\/img\/300x300\/7439532.jpg?t=20250312092856"
    },
    {
        "id": 34679,
        "name": "Liner Hyper Precise Azul MAYBELLINE",
        "price": 7.99,
        "price_kilo": 7.99,
        "slug": "liner-hyper-precise-azul",
        "description": "Liner Hyper Precise Azul 1 U",
        "image": "https:\/\/cdn-consum.aktiosdigitalservices.com\/tol\/consum\/media\/product\/img\/300x300\/7439904.jpg?t=20250312092857"
    },
    {
        "id": 34680,
        "name": "Liner Hyper Precise Marr\u00f3n MAYBELLINE",
        "price": 7.99,
        "price_kilo": 7.99,
        "slug": "liner-hyper-precise-marron",
        "description": "Liner Hyper Precise Marr\u00f3n 1 U",
        "image": "https:\/\/cdn-consum.aktiosdigitalservices.com\/tol\/consum\/media\/product\/img\/300x300\/7439912.jpg?t=20250312092857"
    },
    {
        "id": 6965,
        "name": "Tinte 4.15 Chocolate OLIA",
        "price": 8.35,
        "price_kilo": 8.35,
        "slug": "tinte-415-chocolate",
        "description": "Tinte 4.15 Chocolate 1 U",
        "image": "https:\/\/cdn-consum.aktiosdigitalservices.com\/tol\/consum\/media\/product\/img\/300x300\/7189434.jpg?t=20250312160154"
    },
    {
        "id": 6966,
        "name": "Tinte 5.0 Casta\u00f1o Claro OLIA",
        "price": 8.35,
        "price_kilo": 8.35,
        "slug": "tinte-50-castano-claro",
        "description": "Tinte 5.0 Casta\u00f1o Claro 1 U",
        "image": "https:\/\/cdn-consum.aktiosdigitalservices.com\/tol\/consum\/media\/product\/img\/300x300\/7189439.jpg?t=20250312160156"
    },
    {
        "id": 6967,
        "name": "Tinte 6.0 Rubio Oscuro OLIA",
        "price": 8.35,
        "price_kilo": 8.35,
        "slug": "tinte-60-rubio-oscuro",
        "description": "Tinte 6.0 Rubio Oscuro 1 U",
        "image": "https:\/\/cdn-consum.aktiosdigitalservices.com\/tol\/consum\/media\/product\/img\/300x300\/7189442.jpg?t=20250312160158"
    },
    {
        "id": 6968,
        "name": "Tinte 7.0 Rubio OLIA",
        "price": 8.35,
        "price_kilo": 8.35,
        "slug": "tinte-70-rubio",
        "description": "Tinte 7.0 Rubio 1 U",
        "image": "https:\/\/cdn-consum.aktiosdigitalservices.com\/tol\/consum\/media\/product\/img\/300x300\/7189447.jpg?t=20250312160201"
    },
    {
        "id": 10373,
        "name": "Tinte 1.0 Negro Profundo OLIA",
        "price": 8.35,
        "price_kilo": 8.35,
        "slug": "tinte-10-negro-profundo",
        "description": "Tinte 1.0 Negro Profundo 1 U",
        "image": "https:\/\/cdn-consum.aktiosdigitalservices.com\/tol\/consum\/media\/product\/img\/300x300\/7189413.jpg?t=20250312160148"
    },
    {
        "id": 10374,
        "name": "Tinte 10.1 Rubio Extraclaro OLIA",
        "price": 8.35,
        "price_kilo": 8.35,
        "slug": "tinte-101-rubio-extraclaro",
        "description": "Tinte 10.1 Rubio Extraclaro 1 1 U",
        "image": "https:\/\/cdn-consum.aktiosdigitalservices.com\/tol\/consum\/media\/product\/img\/300x300\/7189418.jpg?t=20250312160150"
    },
    {
        "id": 10375,
        "name": "Tinte 4.0 Casta\u00f1o OLIA",
        "price": 8.35,
        "price_kilo": 8.35,
        "slug": "tinte-40-castano",
        "description": "Tinte 4.0 Casta\u00f1o 1 U",
        "image": "https:\/\/cdn-consum.aktiosdigitalservices.com\/tol\/consum\/media\/product\/img\/300x300\/7189421.jpg?t=20250312160152"
    },
    {
        "id": 10376,
        "name": "Tinte 8.0 Rubio Claro OLIA",
        "price": 8.35,
        "price_kilo": 8.35,
        "slug": "tinte-80-rubio-claro",
        "description": "Tinte 8.0 Rubio Claro 1 U",
        "image": "https:\/\/cdn-consum.aktiosdigitalservices.com\/tol\/consum\/media\/product\/img\/300x300\/7189454.jpg?t=20250312160203"
    },
    {
        "id": 10377,
        "name": "Tinte 9.0 Rubio Muy Claro OLIA",
        "price": 8.35,
        "price_kilo": 8.35,
        "slug": "tinte-90-rubio-muy-claro",
        "description": "Tinte 9.0 Rubio Muy Claro 1 U",
        "image": "https:\/\/cdn-consum.aktiosdigitalservices.com\/tol\/consum\/media\/product\/img\/300x300\/7189459.jpg?t=20250312160205"
    },
    {
        "id": 10519,
        "name": "Tinte Rubio 110 Super Aclarante Natural OLIA",
        "price": 8.35,
        "price_kilo": 8.35,
        "slug": "tinte-rubio-110-super-aclarante-natural",
        "description": "Tinte Rubio 110 Super Aclarante Natural 1 U",
        "image": "https:\/\/cdn-consum.aktiosdigitalservices.com\/tol\/consum\/media\/product\/img\/300x300\/7262181.jpg?t=20250312160451"
    },
    {
        "id": 16056,
        "name": "Tinte 5.3 Capuccino OLIA",
        "price": 8.35,
        "price_kilo": 8.35,
        "slug": "tinte-53-capuccino",
        "description": "Tinte 5.3 Capuccino 1 U",
        "image": "https:\/\/cdn-consum.aktiosdigitalservices.com\/tol\/consum\/media\/product\/img\/300x300\/7291834.jpg?t=20250312160602"
    },
    {
        "id": 21180,
        "name": "Tinte 6.60 Rojo Intenso OLIA",
        "price": 8.35,
        "price_kilo": 8.35,
        "slug": "tinte-660-rojo-intenso",
        "description": "Tinte 6.60 Rojo Intenso 1 U",
        "image": "https:\/\/cdn-consum.aktiosdigitalservices.com\/tol\/consum\/media\/product\/img\/300x300\/7332331.jpg?t=20250312160728"
    },
    {
        "id": 33355,
        "name": "Tinte Negro Natural 3.0 OLIA",
        "price": 8.35,
        "price_kilo": 8.35,
        "slug": "tinte-negro-natural-30",
        "description": "Tinte Negro Natural 3.0 1 U",
        "image": "https:\/\/cdn-consum.aktiosdigitalservices.com\/tol\/consum\/media\/product\/img\/300x300\/7431935.jpg?t=20250312161349"
    },
    {
        "id": 33356,
        "name": "Tinte Rubio Miel 8.31 OLIA",
        "price": 8.35,
        "price_kilo": 8.35,
        "slug": "tinte-rubio-miel-831",
        "description": "Tinte Rubio Miel 8.31 1 U",
        "image": "https:\/\/cdn-consum.aktiosdigitalservices.com\/tol\/consum\/media\/product\/img\/300x300\/7431948.jpg?t=20250312161351"
    },
    {
        "id": 39881,
        "name": "Almeja Japonesa En su Jugo ",
        "price": 7.5,
        "price_kilo": 25,
        "slug": "almeja-japonesa-en-su-jugo",
        "description": "Almeja Japonesa En su Jugo 300 Gr",
        "image": "https:\/\/cdn-consum.aktiosdigitalservices.com\/tol\/consum\/media\/product\/img\/300x300\/7455178.jpg?t=20250322080146"
    },
    {
        "id": 24629,
        "name": "Roll-On Ojos Efecto Hielo Anti-Bolsas y Ojeras L'OREAL",
        "price": 8.49,
        "price_kilo": 84.9,
        "slug": "roll-on-ojos-efecto-hielo-anti-bolsas-y-ojeras",
        "description": "Roll-On Ojos Efecto Hielo Anti-Bolsas y Ojeras 10 ml",
        "image": "https:\/\/cdn-consum.aktiosdigitalservices.com\/tol\/consum\/media\/product\/img\/300x300\/7355949.jpg?t=20250227093425"
    },
    {
        "id": 27821,
        "name": "L\u00e1piz de Cejas N\u00ba04 MAYBELLINE",
        "price": 8.49,
        "price_kilo": 8.49,
        "slug": "lapiz-de-cejas-n04",
        "description": "L\u00e1piz de Cejas N\u00ba04 1 U",
        "image": "https:\/\/cdn-consum.aktiosdigitalservices.com\/tol\/consum\/media\/product\/img\/300x300\/7387012.jpg?t=20250312092807"
    },
    {
        "id": 27824,
        "name": "L\u00e1piz de Cejas N\u00ba2 MAYBELLINE",
        "price": 8.49,
        "price_kilo": 8.49,
        "slug": "lapiz-de-cejas-n2",
        "description": "L\u00e1piz de Cejas N\u00ba2 1 U",
        "image": "https:\/\/cdn-consum.aktiosdigitalservices.com\/tol\/consum\/media\/product\/img\/300x300\/7387025.jpg?t=20250312092807"
    },
    {
        "id": 29250,
        "name": "L\u00e1piz Cejas N\u00ba1 MAYBELLINE",
        "price": 8.49,
        "price_kilo": 8.49,
        "slug": "lapiz-cejas-n1",
        "description": "L\u00e1piz Cejas N\u00ba1 1 U",
        "image": "https:\/\/cdn-consum.aktiosdigitalservices.com\/tol\/consum\/media\/product\/img\/300x300\/7396161.jpg?t=20250312092816"
    },
    {
        "id": 33886,
        "name": "Pastillas Lavavajillas Ultimate Plus FINISH",
        "price": 6.55,
        "price_kilo": 0.3,
        "slug": "pastillas-lavavajillas-ultimate-plus",
        "description": "Pastillas Lavavajillas Ultimate Plus 22 U",
        "image": "https:\/\/cdn-consum.aktiosdigitalservices.com\/tol\/consum\/media\/product\/img\/300x300\/7434942.jpg?t=20250227095107"
    },
    {
        "id": 20806,
        "name": "Vino Tinto I.G.P. Ribera del Queiles GAR.SALVAJE",
        "price": 6.99,
        "price_kilo": 9.32,
        "slug": "vino-tinto-igp-ribera-del-queiles",
        "description": "Vino Tinto I.G.P. Ribera del Queiles 0,75 L",
        "image": "https:\/\/cdn-consum.aktiosdigitalservices.com\/tol\/consum\/media\/product\/img\/300x300\/7329154.jpg?t=20250311164609"
    },
    {
        "id": 34462,
        "name": "Tira de Costilla de Cerdo ",
        "price": 7.99,
        "price_kilo": 7.99,
        "slug": "tira-de-costilla-de-cerdo",
        "description": "Tira de Costilla de Cerdo",
        "image": "https:\/\/cdn-consum.aktiosdigitalservices.com\/tol\/consum\/media\/product\/img\/300x300\/7438711.jpg?t=20250322080103"
    },
    {
        "id": 35933,
        "name": "Brocheta Gamb\u00f3n Pelado Congelado WOFCO",
        "price": 7.99,
        "price_kilo": 26.64,
        "slug": "brocheta-gambon-pelado-congelado",
        "description": "Brocheta Gamb\u00f3n Pelado Congelado 300 Gr",
        "image": "https:\/\/cdn-consum.aktiosdigitalservices.com\/tol\/consum\/media\/product\/img\/300x300\/7448277.jpg?t=20250318080854"
    },
    {
        "id": 11215,
        "name": "Crema Power Age Men Expert L'OREAL",
        "price": 7.25,
        "price_kilo": 14.5,
        "slug": "crema-power-age-men-expert",
        "description": "Crema Power Age Men Expert 50 ml",
        "image": "https:\/\/cdn-consum.aktiosdigitalservices.com\/tol\/consum\/media\/product\/img\/300x300\/7185432.jpg?t=20250227091204"
    },
    {
        "id": 12843,
        "name": "Vino Tinto Crianza D.O.Rioja AZPILICUETA",
        "price": 7.69,
        "price_kilo": 10.25,
        "slug": "vino-tinto-crianza-dorioja",
        "description": "Vino Tinto Crianza D.O.Rioja 0,75 L",
        "image": "https:\/\/cdn-consum.aktiosdigitalservices.com\/tol\/consum\/media\/product\/img\/300x300\/7079002.jpg?t=20250227090614"
    },
    {
        "id": 6974,
        "name": "Pa\u00f1al DryNites 4 a 7 A\u00f1os Ni\u00f1a HUGGIES",
        "price": 7.39,
        "price_kilo": 0.74,
        "slug": "panal-drynites-4-a-7-anos-nina",
        "description": "Pa\u00f1al DryNites 4 a 7 A\u00f1os Ni\u00f1a 10 U",
        "image": "https:\/\/cdn-consum.aktiosdigitalservices.com\/tol\/consum\/media\/product\/img\/300x300\/7189579.jpg?t=20250312160207"
    },
    {
        "id": 6975,
        "name": "Pa\u00f1al DryNites 4 a 7 A\u00f1os Ni\u00f1o HUGGIES",
        "price": 7.39,
        "price_kilo": 0.74,
        "slug": "panal-drynites-4-a-7-anos-nino",
        "description": "Pa\u00f1al DryNites 4 a 7 A\u00f1os Ni\u00f1o 10 U",
        "image": "https:\/\/cdn-consum.aktiosdigitalservices.com\/tol\/consum\/media\/product\/img\/300x300\/7189582.jpg?t=20250312160209"
    },
    {
        "id": 6976,
        "name": "Pa\u00f1al DryNites 8 a 13 A\u00f1os Ni\u00f1a HUGGIES",
        "price": 7.39,
        "price_kilo": 0.82,
        "slug": "panal-drynites-8-a-13-anos-nina",
        "description": "Pa\u00f1al DryNites 8 a 13 A\u00f1os Ni\u00f1a 9 U",
        "image": "https:\/\/cdn-consum.aktiosdigitalservices.com\/tol\/consum\/media\/product\/img\/300x300\/7189587.jpg?t=20250313081517"
    },
    {
        "id": 6977,
        "name": "Pa\u00f1al DryNites 8 a 13 A\u00f1os Ni\u00f1o HUGGIES",
        "price": 7.39,
        "price_kilo": 0.82,
        "slug": "panal-drynites-8-a-13-anos-nino",
        "description": "Pa\u00f1al DryNites 8 a 13 A\u00f1os Ni\u00f1o 9 U",
        "image": "https:\/\/cdn-consum.aktiosdigitalservices.com\/tol\/consum\/media\/product\/img\/300x300\/7189590.jpg?t=20250312160214"
    },
    {
        "id": 23424,
        "name": "Duplo Dent\u00edfrico Herbal Fresh PARODONTAX",
        "price": 8.99,
        "price_kilo": 5.99,
        "slug": "duplo-dentifrico-herbal-fresh",
        "description": "Duplo Dent\u00edfrico Herbal Fresh 2 x 75 ml",
        "image": "https:\/\/cdn-consum.aktiosdigitalservices.com\/tol\/consum\/media\/product\/img\/300x300\/7349301.jpg?t=20250227093324"
    },
    {
        "id": 23425,
        "name": "Duplo Dent\u00edfrico Herbal Original PARODONTAX",
        "price": 8.99,
        "price_kilo": 5.99,
        "slug": "duplo-dentifrico-herbal-original",
        "description": "Duplo Dent\u00edfrico Herbal Original 2 x 75 ml",
        "image": "https:\/\/cdn-consum.aktiosdigitalservices.com\/tol\/consum\/media\/product\/img\/300x300\/7349306.jpg?t=20250227093326"
    },
    {
        "id": 28754,
        "name": "Laca U\u00f1as Ultra HDSnap Think Pink REVLON",
        "price": 6.29,
        "price_kilo": 6.29,
        "slug": "laca-unas-ultra-hdsnap-think-pink",
        "description": "Laca U\u00f1as Ultra HDSnap Think Pink 1 U",
        "image": "https:\/\/cdn-consum.aktiosdigitalservices.com\/tol\/consum\/media\/product\/img\/300x300\/7395213.jpg?t=20250312125937"
    },
    {
        "id": 28755,
        "name": "Laca U\u00f1as Ultra HDSnap Rule the World REVLON",
        "price": 6.29,
        "price_kilo": 6.29,
        "slug": "laca-unas-ultra-hdsnap-rule-the-world",
        "description": "Laca U\u00f1as Ultra HDSnap Rule the World 1 U",
        "image": "https:\/\/cdn-consum.aktiosdigitalservices.com\/tol\/consum\/media\/product\/img\/300x300\/7395218.jpg?t=20250312125939"
    },
    {
        "id": 28756,
        "name": "Laca U\u00f1as Ultra HDSnap Berry Blissed REVLON",
        "price": 6.29,
        "price_kilo": 6.29,
        "slug": "laca-unas-ultra-hdsnap-berry-blissed",
        "description": "Laca U\u00f1as Ultra HDSnap Berry Blissed 1 U",
        "image": "https:\/\/cdn-consum.aktiosdigitalservices.com\/tol\/consum\/media\/product\/img\/300x300\/7395221.jpg?t=20250312125941"
    },
    {
        "id": 28757,
        "name": "Laca U\u00f1as Ultra HDSnap Cherry on Top REVLON",
        "price": 6.29,
        "price_kilo": 6.29,
        "slug": "laca-unas-ultra-hdsnap-cherry-on-top",
        "description": "Laca U\u00f1as Ultra HDSnap Cherry on Top 1 U",
        "image": "https:\/\/cdn-consum.aktiosdigitalservices.com\/tol\/consum\/media\/product\/img\/300x300\/7395226.jpg?t=20250312125943"
    },
    {
        "id": 28758,
        "name": "Laca U\u00f1as Ultra HDSnap She's on Fire REVLON",
        "price": 6.29,
        "price_kilo": 6.29,
        "slug": "laca-unas-ultra-hdsnap-shes-on-fire",
        "description": "Laca U\u00f1as Ultra HDSnap She's on Fire 1 U",
        "image": "https:\/\/cdn-consum.aktiosdigitalservices.com\/tol\/consum\/media\/product\/img\/300x300\/7395234.jpg?t=20250312125946"
    },
    {
        "id": 31213,
        "name": "Mascarilla Aceite De Arg\u00e1n OGX",
        "price": 8.99,
        "price_kilo": 3,
        "slug": "mascarilla-aceite-de-argan",
        "description": "Mascarilla Aceite De Arg\u00e1n 300 ml",
        "image": "https:\/\/cdn-consum.aktiosdigitalservices.com\/tol\/consum\/media\/product\/img\/300x300\/7415169.jpg?t=20250313081032"
    },
    {
        "id": 31921,
        "name": "Tattoo Liner Ink Pen MAYBELLINE",
        "price": 8.99,
        "price_kilo": 8.99,
        "slug": "tattoo-liner-ink-pen",
        "description": "Tattoo Liner Ink Pen 1 U",
        "image": "https:\/\/cdn-consum.aktiosdigitalservices.com\/tol\/consum\/media\/product\/img\/300x300\/7421209.jpg?t=20250227094646"
    },
    {
        "id": 39409,
        "name": "Gel Crema Colorante 2 Moreno LLONGUERAS",
        "price": 8.99,
        "price_kilo": 8.99,
        "slug": "gel-crema-colorante-2-moreno",
        "description": "Gel Crema Colorante 2 Moreno 1 U",
        "image": "https:\/\/cdn-consum.aktiosdigitalservices.com\/tol\/consum\/media\/product\/img\/300x300\/7450740.jpg?t=20250312161635"
    },
    {
        "id": 39410,
        "name": "Gel Crema Colorante 3 Casta\u00f1o Oscuro LLONGUERAS",
        "price": 8.99,
        "price_kilo": 8.99,
        "slug": "gel-crema-colorante-3-castano-oscuro",
        "description": "Gel Crema Colorante 3 Casta\u00f1o Oscuro 1 U",
        "image": "https:\/\/cdn-consum.aktiosdigitalservices.com\/tol\/consum\/media\/product\/img\/300x300\/7450745.jpg?t=20250312161637"
    },
    {
        "id": 22451,
        "name": "Vino Tinto Crianza D.O.Ribera del Duero CLEA",
        "price": 8.3,
        "price_kilo": 11.06,
        "slug": "vino-tinto-crianza-doribera-del-duero",
        "description": "Vino Tinto Crianza D.O.Ribera del Duero 0,75 L",
        "image": "https:\/\/cdn-consum.aktiosdigitalservices.com\/tol\/consum\/media\/product\/img\/300x300\/7339158.jpg?t=20250311124853"
    },
    {
        "id": 23722,
        "name": "Caj\u00f3n Gin Fresa GIN ROSEE",
        "price": 8.29,
        "price_kilo": 20.73,
        "slug": "cajon-gin-fresa",
        "description": "Caj\u00f3n Gin Fresa 0,4 L",
        "image": "https:\/\/cdn-consum.aktiosdigitalservices.com\/tol\/consum\/media\/product\/img\/300x300\/7351609.jpg?t=20250227093346"
    },
    {
        "id": 8298,
        "name": "Comida Seca Perros Tender Buey BREKKIES",
        "price": 9.45,
        "price_kilo": 3.15,
        "slug": "comida-seca-perros-tender-buey",
        "description": "Comida Seca Perros Tender Buey 3 Kg",
        "image": "https:\/\/cdn-consum.aktiosdigitalservices.com\/tol\/consum\/media\/product\/img\/300x300\/7052991.jpg?t=20250313080008"
    },
    {
        "id": 4994,
        "name": "Crema Revitalift D\u00eda Antiarrugas m\u00e1s Firmeza L'OREAL",
        "price": 8.25,
        "price_kilo": 16.5,
        "slug": "crema-revitalift-dia-antiarrugas-mas-firmeza",
        "description": "Crema Revitalift D\u00eda Antiarrugas m\u00e1s Firmeza 50 ml",
        "image": "https:\/\/cdn-consum.aktiosdigitalservices.com\/tol\/consum\/media\/product\/img\/300x300\/413393.jpg?t=20250227085950"
    },
    {
        "id": 5006,
        "name": "Crema Revitalift Noche Antiarrugas m\u00e1s Firmeza L'OREAL",
        "price": 8.25,
        "price_kilo": 16.5,
        "slug": "crema-revitalift-noche-antiarrugas-mas-firmeza",
        "description": "Crema Revitalift Noche Antiarrugas m\u00e1s Firmeza 50 ml",
        "image": "https:\/\/cdn-consum.aktiosdigitalservices.com\/tol\/consum\/media\/product\/img\/300x300\/417790.jpg?t=20250312092739"
    },
    {
        "id": 9569,
        "name": "Bebida Espirituosa VETERANO",
        "price": 8.99,
        "price_kilo": 8.99,
        "slug": "bebida-espirituosa",
        "description": "Bebida Espirituosa 1 L",
        "image": "https:\/\/cdn-consum.aktiosdigitalservices.com\/tol\/consum\/media\/product\/img\/300x300\/315366.jpg?t=20250227085819"
    },
    {
        "id": 39831,
        "name": "Gamb\u00f3n Granel Congelado ",
        "price": 8.99,
        "price_kilo": 8.99,
        "slug": "gambon-granel-congelado",
        "description": "Gamb\u00f3n Granel Congelado",
        "image": "https:\/\/cdn-consum.aktiosdigitalservices.com\/tol\/consum\/media\/product\/img\/300x300\/7454437.jpg?t=20250321080041"
    },
    {
        "id": 21083,
        "name": "Tarta Nata y Trufa ",
        "price": 8.6,
        "price_kilo": 11.86,
        "slug": "tarta-nata-y-trufa",
        "description": "Tarta Nata y Trufa 725 Gr",
        "image": "https:\/\/cdn-consum.aktiosdigitalservices.com\/tol\/consum\/media\/product\/img\/300x300\/7331304.jpg?t=20250227093127"
    },
    {
        "id": 11436,
        "name": "Brandy 5 A\u00f1os TORRES",
        "price": 9.75,
        "price_kilo": 13.93,
        "slug": "brandy-5-anos",
        "description": "Brandy 5 A\u00f1os 0,7 L",
        "image": "https:\/\/cdn-consum.aktiosdigitalservices.com\/tol\/consum\/media\/product\/img\/300x300\/315085.jpg?t=20250312124754"
    },
    {
        "id": 11438,
        "name": "Bebida Espirituosa SOBERANO",
        "price": 8.99,
        "price_kilo": 8.99,
        "slug": "bebida-espirituosa",
        "description": "Bebida Espirituosa 1 L",
        "image": "https:\/\/cdn-consum.aktiosdigitalservices.com\/tol\/consum\/media\/product\/img\/300x300\/315168.jpg?t=20250227085813"
    },
    {
        "id": 5022,
        "name": "Contorno Ojos Revitalift Antiarrugas m\u00e1s Firmeza L'OREAL",
        "price": 8.55,
        "price_kilo": 57,
        "slug": "contorno-ojos-revitalift-antiarrugas-mas-firmeza",
        "description": "Contorno Ojos Revitalift Antiarrugas m\u00e1s Firmeza 15 ml",
        "image": "https:\/\/cdn-consum.aktiosdigitalservices.com\/tol\/consum\/media\/product\/img\/300x300\/426809.jpg?t=20250227085954"
    },
    {
        "id": 8633,
        "name": "S\u00e9rum Revitalift White L'OREAL",
        "price": 8.55,
        "price_kilo": 28.5,
        "slug": "serum-revitalift-white",
        "description": "S\u00e9rum Revitalift White 30 ml",
        "image": "https:\/\/cdn-consum.aktiosdigitalservices.com\/tol\/consum\/media\/product\/img\/300x300\/7261634.jpg?t=20250227092304"
    },
    {
        "id": 23214,
        "name": "Crema Revitalift SPF 30 Antiarrugas D\u00eda L'OREAL",
        "price": 8.55,
        "price_kilo": 17.1,
        "slug": "crema-revitalift-spf-30-antiarrugas-dia",
        "description": "Crema Revitalift SPF 30 Antiarrugas D\u00eda 50 ml",
        "image": "https:\/\/cdn-consum.aktiosdigitalservices.com\/tol\/consum\/media\/product\/img\/300x300\/7347339.jpg?t=20250227093303"
    },
    {
        "id": 10252,
        "name": "Enjuague Bucal Mentol LISTERINE",
        "price": 7.99,
        "price_kilo": 0.8,
        "slug": "enjuague-bucal-mentol",
        "description": "Enjuague Bucal Mentol 1000 ml",
        "image": "https:\/\/cdn-consum.aktiosdigitalservices.com\/tol\/consum\/media\/product\/img\/300x300\/7259443.jpg?t=20250318080939"
    },
    {
        "id": 26103,
        "name": "Enjuague Bucal Total Care LISTERINE",
        "price": 7.99,
        "price_kilo": 0.8,
        "slug": "enjuague-bucal-total-care",
        "description": "Enjuague Bucal Total Care 1000 ml",
        "image": "https:\/\/cdn-consum.aktiosdigitalservices.com\/tol\/consum\/media\/product\/img\/300x300\/7372126.jpg?t=20250312160852"
    },
    {
        "id": 34579,
        "name": "Labial Limitless Matte Poster Child REVLON",
        "price": 6.99,
        "price_kilo": 6.99,
        "slug": "labial-limitless-matte-poster-child",
        "description": "Labial Limitless Matte Poster Child 1 U",
        "image": "https:\/\/cdn-consum.aktiosdigitalservices.com\/tol\/consum\/media\/product\/img\/300x300\/7442288.jpg?t=20250312130405"
    },
    {
        "id": 34580,
        "name": "Labial Limitless Matte Upper Hand REVLON",
        "price": 6.99,
        "price_kilo": 6.99,
        "slug": "labial-limitless-matte-upper-hand",
        "description": "Labial Limitless Matte Upper Hand 1 U",
        "image": "https:\/\/cdn-consum.aktiosdigitalservices.com\/tol\/consum\/media\/product\/img\/300x300\/7442291.jpg?t=20250312130408"
    },
    {
        "id": 34581,
        "name": "Labial Limitless Matte Manifest REVLON",
        "price": 6.99,
        "price_kilo": 6.99,
        "slug": "labial-limitless-matte-manifest",
        "description": "Labial Limitless Matte Manifest 1 U",
        "image": "https:\/\/cdn-consum.aktiosdigitalservices.com\/tol\/consum\/media\/product\/img\/300x300\/7442296.jpg?t=20250312130410"
    },
    {
        "id": 34582,
        "name": "Labial Limitless Matte Icon Era REVLON",
        "price": 6.99,
        "price_kilo": 6.99,
        "slug": "labial-limitless-matte-icon-era",
        "description": "Labial Limitless Matte Icon Era 1 U",
        "image": "https:\/\/cdn-consum.aktiosdigitalservices.com\/tol\/consum\/media\/product\/img\/300x300\/7442304.jpg?t=20250312130413"
    },
    {
        "id": 34583,
        "name": "Labial Limitless Matte Top Talent REVLON",
        "price": 6.99,
        "price_kilo": 6.99,
        "slug": "labial-limitless-matte-top-talent",
        "description": "Labial Limitless Matte Top Talent 1 U",
        "image": "https:\/\/cdn-consum.aktiosdigitalservices.com\/tol\/consum\/media\/product\/img\/300x300\/7442309.jpg?t=20250312130415"
    },
    {
        "id": 34584,
        "name": "Labial Limitless Matte Dream Job REVLON",
        "price": 6.99,
        "price_kilo": 6.99,
        "slug": "labial-limitless-matte-dream-job",
        "description": "Labial Limitless Matte Dream Job 1 U",
        "image": "https:\/\/cdn-consum.aktiosdigitalservices.com\/tol\/consum\/media\/product\/img\/300x300\/7442317.jpg?t=20250312130418"
    },
    {
        "id": 34985,
        "name": "Primer Pesta\u00f1as SkyHigh Largas y Cuidadas MAYBELLINE",
        "price": 9.99,
        "price_kilo": 9.99,
        "slug": "primer-pestanas-skyhigh-largas-y-cuidadas",
        "description": "Primer Pesta\u00f1as SkyHigh Largas y Cuidadas 1 U",
        "image": "https:\/\/cdn-consum.aktiosdigitalservices.com\/tol\/consum\/media\/product\/img\/300x300\/7439649.jpg?t=20250312092856"
    },
    {
        "id": 34981,
        "name": "Pulpo  Cocido CONSUM",
        "price": 9.15,
        "price_kilo": 36.6,
        "slug": "pulpo-cocido",
        "description": "Pulpo  Cocido 250 Gr",
        "image": "https:\/\/cdn-consum.aktiosdigitalservices.com\/tol\/consum\/media\/product\/img\/300x300\/7432904.jpg?t=20250318080743"
    },
    {
        "id": 25975,
        "name": "Comida Seca Gatos Esterilizados Bifensis ONE",
        "price": 8.3,
        "price_kilo": 5.53,
        "slug": "comida-seca-gatos-esterilizados-bifensis",
        "description": "Comida Seca Gatos Esterilizados Bifensis 1,5 Kg",
        "image": "https:\/\/cdn-consum.aktiosdigitalservices.com\/tol\/consum\/media\/product\/img\/300x300\/7370596.jpg?t=20250313080805"
    },
    {
        "id": 32501,
        "name": "Comida Seca Gatos Esterilizados Delicados ONE",
        "price": 8.3,
        "price_kilo": 5.53,
        "slug": "comida-seca-gatos-esterilizados-delicados",
        "description": "Comida Seca Gatos Esterilizados Delicados 1,5 Kg",
        "image": "https:\/\/cdn-consum.aktiosdigitalservices.com\/tol\/consum\/media\/product\/img\/300x300\/7424658.jpg?t=20250313081115"
    },
    {
        "id": 33432,
        "name": "Comida Gato Adulto Esterilizados + Hairball ONE",
        "price": 8.3,
        "price_kilo": 5.53,
        "slug": "comida-gato-adulto-esterilizados-hairball",
        "description": "Comida Gato Adulto Esterilizados + Hairball 1,5 Kg",
        "image": "https:\/\/cdn-consum.aktiosdigitalservices.com\/tol\/consum\/media\/product\/img\/300x300\/7432057.jpg?t=20250313081142"
    },
    {
        "id": 19965,
        "name": "Crema Fijadora M\u00e1ximo Sellado COREGA",
        "price": 10.49,
        "price_kilo": 26.23,
        "slug": "crema-fijadora-maximo-sellado",
        "description": "Crema Fijadora M\u00e1ximo Sellado 40 Gr",
        "image": "https:\/\/cdn-consum.aktiosdigitalservices.com\/tol\/consum\/media\/product\/img\/300x300\/7325434.jpg?t=20250227093022"
    },
    {
        "id": 27317,
        "name": "Caf\u00e9 Grano Natural MARCILLA",
        "price": 8.99,
        "price_kilo": 17.98,
        "slug": "cafe-grano-natural",
        "description": "Caf\u00e9 Grano Natural 500 Gr",
        "image": "https:\/\/cdn-consum.aktiosdigitalservices.com\/tol\/consum\/media\/product\/img\/300x300\/7382299.jpg?t=20250311111741"
    },
    {
        "id": 8865,
        "name": "Comida Seca Gatos Esterilizados y Hairball ULTIMA",
        "price": 10.5,
        "price_kilo": 7,
        "slug": "comida-seca-gatos-esterilizados-y-hairball",
        "description": "Comida Seca Gatos Esterilizados y Hairball 1,5 Kg",
        "image": "https:\/\/cdn-consum.aktiosdigitalservices.com\/tol\/consum\/media\/product\/img\/300x300\/7157022.jpg?t=20250313080142"
    },
    {
        "id": 11741,
        "name": "Licor Crema de Arroz 5FANECADES",
        "price": 9.5,
        "price_kilo": 13.57,
        "slug": "licor-crema-de-arroz",
        "description": "Licor Crema de Arroz 0,7 L",
        "image": "https:\/\/cdn-consum.aktiosdigitalservices.com\/tol\/consum\/media\/product\/img\/300x300\/7254220.jpg?t=20250311164600"
    },
    {
        "id": 13472,
        "name": "Mortadela de Pavo con Aceitunas (17%) ELPOZO",
        "price": 9.45,
        "price_kilo": 9.45,
        "slug": "mortadela-de-pavo-con-aceitunas-17",
        "description": "Mortadela de Pavo con Aceitunas (17%)",
        "image": "https:\/\/cdn-consum.aktiosdigitalservices.com\/tol\/consum\/media\/product\/img\/300x300\/7211688.jpg?t=20250318080112"
    },
    {
        "id": 15207,
        "name": "Licor Crema de Arroz con Cazalla 5FANECADES",
        "price": 9.5,
        "price_kilo": 13.57,
        "slug": "licor-crema-de-arroz-con-cazalla",
        "description": "Licor Crema de Arroz con Cazalla 0,7 L",
        "image": "https:\/\/cdn-consum.aktiosdigitalservices.com\/tol\/consum\/media\/product\/img\/300x300\/7286503.jpg?t=20250227092539"
    },
    {
        "id": 25470,
        "name": "Comida Gato Seco Esterilizado TractoUrinario ULTIMA",
        "price": 10.5,
        "price_kilo": 7,
        "slug": "comida-gato-seco-esterilizado-tractourinario",
        "description": "Comida Gato Seco Esterilizado TractoUrinario 1,5 Kg",
        "image": "https:\/\/cdn-consum.aktiosdigitalservices.com\/tol\/consum\/media\/product\/img\/300x300\/7367324.jpg?t=20250227093611"
    },
    {
        "id": 9197,
        "name": "Vermut Blanco MARTINI",
        "price": 9.69,
        "price_kilo": 9.69,
        "slug": "vermut-blanco",
        "description": "Vermut Blanco 1 L",
        "image": "https:\/\/cdn-consum.aktiosdigitalservices.com\/tol\/consum\/media\/product\/img\/300x300\/317610.jpg?t=20250227085838"
    },
    {
        "id": 9573,
        "name": "Vermut Rojo MARTINI",
        "price": 9.69,
        "price_kilo": 9.69,
        "slug": "vermut-rojo",
        "description": "Vermut  Rojo 1 L",
        "image": "https:\/\/cdn-consum.aktiosdigitalservices.com\/tol\/consum\/media\/product\/img\/300x300\/317628.jpg?t=20250227085839"
    },
    {
        "id": 4868,
        "name": "Whisky Scotch WIL.LAWSONS",
        "price": 9.99,
        "price_kilo": 14.27,
        "slug": "whisky-scotch",
        "description": "Whisky Scotch 0,7 L",
        "image": "https:\/\/cdn-consum.aktiosdigitalservices.com\/tol\/consum\/media\/product\/img\/300x300\/315622.jpg?t=20250227085828"
    },
    {
        "id": 22038,
        "name": "Paleta Sombras Ojos Nude MAYBELLINE",
        "price": 10.99,
        "price_kilo": 10.99,
        "slug": "paleta-sombras-ojos-nude",
        "description": "Paleta Sombras Ojos Nude 1 U",
        "image": "https:\/\/cdn-consum.aktiosdigitalservices.com\/tol\/consum\/media\/product\/img\/300x300\/7248136.jpg?t=20250227092133"
    },
    {
        "id": 26486,
        "name": "M\u00e1scara Sky High MAYBELLINE",
        "price": 10.99,
        "price_kilo": 10.99,
        "slug": "mascara-sky-high",
        "description": "M\u00e1scara Sky High 1 U",
        "image": "https:\/\/cdn-consum.aktiosdigitalservices.com\/tol\/consum\/media\/product\/img\/300x300\/7374148.jpg?t=20250227093702"
    },
    {
        "id": 34987,
        "name": "M\u00e1scara Sky High Marr\u00f3n MAYBELLINE",
        "price": 10.99,
        "price_kilo": 10.99,
        "slug": "mascara-sky-high-marron",
        "description": "M\u00e1scara Sky High Marr\u00f3n 1 U",
        "image": "https:\/\/cdn-consum.aktiosdigitalservices.com\/tol\/consum\/media\/product\/img\/300x300\/7439933.jpg?t=20250318081010"
    },
    {
        "id": 35285,
        "name": "Pastillas Lavavajillas Quantum FINISH",
        "price": 6.99,
        "price_kilo": 0.25,
        "slug": "pastillas-lavavajillas-quantum",
        "description": "Pastillas Lavavajillas Quantum 28 U",
        "image": "https:\/\/cdn-consum.aktiosdigitalservices.com\/tol\/consum\/media\/product\/img\/300x300\/7446763.jpg?t=20250313081352"
    },
    {
        "id": 13189,
        "name": "Cava Brut Nature Reserv D.O.Cava D.DE LA VEGA",
        "price": 9.75,
        "price_kilo": 13,
        "slug": "cava-brut-nature-reserv-docava",
        "description": "Cava Brut Nature Reserv D.O.Cava 0,75 L",
        "image": "https:\/\/cdn-consum.aktiosdigitalservices.com\/tol\/consum\/media\/product\/img\/300x300\/7255318.jpg?t=20250311164600"
    },
    {
        "id": 11434,
        "name": "Vodka ERISTOFF",
        "price": 10.29,
        "price_kilo": 14.7,
        "slug": "vodka",
        "description": "Vodka 0,7 L",
        "image": "https:\/\/cdn-consum.aktiosdigitalservices.com\/tol\/consum\/media\/product\/img\/300x300\/313411.jpg?t=20250227085806"
    },
    {
        "id": 11442,
        "name": "Whisky Nacional DYC",
        "price": 11.3,
        "price_kilo": 16.14,
        "slug": "whisky-nacional",
        "description": "Whisky Nacional 0,7 L",
        "image": "https:\/\/cdn-consum.aktiosdigitalservices.com\/tol\/consum\/media\/product\/img\/300x300\/315523.jpg?t=20250312124800"
    },
    {
        "id": 19898,
        "name": "Caf\u00e9 en Grano Puro Ar\u00e1bica BONKA",
        "price": 9.9,
        "price_kilo": 19.8,
        "slug": "cafe-en-grano-puro-arabica",
        "description": "Caf\u00e9 en Grano Puro Ar\u00e1bica 500 Gr",
        "image": "https:\/\/cdn-consum.aktiosdigitalservices.com\/tol\/consum\/media\/product\/img\/300x300\/7324978.jpg?t=20250312160710"
    },
    {
        "id": 20994,
        "name": "Lavavajillas en Gel Todo en 1 FINISH",
        "price": 7.45,
        "price_kilo": 0.15,
        "slug": "lavavajillas-en-gel-todo-en-1",
        "description": "Lavavajillas en Gel Todo en 1 50 Lv",
        "image": "https:\/\/cdn-consum.aktiosdigitalservices.com\/tol\/consum\/media\/product\/img\/300x300\/7329865.jpg?t=20250313080636"
    },
    {
        "id": 11558,
        "name": "Licor de Ponche CABALLERO",
        "price": 11.9,
        "price_kilo": 17,
        "slug": "licor-de-ponche",
        "description": "Licor de Ponche 0,7 L",
        "image": "https:\/\/cdn-consum.aktiosdigitalservices.com\/tol\/consum\/media\/product\/img\/300x300\/7151012.jpg?t=20250227090927"
    },
    {
        "id": 29404,
        "name": "M\u00e1scara Sky High Cosmic MAYBELLINE",
        "price": 11.99,
        "price_kilo": 11.99,
        "slug": "mascara-sky-high-cosmic",
        "description": "M\u00e1scara Sky High Cosmic 1 U",
        "image": "https:\/\/cdn-consum.aktiosdigitalservices.com\/tol\/consum\/media\/product\/img\/300x300\/7396323.jpg?t=20250227094103"
    },
    {
        "id": 31917,
        "name": "M\u00e1scara Sky High Waterproof MAYBELLINE",
        "price": 11.99,
        "price_kilo": 11.99,
        "slug": "mascara-sky-high-waterproof",
        "description": "M\u00e1scara Sky High Waterproof 1 U",
        "image": "https:\/\/cdn-consum.aktiosdigitalservices.com\/tol\/consum\/media\/product\/img\/300x300\/7421139.jpg?t=20250227094640"
    },
    {
        "id": 34983,
        "name": "M\u00e1scara Firework MAYBELLINE",
        "price": 11.99,
        "price_kilo": 11.99,
        "slug": "mascara-firework",
        "description": "M\u00e1scara Firework 1 U",
        "image": "https:\/\/cdn-consum.aktiosdigitalservices.com\/tol\/consum\/media\/product\/img\/300x300\/7439495.jpg?t=20250312092856"
    },
    {
        "id": 35143,
        "name": "M\u00e1scara Firework Waterproof MAYBELLINE",
        "price": 11.99,
        "price_kilo": 11.99,
        "slug": "mascara-firework-waterproof",
        "description": "M\u00e1scara Firework Waterproof 1 U",
        "image": "https:\/\/cdn-consum.aktiosdigitalservices.com\/tol\/consum\/media\/product\/img\/300x300\/7439508.jpg?t=20250227095235"
    },
    {
        "id": 31730,
        "name": "Detergente L\u00edquido WIPP",
        "price": 9.99,
        "price_kilo": 0.29,
        "slug": "detergente-liquido",
        "description": "Detergente L\u00edquido 35 Lv",
        "image": "https:\/\/cdn-consum.aktiosdigitalservices.com\/tol\/consum\/media\/product\/img\/300x300\/7419372.jpg?t=20250227094600"
    },
    {
        "id": 31731,
        "name": "Detergente L\u00edquido Higiene&Antiolores WIPP",
        "price": 9.99,
        "price_kilo": 0.29,
        "slug": "detergente-liquido-higieneantiolores",
        "description": "Detergente L\u00edquido Higiene&Antiolores 35 Lv",
        "image": "https:\/\/cdn-consum.aktiosdigitalservices.com\/tol\/consum\/media\/product\/img\/300x300\/7419377.jpg?t=20250227094602"
    },
    {
        "id": 12732,
        "name": "Vino Tinto Reserva D.O.Rioja MARQ.CACERES",
        "price": 10.95,
        "price_kilo": 14.6,
        "slug": "vino-tinto-reserva-dorioja",
        "description": "Vino Tinto Reserva D.O.Rioja 0,75 L",
        "image": "https:\/\/cdn-consum.aktiosdigitalservices.com\/tol\/consum\/media\/product\/img\/300x300\/112839.jpg?t=20250311164528"
    },
    {
        "id": 30096,
        "name": "Cola de Gamb\u00f3n Pelada congelada WOFCO",
        "price": 11.25,
        "price_kilo": 28.13,
        "slug": "cola-de-gambon-pelada-congelada",
        "description": "Cola de Gamb\u00f3n Pelada congelada 400 Gr",
        "image": "https:\/\/cdn-consum.aktiosdigitalservices.com\/tol\/consum\/media\/product\/img\/300x300\/7406226.jpg?t=20250318080553"
    },
    {
        "id": 11440,
        "name": "Brandy MAGNO",
        "price": 11.95,
        "price_kilo": 17.08,
        "slug": "brandy",
        "description": "Brandy 0,7 L",
        "image": "https:\/\/cdn-consum.aktiosdigitalservices.com\/tol\/consum\/media\/product\/img\/300x300\/315341.jpg?t=20250227085817"
    },
    {
        "id": 29930,
        "name": "Detergente C\u00e1psulas Power WIPP",
        "price": 9.99,
        "price_kilo": 0.3,
        "slug": "detergente-capsulas-power",
        "description": "Detergente C\u00e1psulas Power 33 Lv",
        "image": "https:\/\/cdn-consum.aktiosdigitalservices.com\/tol\/consum\/media\/product\/img\/300x300\/7403913.jpg?t=20250227094234"
    },
    {
        "id": 32695,
        "name": "Detergente C\u00e1psulas Power Antiolores WIPP",
        "price": 7.99,
        "price_kilo": 0.24,
        "slug": "detergente-capsulas-power-antiolores",
        "description": "Detergente C\u00e1psulas Power Antiolores 33 Lv",
        "image": "https:\/\/cdn-consum.aktiosdigitalservices.com\/tol\/consum\/media\/product\/img\/300x300\/7427334.jpg?t=20250227094837"
    },
    {
        "id": 27386,
        "name": "Tent\u00e1culo Pulpo Cocido ",
        "price": 11.6,
        "price_kilo": 52.73,
        "slug": "tentaculo-pulpo-cocido",
        "description": "Tent\u00e1culo Pulpo Cocido 220 Gr",
        "image": "https:\/\/cdn-consum.aktiosdigitalservices.com\/tol\/consum\/media\/product\/img\/300x300\/7380694.jpg?t=20250318080459"
    },
    {
        "id": 29363,
        "name": "Chorizo de Pamplona Extra GOIKOA",
        "price": 11.6,
        "price_kilo": 11.6,
        "slug": "chorizo-de-pamplona-extra",
        "description": "Chorizo de Pamplona Extra",
        "image": "https:\/\/cdn-consum.aktiosdigitalservices.com\/tol\/consum\/media\/product\/img\/300x300\/7400203.jpg?t=20250322080029"
    },
    {
        "id": 26826,
        "name": "Comida Seca Gato Buey BREKKIES",
        "price": 12.95,
        "price_kilo": 3.7,
        "slug": "comida-seca-gato-buey",
        "description": "Comida Seca Gato Buey 3,5 Kg",
        "image": "https:\/\/cdn-consum.aktiosdigitalservices.com\/tol\/consum\/media\/product\/img\/300x300\/7376986.jpg?t=20250227093740"
    },
    {
        "id": 35233,
        "name": "Diur\u00e9tico Ingredientes Naturales PROZIS",
        "price": 12.99,
        "price_kilo": 1.3,
        "slug": "diuretico-ingredientes-naturales",
        "description": "Diur\u00e9tico Ingredientes Naturales 10 U",
        "image": "https:\/\/cdn-consum.aktiosdigitalservices.com\/tol\/consum\/media\/product\/img\/300x300\/7446128.jpg?t=20250313081346"
    },
    {
        "id": 35501,
        "name": "Maquillaje Skin Tint Vit C N\u00ba3 MAYBELLINE",
        "price": 7.89,
        "price_kilo": 7.89,
        "slug": "maquillaje-skin-tint-vit-c-n3",
        "description": "Maquillaje Skin Tint Vit C N\u00ba3 1 U",
        "image": "https:\/\/cdn-consum.aktiosdigitalservices.com\/tol\/consum\/media\/product\/img\/300x300\/7447670.jpg?t=20250220081150"
    },
    {
        "id": 5232,
        "name": "Comida Seca Perros Ultima de Pollo y Verdura ULTIMA",
        "price": 13.45,
        "price_kilo": 4.48,
        "slug": "comida-seca-perros-ultima-de-pollo-y-verdura",
        "description": "Comida Seca Perros Ultima de Pollo y Verdura 3 Kg",
        "image": "https:\/\/cdn-consum.aktiosdigitalservices.com\/tol\/consum\/media\/product\/img\/300x300\/2037653.jpg?t=20250227090203"
    },
    {
        "id": 9571,
        "name": "Whisky Scotch J&B",
        "price": 12.9,
        "price_kilo": 18.43,
        "slug": "whisky-scotch",
        "description": "Whisky Scotch 0,7 L",
        "image": "https:\/\/cdn-consum.aktiosdigitalservices.com\/tol\/consum\/media\/product\/img\/300x300\/315655.jpg?t=20250314121234"
    },
    {
        "id": 30933,
        "name": "Comprimidos Mujer MULTICENTRUM",
        "price": 13.49,
        "price_kilo": 0.45,
        "slug": "comprimidos-mujer",
        "description": "Comprimidos Mujer 30 U",
        "image": "https:\/\/cdn-consum.aktiosdigitalservices.com\/tol\/consum\/media\/product\/img\/300x300\/7412872.jpg?t=20250312092823"
    },
    {
        "id": 26578,
        "name": "Detergente L\u00edquido Gel Activo COLON",
        "price": 10.25,
        "price_kilo": 0.23,
        "slug": "detergente-liquido-gel-activo",
        "description": "Detergente L\u00edquido Gel Activo 45 Lv",
        "image": "https:\/\/cdn-consum.aktiosdigitalservices.com\/tol\/consum\/media\/product\/img\/300x300\/7376221.jpg?t=20250313080833"
    },
    {
        "id": 11651,
        "name": "Tarta Bomb\u00f3n ",
        "price": 11.99,
        "price_kilo": 11.99,
        "slug": "tarta-bombon",
        "description": "Tarta Bomb\u00f3n 1 Kg",
        "image": "https:\/\/cdn-consum.aktiosdigitalservices.com\/tol\/consum\/media\/product\/img\/300x300\/7222771.jpg?t=20250227091735"
    },
    {
        "id": 11674,
        "name": "Ginebra Valenciana 69 BROSSES",
        "price": 12.5,
        "price_kilo": 17.86,
        "slug": "ginebra-valenciana",
        "description": "Ginebra Valenciana 0,7 L",
        "image": "https:\/\/cdn-consum.aktiosdigitalservices.com\/tol\/consum\/media\/product\/img\/300x300\/7232411.jpg?t=20250311164558"
    },
    {
        "id": 15656,
        "name": "Jam\u00f3n Cocido Extra Bajo Grasa Reducido Sal BIENSTAR",
        "price": 12.55,
        "price_kilo": 12.55,
        "slug": "jamon-cocido-extra-bajo-grasa-reducido-sal",
        "description": "Jam\u00f3n Cocido Extra Bajo Grasa Reducido Sal",
        "image": "https:\/\/cdn-consum.aktiosdigitalservices.com\/tol\/consum\/media\/product\/img\/300x300\/7065956.jpg?t=20250318080933"
    },
    {
        "id": 11573,
        "name": "Ron Blanco BACARDI",
        "price": 12.79,
        "price_kilo": 18.28,
        "slug": "ron-blanco",
        "description": "Ron Blanco 0,7 L",
        "image": "https:\/\/cdn-consum.aktiosdigitalservices.com\/tol\/consum\/media\/product\/img\/300x300\/7169535.jpg?t=20250312125231"
    },
    {
        "id": 25364,
        "name": "Ron Carta Negra BACARDI",
        "price": 13.99,
        "price_kilo": 19.99,
        "slug": "ron-carta-negra",
        "description": "Ron Carta Negra 0,7 L",
        "image": "https:\/\/cdn-consum.aktiosdigitalservices.com\/tol\/consum\/media\/product\/img\/300x300\/7366615.jpg?t=20250318080947"
    },
    {
        "id": 31919,
        "name": "M\u00e1scara Falsies Surreal Efecto Extensiones MAYBELLINE",
        "price": 13.99,
        "price_kilo": 13.99,
        "slug": "mascara-falsies-surreal-efecto-extensiones",
        "description": "M\u00e1scara Falsies Surreal Efecto Extensiones 1 U",
        "image": "https:\/\/cdn-consum.aktiosdigitalservices.com\/tol\/consum\/media\/product\/img\/300x300\/7421162.jpg?t=20250227094644"
    },
    {
        "id": 32157,
        "name": "M\u00e1scara Falsies Surreal Waterproof MAYBELLINE",
        "price": 13.99,
        "price_kilo": 13.99,
        "slug": "mascara-falsies-surreal-waterproof",
        "description": "M\u00e1scara Falsies Surreal Waterproof 1 U",
        "image": "https:\/\/cdn-consum.aktiosdigitalservices.com\/tol\/consum\/media\/product\/img\/300x300\/7421154.jpg?t=20250312092834"
    },
    {
        "id": 19986,
        "name": "Crema Fijadora Extra Fuerte COREGA",
        "price": 14.39,
        "price_kilo": 205.57,
        "slug": "crema-fijadora-extra-fuerte",
        "description": "Crema Fijadora Extra Fuerte 70 Gr",
        "image": "https:\/\/cdn-consum.aktiosdigitalservices.com\/tol\/consum\/media\/product\/img\/300x300\/7325426.jpg?t=20250227093020"
    },
    {
        "id": 19987,
        "name": "Tabletas Limpiadora Ox\u00edgeno Bio Activo COREGA",
        "price": 14.49,
        "price_kilo": 0.22,
        "slug": "tabletas-limpiadora-oxigeno-bio-activo",
        "description": "Tabletas Limpiadora Ox\u00edgeno Bio Activo 66 U",
        "image": "https:\/\/cdn-consum.aktiosdigitalservices.com\/tol\/consum\/media\/product\/img\/300x300\/7325439.jpg?t=20250227093024"
    },
    {
        "id": 33186,
        "name": "S\u00e9rum Power Age Men Expert L'OREAL",
        "price": 11.99,
        "price_kilo": 39.96,
        "slug": "serum-power-age-men-expert",
        "description": "S\u00e9rum Power Age Men Expert 30 ml",
        "image": "https:\/\/cdn-consum.aktiosdigitalservices.com\/tol\/consum\/media\/product\/img\/300x300\/7431062.jpg?t=20250227094931"
    },
    {
        "id": 11445,
        "name": "Whisky Scotch WHITE LABEL",
        "price": 12.69,
        "price_kilo": 18.12,
        "slug": "whisky-scotch",
        "description": "Whisky Scotch 0,7 L",
        "image": "https:\/\/cdn-consum.aktiosdigitalservices.com\/tol\/consum\/media\/product\/img\/300x300\/315663.jpg?t=20250227085832"
    },
    {
        "id": 31964,
        "name": "Lavavajillas M\u00e1quina Ultimate FINISH",
        "price": 9.99,
        "price_kilo": 0.31,
        "slug": "lavavajillas-maquina-ultimate",
        "description": "Lavavajillas M\u00e1quina Ultimate 32 U",
        "image": "https:\/\/cdn-consum.aktiosdigitalservices.com\/tol\/consum\/media\/product\/img\/300x300\/7419815.jpg?t=20250227094616"
    },
    {
        "id": 35234,
        "name": "Quemador De Grasas 60 C\u00e1psulas PROZIS",
        "price": 14.99,
        "price_kilo": 0.25,
        "slug": "quemador-de-grasas-60-capsulas",
        "description": "Quemador De Grasas 60 C\u00e1psulas 60 U",
        "image": "https:\/\/cdn-consum.aktiosdigitalservices.com\/tol\/consum\/media\/product\/img\/300x300\/7446131.jpg?t=20250313081348"
    },
    {
        "id": 20043,
        "name": "Pechuga de Pavo sin Grasa ELPOZO",
        "price": 13.95,
        "price_kilo": 13.95,
        "slug": "pechuga-de-pavo-sin-grasa",
        "description": "Pechuga de Pavo sin Grasa",
        "image": "https:\/\/cdn-consum.aktiosdigitalservices.com\/tol\/consum\/media\/product\/img\/300x300\/7107431.jpg?t=20250318080001"
    },
    {
        "id": 11462,
        "name": "Ron A\u00f1ejo Dominicano BRUGAL",
        "price": 13.5,
        "price_kilo": 19.29,
        "slug": "ron-anejo-dominicano",
        "description": "Ron A\u00f1ejo Dominicano 0,7 L",
        "image": "https:\/\/cdn-consum.aktiosdigitalservices.com\/tol\/consum\/media\/product\/img\/300x300\/429449.jpg?t=20250227085955"
    },
    {
        "id": 11566,
        "name": "Leche Continuaci\u00f3n Premium Polvo 3 NIDINA",
        "price": 15.95,
        "price_kilo": 19.94,
        "slug": "leche-continuacion-premium-polvo-3",
        "description": "Leche Continuaci\u00f3n Premium Polvo 3 800 Gr",
        "image": "https:\/\/cdn-consum.aktiosdigitalservices.com\/tol\/consum\/media\/product\/img\/300x300\/7163538.jpg?t=20250311104750"
    },
    {
        "id": 12265,
        "name": "Cacao Instant\u00e1neo Caja NESQUIK",
        "price": 13.89,
        "price_kilo": 5.14,
        "slug": "cacao-instantaneo-caja",
        "description": "Cacao Instant\u00e1neo Caja 2,7 Kg",
        "image": "https:\/\/cdn-consum.aktiosdigitalservices.com\/tol\/consum\/media\/product\/img\/300x300\/7266711.jpg?t=20250317075803"
    },
    {
        "id": 9638,
        "name": "Whisky Scotch CUTTY SARK",
        "price": 15.95,
        "price_kilo": 15.95,
        "slug": "whisky-scotch",
        "description": "Whisky Scotch 1 L",
        "image": "https:\/\/cdn-consum.aktiosdigitalservices.com\/tol\/consum\/media\/product\/img\/300x300\/7228492.jpg?t=20250312125407"
    },
    {
        "id": 11540,
        "name": "Ginebra 12 LARIOS",
        "price": 14.75,
        "price_kilo": 21.07,
        "slug": "ginebra-12",
        "description": "Ginebra 12 0,7 L",
        "image": "https:\/\/cdn-consum.aktiosdigitalservices.com\/tol\/consum\/media\/product\/img\/300x300\/7113363.jpg?t=20250227090753"
    },
    {
        "id": 11740,
        "name": "Ginebra Ros\u00e9 LARIOS",
        "price": 14.75,
        "price_kilo": 21.07,
        "slug": "ginebra-rose",
        "description": "Ginebra Ros\u00e9 0,7 L",
        "image": "https:\/\/cdn-consum.aktiosdigitalservices.com\/tol\/consum\/media\/product\/img\/300x300\/7254217.jpg?t=20250227092213"
    },
    {
        "id": 33803,
        "name": "Pa\u00f1al Extra Care Talla 3 de 6 a 10 Kilos HUGGIES",
        "price": 9.99,
        "price_kilo": 0.25,
        "slug": "panal-extra-care-talla-3-de-6-a-10-kilos",
        "description": "Pa\u00f1al Extra Care Talla 3 de 6 a 10 Kilos 40 U",
        "image": "https:\/\/cdn-consum.aktiosdigitalservices.com\/tol\/consum\/media\/product\/img\/300x300\/7434699.jpg?t=20250312161425"
    },
    {
        "id": 33804,
        "name": "Pa\u00f1al Extra Care Talla 4 de 8 a 16 Kilos HUGGIES",
        "price": 9.99,
        "price_kilo": 0.3,
        "slug": "panal-extra-care-talla-4-de-8-a-16-kilos",
        "description": "Pa\u00f1al Extra Care Talla 4 de 8 a 16 Kilos 33 U",
        "image": "https:\/\/cdn-consum.aktiosdigitalservices.com\/tol\/consum\/media\/product\/img\/300x300\/7434702.jpg?t=20250312161427"
    },
    {
        "id": 33805,
        "name": "Pa\u00f1al Extra Care Talla 5 de 11 a 25 Kilos HUGGIES",
        "price": 9.99,
        "price_kilo": 0.36,
        "slug": "panal-extra-care-talla-5-de-11-a-25-kilos",
        "description": "Pa\u00f1al Extra Care Talla 5 de 11 a 25 Kilos 28 U",
        "image": "https:\/\/cdn-consum.aktiosdigitalservices.com\/tol\/consum\/media\/product\/img\/300x300\/7434707.jpg?t=20250312161429"
    },
    {
        "id": 11475,
        "name": "Licor Almendra Amaretto DISARONNO",
        "price": 16.25,
        "price_kilo": 23.22,
        "slug": "licor-almendra-amaretto",
        "description": "Licor Almendra Amaretto 0,7 L",
        "image": "https:\/\/cdn-consum.aktiosdigitalservices.com\/tol\/consum\/media\/product\/img\/300x300\/963934.jpg?t=20250311164534"
    },
    {
        "id": 13436,
        "name": "Salchich\u00f3n Cular SOL\u00c0",
        "price": 16,
        "price_kilo": 16,
        "slug": "salchichon-cular",
        "description": "Salchich\u00f3n Cular",
        "image": "https:\/\/cdn-consum.aktiosdigitalservices.com\/tol\/consum\/media\/product\/img\/300x300\/7092240.jpg?t=20250322075838"
    },
    {
        "id": 23219,
        "name": "Crema Revitalift L\u00e1ser Antiedad Noche L'OREAL",
        "price": 15.25,
        "price_kilo": 30.5,
        "slug": "crema-revitalift-laser-antiedad-noche",
        "description": "Crema Revitalift L\u00e1ser Antiedad Noche 50 ml",
        "image": "https:\/\/cdn-consum.aktiosdigitalservices.com\/tol\/consum\/media\/product\/img\/300x300\/7347370.jpg?t=20250227093305"
    },
    {
        "id": 11471,
        "name": "Leche Continuaci\u00f3n 2 Premium Polvo NIDINA",
        "price": 17.95,
        "price_kilo": 22.44,
        "slug": "leche-continuacion-2-premium-polvo",
        "description": "Leche Continuaci\u00f3n 2 Premium Polvo 800 Gr",
        "image": "https:\/\/cdn-consum.aktiosdigitalservices.com\/tol\/consum\/media\/product\/img\/300x300\/874222.jpg?t=20250311132933"
    },
    {
        "id": 33376,
        "name": "Ginebra Beefeater Black BEEFEATER",
        "price": 18.5,
        "price_kilo": 26.43,
        "slug": "ginebra-beefeater-black",
        "description": "Ginebra Beefeater Black 0,7 L",
        "image": "https:\/\/cdn-consum.aktiosdigitalservices.com\/tol\/consum\/media\/product\/img\/300x300\/7431455.jpg?t=20250312092840"
    },
    {
        "id": 11479,
        "name": "Whisky Irland\u00e9s JAMESON",
        "price": 16.99,
        "price_kilo": 24.27,
        "slug": "whisky-irlandes",
        "description": "Whisky Irland\u00e9s 0,7 L",
        "image": "https:\/\/cdn-consum.aktiosdigitalservices.com\/tol\/consum\/media\/product\/img\/300x300\/1509207.jpg?t=20250227090150"
    },
    {
        "id": 23220,
        "name": "Crema Revitalift SPF Antiarrugas D\u00eda L'OREAL",
        "price": 16.95,
        "price_kilo": 33.9,
        "slug": "crema-revitalift-spf-antiarrugas-dia",
        "description": "Crema Revitalift SPF Antiarrugas D\u00eda 50 ml",
        "image": "https:\/\/cdn-consum.aktiosdigitalservices.com\/tol\/consum\/media\/product\/img\/300x300\/7347375.jpg?t=20250227093307"
    },
    {
        "id": 35509,
        "name": "Gamba Alistada 16-21 Piezas Caja 400G CRUZADO",
        "price": 17.9,
        "price_kilo": 44.75,
        "slug": "gamba-alistada-16-21-piezas-caja-400g",
        "description": "Gamba Alistada 16-21 Piezas Caja 400G 400 Gr",
        "image": "https:\/\/cdn-consum.aktiosdigitalservices.com\/tol\/consum\/media\/product\/img\/300x300\/7448129.jpg?t=20250318080851"
    },
    {
        "id": 10876,
        "name": "Whisky Scotch BALLANTINES",
        "price": 19.95,
        "price_kilo": 19.95,
        "slug": "whisky-scotch",
        "description": "Whisky Scotch 1 L",
        "image": "https:\/\/cdn-consum.aktiosdigitalservices.com\/tol\/consum\/media\/product\/img\/300x300\/7230514.jpg?t=20250322075934"
    },
    {
        "id": 12958,
        "name": "Vinto Tinto Gran Reserva D.O.Rioja FAUSTINO I",
        "price": 16.99,
        "price_kilo": 22.65,
        "slug": "vinto-tinto-gran-reserva-dorioja",
        "description": "Vinto Tinto Gran Reserva D.O.Rioja 0,75 L",
        "image": "https:\/\/cdn-consum.aktiosdigitalservices.com\/tol\/consum\/media\/product\/img\/300x300\/7186708.jpg?t=20250227091207"
    },
    {
        "id": 8060,
        "name": "S\u00e9rum Revitalift L\u00e1ser X3 L'OREAL",
        "price": 17.79,
        "price_kilo": 17.79,
        "slug": "serum-revitalift-laser-x3",
        "description": "S\u00e9rum Revitalift L\u00e1ser X3 1 U",
        "image": "https:\/\/cdn-consum.aktiosdigitalservices.com\/tol\/consum\/media\/product\/img\/300x300\/7248185.jpg?t=20250227092135"
    },
    {
        "id": 13488,
        "name": "Queso Reserva 12 Meses L. Pasteurizada Mezcla G.BAQUERO",
        "price": 18.99,
        "price_kilo": 18.99,
        "slug": "queso-reserva-12-meses-l-pasteurizada-mezcla",
        "description": "Queso Reserva 12 Meses L. Pasteurizada Mezcla",
        "image": "https:\/\/cdn-consum.aktiosdigitalservices.com\/tol\/consum\/media\/product\/img\/300x300\/7221166.jpg?t=20250322075926"
    },
    {
        "id": 31031,
        "name": "Aceite de Oliva Virgen Extra ACESUR",
        "price": 17.95,
        "price_kilo": 5.98,
        "slug": "aceite-de-oliva-virgen-extra",
        "description": "Aceite de Oliva Virgen Extra 3 L",
        "image": "https:\/\/cdn-consum.aktiosdigitalservices.com\/tol\/consum\/media\/product\/img\/300x300\/7413045.jpg?t=20250322080038"
    },
    {
        "id": 29648,
        "name": "Whisky Scotch 10 A\u00f1os BALLANTINES",
        "price": 22.5,
        "price_kilo": 32.14,
        "slug": "whisky-scotch-10-anos",
        "description": "Whisky Scotch 10 A\u00f1os 0,7 L",
        "image": "https:\/\/cdn-consum.aktiosdigitalservices.com\/tol\/consum\/media\/product\/img\/300x300\/7403038.jpg?t=20250312092819"
    },
    {
        "id": 12964,
        "name": "Ron Especial 7 A\u00f1os HAVANA CLUB",
        "price": 21,
        "price_kilo": 30,
        "slug": "ron-especial-7-anos",
        "description": "Ron Especial 7 A\u00f1os 0,7 L",
        "image": "https:\/\/cdn-consum.aktiosdigitalservices.com\/tol\/consum\/media\/product\/img\/300x300\/7188329.jpg?t=20250311164551"
    },
    {
        "id": 25931,
        "name": "Jam\u00f3n Gran Reserva Reducido en Sal 25% BOADAS",
        "price": 22.4,
        "price_kilo": 22.4,
        "slug": "jamon-gran-reserva-reducido-en-sal-25",
        "description": "Jam\u00f3n Gran Reserva Reducido en Sal 25%",
        "image": "https:\/\/cdn-consum.aktiosdigitalservices.com\/tol\/consum\/media\/product\/img\/300x300\/7370476.jpg?t=20250322080012"
    },
    {
        "id": 12841,
        "name": "Vino Tinto Crianza D.O.Ribera del Duero MATARROMERA",
        "price": 23.8,
        "price_kilo": 31.73,
        "slug": "vino-tinto-crianza-doribera-del-duero",
        "description": "Vino Tinto Crianza D.O.Ribera del Duero 0,75 L",
        "image": "https:\/\/cdn-consum.aktiosdigitalservices.com\/tol\/consum\/media\/product\/img\/300x300\/7078710.jpg?t=20250227090613"
    },
    {
        "id": 13402,
        "name": "Longaniza de Pay\u00e9s ARGAL",
        "price": 22.95,
        "price_kilo": 22.95,
        "slug": "longaniza-de-payes",
        "description": "media pieza 250 gr aprox.",
        "image": "https:\/\/cdn-consum.aktiosdigitalservices.com\/tol\/consum\/media\/product\/img\/300x300\/4481834.jpg?t=20250322075753"
    },
    {
        "id": 11439,
        "name": "Brandy Reserva CARLOS I",
        "price": 25.49,
        "price_kilo": 36.42,
        "slug": "brandy-reserva",
        "description": "Brandy Reserva 0,7 L",
        "image": "https:\/\/cdn-consum.aktiosdigitalservices.com\/tol\/consum\/media\/product\/img\/300x300\/315283.jpg?t=20250227085815"
    },
    {
        "id": 13871,
        "name": "Ginebra NORD\u00c9S",
        "price": 25.69,
        "price_kilo": 36.7,
        "slug": "ginebra",
        "description": "Ginebra 0,7 L",
        "image": "https:\/\/cdn-consum.aktiosdigitalservices.com\/tol\/consum\/media\/product\/img\/300x300\/7276368.jpg?t=20250318080237"
    },
    {
        "id": 13446,
        "name": "Queso Oveja Reserva Leche Cruda 8 Meses BOFFARD",
        "price": 23.75,
        "price_kilo": 23.75,
        "slug": "queso-oveja-reserva-leche-cruda-8-meses",
        "description": "Queso Oveja Reserva Leche Cruda 8 Meses",
        "image": "https:\/\/cdn-consum.aktiosdigitalservices.com\/tol\/consum\/media\/product\/img\/300x300\/7135213.jpg?t=20250320075833"
    },
    {
        "id": 11441,
        "name": "Whisky Regal Scotch Premiun 12 A\u00f1os CHIVAS",
        "price": 27.99,
        "price_kilo": 39.99,
        "slug": "whisky-regal-scotch-premiun-12-anos",
        "description": "Whisky Regal Scotch Premiun 12 A\u00f1os 0,7 L",
        "image": "https:\/\/cdn-consum.aktiosdigitalservices.com\/tol\/consum\/media\/product\/img\/300x300\/315515.jpg?t=20250313075758"
    },
    {
        "id": 24183,
        "name": "Rodaballo Entero o Mitades ",
        "price": 39.88,
        "price_kilo": 15.95,
        "slug": "rodaballo-entero-o-mitades",
        "description": "Rodaballo Entero o Mitadas - Entero 2 kg aprox",
        "image": "https:\/\/cdn-consum.aktiosdigitalservices.com\/tol\/consum\/media\/product\/img\/300x300\/7324895.jpg?t=20250320080112"
    },
    {
        "id": 24556,
        "name": "Paleta Cebo de Campo 50% Ib\u00e9rico 12 Meses MONTARAZ",
        "price": 49.2,
        "price_kilo": 49.2,
        "slug": "paleta-cebo-de-campo-50-iberico-12-meses",
        "description": "Paleta Cebo de Campo 50% Ib\u00e9rico 12 Meses",
        "image": "https:\/\/cdn-consum.aktiosdigitalservices.com\/tol\/consum\/media\/product\/img\/300x300\/7002777.jpg?t=20250321075734"
    },
    {
        "id": 21624,
        "name": "Mojama Extra ANGOMAR",
        "price": 56.5,
        "price_kilo": 56.5,
        "slug": "mojama-extra",
        "description": "Mojama Extra",
        "image": "https:\/\/cdn-consum.aktiosdigitalservices.com\/tol\/consum\/media\/product\/img\/300x300\/3085552.jpg?t=20250319075716"
    },
    {
        "id": 23175,
        "name": "Jam\u00f3n Cebo 50% Ib\u00e9rico Peso Aproximado 7,5 kg LEGADO",
        "price": 145,
        "price_kilo": 19.34,
        "slug": "jamon-cebo-50-iberico-peso-aproximado-75-kg",
        "description": "Jam\u00f3n Cebo 50% Ib\u00e9rico Peso Aproximado 7,5 kg",
        "image": "https:\/\/cdn-consum.aktiosdigitalservices.com\/tol\/consum\/media\/product\/img\/300x300\/7224699.jpg?t=20250227091748"
    },
    {
        "id": 32563,
        "name": "S\u00e9rum Arg\u00e1n KYREY",
        "price": 4.65,
        "price_kilo": 4.65,
        "slug": "serum-argan",
        "description": "S\u00e9rum Arg\u00e1n 100 ml",
        "image": "https:\/\/cdn-consum.aktiosdigitalservices.com\/tol\/consum\/media\/product\/img\/300x300\/7398857.jpg?t=20250318080956"
    },
    {
        "id": 43036,
        "name": "Delicias Aguinaga S\/Gluten Pack de 2 und AGUINAGA",
        "price": 1.99,
        "price_kilo": 9.95,
        "slug": "delicias-aguinaga-s-gluten-pack-de-2-und",
        "description": "Delicias Aguinaga S\/Gluten Pack de 2 und 2 x 100 Gr",
        "image": "https:\/\/cdn-consum.aktiosdigitalservices.com\/tol\/consum\/media\/product\/img\/300x300\/7444909.jpg?t=20250318081019"
    },
    {
        "id": 34009,
        "name": "Lomito Salm\u00f3n Congelado CONSUM",
        "price": 7.99,
        "price_kilo": 39.95,
        "slug": "lomito-salmon-congelado",
        "description": "Lomito Salm\u00f3n Congelado 200 Gr",
        "image": "https:\/\/cdn-consum.aktiosdigitalservices.com\/tol\/consum\/media\/product\/img\/300x300\/7437317.jpg?t=20250318081009"
    },
    {
        "id": 31410,
        "name": "Crema Hidratante 24 Horas KYREY MEN",
        "price": 2.95,
        "price_kilo": 5.9,
        "slug": "crema-hidratante-24-horas",
        "description": "Crema Hidratante 24 Horas 50 ml",
        "image": "https:\/\/cdn-consum.aktiosdigitalservices.com\/tol\/consum\/media\/product\/img\/300x300\/7392327.jpg?t=20250318080954"
    },
    {
        "id": 32770,
        "name": "Crema Antiarrugas SPF 10 KYREY MEN",
        "price": 4.95,
        "price_kilo": 9.9,
        "slug": "crema-antiarrugas-spf-10",
        "description": "Crema Antiarrugas SPF 10 50 ml",
        "image": "https:\/\/cdn-consum.aktiosdigitalservices.com\/tol\/consum\/media\/product\/img\/300x300\/7392330.jpg?t=20250318080954"
    },
    {
        "id": 26584,
        "name": "Detergente L\u00edquido Prendas Oscuras CONSUM",
        "price": 4,
        "price_kilo": 0.13,
        "slug": "detergente-liquido-prendas-oscuras",
        "description": "Detergente L\u00edquido Prendas Oscuras 30 Lv",
        "image": "https:\/\/cdn-consum.aktiosdigitalservices.com\/tol\/consum\/media\/product\/img\/300x300\/7351166.jpg?t=20241217081158"
    },
    {
        "id": 5743,
        "name": "Spaghetti Paquete CONSUM",
        "price": 0.8,
        "price_kilo": 1.6,
        "slug": "spaghetti-paquete",
        "description": "Spaghetti Paquete 500 Gr",
        "image": "https:\/\/cdn-consum.aktiosdigitalservices.com\/tol\/consum\/media\/product\/img\/300x300\/7060536.jpg?t=20250319075750"
    },
    {
        "id": 5939,
        "name": "Sal para Horneados Bolsa CONSUM",
        "price": 1.25,
        "price_kilo": 0.63,
        "slug": "sal-para-horneados-bolsa",
        "description": "Sal para Horneados Bolsa 2000 Gr",
        "image": "https:\/\/cdn-consum.aktiosdigitalservices.com\/tol\/consum\/media\/product\/img\/300x300\/7080765.jpg?t=20250322075836"
    },
    {
        "id": 5968,
        "name": "Cocktail Aceitunas y Pepinillos Frasco CONSUM",
        "price": 3.1,
        "price_kilo": 6.2,
        "slug": "cocktail-aceitunas-y-pepinillos-frasco",
        "description": "Cocktail Aceitunas y Pepinillos Frasco 500 Gr",
        "image": "https:\/\/cdn-consum.aktiosdigitalservices.com\/tol\/consum\/media\/product\/img\/300x300\/7083350.jpg?t=20250318075941"
    },
    {
        "id": 8573,
        "name": "N\u00e9ctar Pi\u00f1a Light Pack de 6 CONSUM",
        "price": 1.5,
        "price_kilo": 1.25,
        "slug": "nectar-pina-light-pack-de-6",
        "description": "N\u00e9ctar Pi\u00f1a Light Pack de 6 6 x 0,2 L",
        "image": "https:\/\/cdn-consum.aktiosdigitalservices.com\/tol\/consum\/media\/product\/img\/300x300\/7118594.jpg?t=20250321075802"
    },
    {
        "id": 9153,
        "name": "Cono Vainilla Caramelo Pack de 6 Unidades CONSUM",
        "price": 2.25,
        "price_kilo": 5.21,
        "slug": "cono-vainilla-caramelo-pack-de-6-unidades",
        "description": "Cono Vainilla Caramelo Pack de 6 Unidades 432 Gr",
        "image": "https:\/\/cdn-consum.aktiosdigitalservices.com\/tol\/consum\/media\/product\/img\/300x300\/7149417.jpg?t=20250318080014"
    },
    {
        "id": 9243,
        "name": "Aceitunas Manzanilla sin Hueso en Frasco CONSUM",
        "price": 2.79,
        "price_kilo": 6.98,
        "slug": "aceitunas-manzanilla-sin-hueso-en-frasco",
        "description": "Aceitunas Manzanilla sin Hueso en Frasco 400 Gr",
        "image": "https:\/\/cdn-consum.aktiosdigitalservices.com\/tol\/consum\/media\/product\/img\/300x300\/7047483.jpg?t=20250318075921"
    },
    {
        "id": 9744,
        "name": "Magdalenas Redondas CONSUM",
        "price": 1.39,
        "price_kilo": 3.86,
        "slug": "magdalenas-redondas",
        "description": "Magdalenas Redondas 350 Gr",
        "image": "https:\/\/cdn-consum.aktiosdigitalservices.com\/tol\/consum\/media\/product\/img\/300x300\/7069776.jpg?t=20250320075806"
    },
    {
        "id": 21896,
        "name": "Jab\u00f3n de Manos L\u00edquido Avena KYREY",
        "price": 1.4,
        "price_kilo": 0.28,
        "slug": "jabon-de-manos-liquido-avena",
        "description": "Jab\u00f3n de Manos L\u00edquido Avena 500 ml",
        "image": "https:\/\/cdn-consum.aktiosdigitalservices.com\/tol\/consum\/media\/product\/img\/300x300\/7318793.jpg?t=20250206093732"
    },
    {
        "id": 25903,
        "name": "Comida H\u00fameda Gatos Rico en Buey VITALITY",
        "price": 0.45,
        "price_kilo": 4.5,
        "slug": "comida-humeda-gatos-rico-en-buey",
        "description": "Comida H\u00fameda Gatos Rico en Buey 100 Gr",
        "image": "https:\/\/cdn-consum.aktiosdigitalservices.com\/tol\/consum\/media\/product\/img\/300x300\/7353717.jpg?t=20250318080945"
    },
    {
        "id": 25946,
        "name": "Pa\u00f1al Talla 6 CONSUM KIDS",
        "price": 7.75,
        "price_kilo": 0.29,
        "slug": "panal-talla-6",
        "description": "Pa\u00f1al Talla 6 27 U",
        "image": "https:\/\/cdn-consum.aktiosdigitalservices.com\/tol\/consum\/media\/product\/img\/300x300\/7352354.jpg?t=20250318080944"
    },
    {
        "id": 26807,
        "name": "Bastoncillos Algod\u00f3n KYREY",
        "price": 0.9,
        "price_kilo": 0.01,
        "slug": "bastoncillos-algodon",
        "description": "Bastoncillos Algod\u00f3n 200 U",
        "image": "https:\/\/cdn-consum.aktiosdigitalservices.com\/tol\/consum\/media\/product\/img\/300x300\/7368327.jpg?t=20250109112332"
    },
    {
        "id": 26851,
        "name": "Galletas Animals CONSUM",
        "price": 1.65,
        "price_kilo": 5,
        "slug": "galletas-animals",
        "description": "Galletas Animals 330 Gr",
        "image": "https:\/\/cdn-consum.aktiosdigitalservices.com\/tol\/consum\/media\/product\/img\/300x300\/7259893.jpg?t=20250313080357"
    },
    {
        "id": 27076,
        "name": "Desodorante Spray Wild KYREY",
        "price": 1.99,
        "price_kilo": 1,
        "slug": "desodorante-spray-wild",
        "description": "Desodorante Spray Wild 200 ml",
        "image": "https:\/\/cdn-consum.aktiosdigitalservices.com\/tol\/consum\/media\/product\/img\/300x300\/7346000.jpg?t=20241217081155"
    },
    {
        "id": 27214,
        "name": "Detergente L\u00edquido Prendas Delicadas CONSUM",
        "price": 2.09,
        "price_kilo": 0.04,
        "slug": "detergente-liquido-prendas-delicadas",
        "description": "Detergente L\u00edquido Prendas Delicadas 50 Lv",
        "image": "https:\/\/cdn-consum.aktiosdigitalservices.com\/tol\/consum\/media\/product\/img\/300x300\/7351161.jpg?t=20250227093342"
    },
    {
        "id": 27413,
        "name": "Toallitas Kids Frescura y Limpieza CONSUM KIDS",
        "price": 1.05,
        "price_kilo": 0.01,
        "slug": "toallitas-kids-frescura-y-limpieza",
        "description": "Toallitas Kids Frescura y Limpieza 80 U",
        "image": "https:\/\/cdn-consum.aktiosdigitalservices.com\/tol\/consum\/media\/product\/img\/300x300\/7369312.jpg?t=20241217081214"
    },
    {
        "id": 27414,
        "name": "Salsa Napolitana Frasco CONSUM",
        "price": 1.55,
        "price_kilo": 5.17,
        "slug": "salsa-napolitana-frasco",
        "description": "Salsa Napolitana Frasco 300 Gr",
        "image": "https:\/\/cdn-consum.aktiosdigitalservices.com\/tol\/consum\/media\/product\/img\/300x300\/7372167.jpg?t=20241217081215"
    },
    {
        "id": 27475,
        "name": "Salsa Tomate Albahaca y Or\u00e9gano CONSUM",
        "price": 1.45,
        "price_kilo": 4.83,
        "slug": "salsa-tomate-albahaca-y-oregano",
        "description": "Salsa Tomate Albahaca y Or\u00e9gano 300 Gr",
        "image": "https:\/\/cdn-consum.aktiosdigitalservices.com\/tol\/consum\/media\/product\/img\/300x300\/7372170.jpg?t=20241217081215"
    },
    {
        "id": 27754,
        "name": "Palomitas Microondas Sal Bolsa CONSUM",
        "price": 1,
        "price_kilo": 3.7,
        "slug": "palomitas-microondas-sal-bolsa",
        "description": "Palomitas Microondas Sal Bolsa 3 x 90 Gr",
        "image": "https:\/\/cdn-consum.aktiosdigitalservices.com\/tol\/consum\/media\/product\/img\/300x300\/7377786.jpg?t=20250313080837"
    },
    {
        "id": 28174,
        "name": "Crema Manos Soja Karit\u00e9 Repara y Unifica el Tono KYREY",
        "price": 0.99,
        "price_kilo": 0.99,
        "slug": "crema-manos-soja-karite-repara-y-unifica-el-tono",
        "description": "Crema Manos Soja Karit\u00e9 Repara y Unifica el Tono 100 ml",
        "image": "https:\/\/cdn-consum.aktiosdigitalservices.com\/tol\/consum\/media\/product\/img\/300x300\/7364461.jpg?t=20250311164617"
    },
    {
        "id": 28175,
        "name": "Crema Manos Urea 5% Pieles Muy Secas KYREY",
        "price": 1.25,
        "price_kilo": 1.25,
        "slug": "crema-manos-urea-5-pieles-muy-secas",
        "description": "Crema Manos Urea 5% Pieles Muy Secas 100 ml",
        "image": "https:\/\/cdn-consum.aktiosdigitalservices.com\/tol\/consum\/media\/product\/img\/300x300\/7373736.jpg?t=20250227093653"
    },
    {
        "id": 28444,
        "name": "Alubias con Chorizo Lata CONSUM",
        "price": 1.35,
        "price_kilo": 3.21,
        "slug": "alubias-con-chorizo-lata",
        "description": "Alubias con Chorizo Lata 420 Gr",
        "image": "https:\/\/cdn-consum.aktiosdigitalservices.com\/tol\/consum\/media\/product\/img\/300x300\/7384428.jpg?t=20241217081224"
    },
    {
        "id": 28445,
        "name": "Garbanzos con Chorizo Lata CONSUM",
        "price": 1.35,
        "price_kilo": 3.21,
        "slug": "garbanzos-con-chorizo-lata",
        "description": "Garbanzos con Chorizo Lata 420 Gr",
        "image": "https:\/\/cdn-consum.aktiosdigitalservices.com\/tol\/consum\/media\/product\/img\/300x300\/7384431.jpg?t=20241217081224"
    },
    {
        "id": 28691,
        "name": "Lentejas a la Jardinera Bote CONSUM",
        "price": 1.22,
        "price_kilo": 2.84,
        "slug": "lentejas-a-la-jardinera-bote",
        "description": "Lentejas a la Jardinera Bote 430 Gr",
        "image": "https:\/\/cdn-consum.aktiosdigitalservices.com\/tol\/consum\/media\/product\/img\/300x300\/7385172.jpg?t=20241225075916"
    },
    {
        "id": 29207,
        "name": "Croqueta de Jam\u00f3n CONSUM",
        "price": 1.25,
        "price_kilo": 2.5,
        "slug": "croqueta-de-jamon",
        "description": "Croqueta de Jam\u00f3n 500 Gr",
        "image": "https:\/\/cdn-consum.aktiosdigitalservices.com\/tol\/consum\/media\/product\/img\/300x300\/7395440.jpg?t=20241217081233"
    },
    {
        "id": 29208,
        "name": "Croqueta Pollo congelada CONSUM",
        "price": 1.59,
        "price_kilo": 3.18,
        "slug": "croqueta-pollo-congelada",
        "description": "Croqueta Pollo congelada 500 Gr",
        "image": "https:\/\/cdn-consum.aktiosdigitalservices.com\/tol\/consum\/media\/product\/img\/300x300\/7395445.jpg?t=20250227094052"
    },
    {
        "id": 29244,
        "name": "At\u00fan Claro Lomos en Aceite de Oliva CONSUM",
        "price": 3.49,
        "price_kilo": 26.85,
        "slug": "atun-claro-lomos-en-aceite-de-oliva",
        "description": "At\u00fan Claro Lomos en Aceite de Oliva 130 Gr",
        "image": "https:\/\/cdn-consum.aktiosdigitalservices.com\/tol\/consum\/media\/product\/img\/300x300\/7369887.jpg?t=20241217081214"
    },
    {
        "id": 29958,
        "name": "Jam\u00f3n Cocido Extra Corte Charcuter\u00eda CONSUM",
        "price": 2.41,
        "price_kilo": 12.05,
        "slug": "jamon-cocido-extra-corte-charcuteria",
        "description": "Jam\u00f3n Cocido Extra Corte Charcuter\u00eda 200 Gr",
        "image": "https:\/\/cdn-consum.aktiosdigitalservices.com\/tol\/consum\/media\/product\/img\/300x300\/7367787.jpg?t=20241217081213"
    },
    {
        "id": 29963,
        "name": "Tajada Sandia CONSUM",
        "price": 0.89,
        "price_kilo": 5.93,
        "slug": "tajada-sandia",
        "description": "Tajada Sandia 150 Gr",
        "image": "https:\/\/cdn-consum.aktiosdigitalservices.com\/tol\/consum\/media\/product\/img\/300x300\/7390342.jpg?t=20250311125128"
    },
    {
        "id": 29964,
        "name": "Mix Regaliz CONSUM",
        "price": 0.89,
        "price_kilo": 5.93,
        "slug": "mix-regaliz",
        "description": "Mix Regaliz 150 Gr",
        "image": "https:\/\/cdn-consum.aktiosdigitalservices.com\/tol\/consum\/media\/product\/img\/300x300\/7390354.jpg?t=20250311125133"
    },
    {
        "id": 30046,
        "name": "Salteado Setas congelado CONSUM",
        "price": 1.65,
        "price_kilo": 3.67,
        "slug": "salteado-setas-congelado",
        "description": "Salteado Setas congelado 450 Gr",
        "image": "https:\/\/cdn-consum.aktiosdigitalservices.com\/tol\/consum\/media\/product\/img\/300x300\/7392509.jpg?t=20250321075949"
    },
    {
        "id": 30115,
        "name": "Caf\u00e9 Intenso 16 C\u00e1psulas CONSUM",
        "price": 3.3,
        "price_kilo": 0.21,
        "slug": "cafe-intenso-16-capsulas",
        "description": "Caf\u00e9 Intenso 16 C\u00e1psulas 16 U",
        "image": "https:\/\/cdn-consum.aktiosdigitalservices.com\/tol\/consum\/media\/product\/img\/300x300\/7404481.jpg?t=20250311134627"
    },
    {
        "id": 30288,
        "name": "Quitamanchas en Spray CONSUM",
        "price": 1.79,
        "price_kilo": 2.49,
        "slug": "quitamanchas-en-spray",
        "description": "Quitamanchas en Spray 720 ml",
        "image": "https:\/\/cdn-consum.aktiosdigitalservices.com\/tol\/consum\/media\/product\/img\/300x300\/7405160.jpg?t=20250312130101"
    },
    {
        "id": 30373,
        "name": "Papel de Horno CONSUM",
        "price": 1.7,
        "price_kilo": 0.06,
        "slug": "papel-de-horno",
        "description": "Papel de Horno 30 U",
        "image": "https:\/\/cdn-consum.aktiosdigitalservices.com\/tol\/consum\/media\/product\/img\/300x300\/7403942.jpg?t=20241217081241"
    },
    {
        "id": 30398,
        "name": "Tortellini Pollo Bacon CONSUM",
        "price": 1.8,
        "price_kilo": 7.2,
        "slug": "tortellini-pollo-bacon",
        "description": "Tortellini Pollo Bacon 250 Gr",
        "image": "https:\/\/cdn-consum.aktiosdigitalservices.com\/tol\/consum\/media\/product\/img\/300x300\/7395721.jpg?t=20250103082332"
    },
    {
        "id": 30470,
        "name": "Salteado de Ajetes Esp\u00e1rragos y Gambas CONSUM",
        "price": 2.79,
        "price_kilo": 6.2,
        "slug": "salteado-de-ajetes-esparragos-y-gambas",
        "description": "Salteado de Ajetes Esp\u00e1rragos y Gambas 450 Gr",
        "image": "https:\/\/cdn-consum.aktiosdigitalservices.com\/tol\/consum\/media\/product\/img\/300x300\/7408839.jpg?t=20241217081247"
    },
    {
        "id": 30501,
        "name": "Mayonesa Tarro CONSUM",
        "price": 0.99,
        "price_kilo": 4.4,
        "slug": "mayonesa-tarro",
        "description": "Mayonesa Tarro 225 ml",
        "image": "https:\/\/cdn-consum.aktiosdigitalservices.com\/tol\/consum\/media\/product\/img\/300x300\/7399301.jpg?t=20250212080211"
    },
    {
        "id": 30822,
        "name": "Alcohol De Romero KYREY PHARMA",
        "price": 1.99,
        "price_kilo": 0.8,
        "slug": "alcohol-de-romero",
        "description": "Alcohol De Romero 250 ml",
        "image": "https:\/\/cdn-consum.aktiosdigitalservices.com\/tol\/consum\/media\/product\/img\/300x300\/7398589.jpg?t=20241217081237"
    },
    {
        "id": 30899,
        "name": "Chocolate Negro 72% Cacao con Naranja CONSUM",
        "price": 1.85,
        "price_kilo": 18.5,
        "slug": "chocolate-negro-72-cacao-con-naranja",
        "description": "Chocolate Negro 72% Cacao con Naranja 100 Gr",
        "image": "https:\/\/cdn-consum.aktiosdigitalservices.com\/tol\/consum\/media\/product\/img\/300x300\/7383615.jpg?t=20250311134449"
    },
    {
        "id": 30941,
        "name": "Compresas Ultra Dry S\u00faper Con Alas KYREY",
        "price": 1.19,
        "price_kilo": 0.1,
        "slug": "compresas-ultra-dry-super-con-alas",
        "description": "Compresas Ultra Dry S\u00faper Con Alas 12 U",
        "image": "https:\/\/cdn-consum.aktiosdigitalservices.com\/tol\/consum\/media\/product\/img\/300x300\/7388031.jpg?t=20241217081226"
    },
    {
        "id": 30942,
        "name": "Compresas Ultra Noche Con Alas KYREY",
        "price": 1.29,
        "price_kilo": 0.13,
        "slug": "compresas-ultra-noche-con-alas",
        "description": "Compresas Ultra Noche Con Alas 10 U",
        "image": "https:\/\/cdn-consum.aktiosdigitalservices.com\/tol\/consum\/media\/product\/img\/300x300\/7388036.jpg?t=20241217081226"
    },
    {
        "id": 30991,
        "name": "Espuma De Afeitar Pieles Normales KYREY MEN",
        "price": 1.55,
        "price_kilo": 0.52,
        "slug": "espuma-de-afeitar-pieles-normales",
        "description": "Espuma De Afeitar Pieles Normales 300 ml",
        "image": "https:\/\/cdn-consum.aktiosdigitalservices.com\/tol\/consum\/media\/product\/img\/300x300\/7392764.jpg?t=20250304113631"
    },
    {
        "id": 30992,
        "name": "Gel Afeitar Pieles Sensibles KYREY MEN",
        "price": 1.75,
        "price_kilo": 0.88,
        "slug": "gel-afeitar-pieles-sensibles",
        "description": "Gel Afeitar Pieles Sensibles 200 ml",
        "image": "https:\/\/cdn-consum.aktiosdigitalservices.com\/tol\/consum\/media\/product\/img\/300x300\/7392769.jpg?t=20250312092813"
    },
    {
        "id": 31070,
        "name": "Salsa Mexicana Tarro CONSUM",
        "price": 1.69,
        "price_kilo": 5.54,
        "slug": "salsa-mexicana-tarro",
        "description": "Salsa Mexicana Tarro 305 Gr",
        "image": "https:\/\/cdn-consum.aktiosdigitalservices.com\/tol\/consum\/media\/product\/img\/300x300\/7391824.jpg?t=20241221080223"
    },
    {
        "id": 31202,
        "name": "Esponja Flor KYREY",
        "price": 0.85,
        "price_kilo": 0.85,
        "slug": "esponja-flor",
        "description": "Esponja Flor 1 U",
        "image": "https:\/\/cdn-consum.aktiosdigitalservices.com\/tol\/consum\/media\/product\/img\/300x300\/7406960.jpg?t=20241217081246"
    },
    {
        "id": 31206,
        "name": "Proteico Natural 0%0% Plus CONSUM",
        "price": 1.59,
        "price_kilo": 3.18,
        "slug": "proteico-natural-00-plus",
        "description": "Proteico Natural 0%0% Plus 500 Gr - Refrigerado",
        "image": "https:\/\/cdn-consum.aktiosdigitalservices.com\/tol\/consum\/media\/product\/img\/300x300\/7414167.jpg?t=20250103082450"
    },
    {
        "id": 31244,
        "name": "Pastillas Lavavajillas Todo en 1 CONSUM",
        "price": 2.95,
        "price_kilo": 0.1,
        "slug": "pastillas-lavavajillas-todo-en-1",
        "description": "Pastillas Lavavajillas Todo en 1 30 Do",
        "image": "https:\/\/cdn-consum.aktiosdigitalservices.com\/tol\/consum\/media\/product\/img\/300x300\/7392462.jpg?t=20241217081230"
    },
    {
        "id": 31321,
        "name": "Leche Solar FP 50+ KYREY",
        "price": 6.5,
        "price_kilo": 2.6,
        "slug": "leche-solar-fp-50",
        "description": "Leche Solar FP 50+ 250 ml",
        "image": "https:\/\/cdn-consum.aktiosdigitalservices.com\/tol\/consum\/media\/product\/img\/300x300\/7393754.jpg?t=20250312092815"
    },
    {
        "id": 31414,
        "name": "Spray Solar Ni\u00f1os FP50+ CONSUM KIDS",
        "price": 6.5,
        "price_kilo": 2.6,
        "slug": "spray-solar-ninos-fp50",
        "description": "Spray Solar Ni\u00f1os FP50+ 250 ml",
        "image": "https:\/\/cdn-consum.aktiosdigitalservices.com\/tol\/consum\/media\/product\/img\/300x300\/7393775.jpg?t=20250312092816"
    },
    {
        "id": 31463,
        "name": "Tempura Verduras CONSUM",
        "price": 2.69,
        "price_kilo": 6.73,
        "slug": "tempura-verduras",
        "description": "Tempura Verduras 400 Gr",
        "image": "https:\/\/cdn-consum.aktiosdigitalservices.com\/tol\/consum\/media\/product\/img\/300x300\/7408763.jpg?t=20250206095736"
    },
    {
        "id": 31537,
        "name": "Laca Normal KYREY",
        "price": 2,
        "price_kilo": 0.5,
        "slug": "laca-normal",
        "description": "Laca Normal 400 ml",
        "image": "https:\/\/cdn-consum.aktiosdigitalservices.com\/tol\/consum\/media\/product\/img\/300x300\/7402928.jpg?t=20241217081241"
    },
    {
        "id": 31539,
        "name": "Yogur Griego con Nueces Azucarado CONSUM",
        "price": 1.5,
        "price_kilo": 3,
        "slug": "yogur-griego-con-nueces-azucarado",
        "description": "Yogur Griego con Nueces Azucarado 4 x 125 Gr",
        "image": "https:\/\/cdn-consum.aktiosdigitalservices.com\/tol\/consum\/media\/product\/img\/300x300\/7406437.jpg?t=20241223080500"
    },
    {
        "id": 31593,
        "name": "Desmaquillante Con Aloe Ojos y Labios KYREY",
        "price": 2.65,
        "price_kilo": 1.33,
        "slug": "desmaquillante-con-aloe-ojos-y-labios",
        "description": "Desmaquillante Con Aloe Ojos y Labios 200 ml",
        "image": "https:\/\/cdn-consum.aktiosdigitalservices.com\/tol\/consum\/media\/product\/img\/300x300\/7406122.jpg?t=20241217081244"
    },
    {
        "id": 32296,
        "name": "Caf\u00e9 Intenso 20 C\u00e1psulas CONSUM",
        "price": 3.65,
        "price_kilo": 0.18,
        "slug": "cafe-intenso-20-capsulas",
        "description": "Caf\u00e9 Intenso 20 C\u00e1psulas 20 U",
        "image": "https:\/\/cdn-consum.aktiosdigitalservices.com\/tol\/consum\/media\/product\/img\/300x300\/7407690.jpg?t=20250312092820"
    },
    {
        "id": 32300,
        "name": "Pistacho Tostado con C\u00e1scara y sin Sal CONSUM",
        "price": 3.55,
        "price_kilo": 14.2,
        "slug": "pistacho-tostado-con-cascara-y-sin-sal",
        "description": "Pistacho Tostado con C\u00e1scara y sin Sal 250 Gr",
        "image": "https:\/\/cdn-consum.aktiosdigitalservices.com\/tol\/consum\/media\/product\/img\/300x300\/7410061.jpg?t=20250311112318"
    },
    {
        "id": 32354,
        "name": "Mascarilla Arg\u00e1n KYREY",
        "price": 1.65,
        "price_kilo": 0.66,
        "slug": "mascarilla-argan",
        "description": "Mascarilla Arg\u00e1n 250 ml",
        "image": "https:\/\/cdn-consum.aktiosdigitalservices.com\/tol\/consum\/media\/product\/img\/300x300\/7398852.jpg?t=20241217081238"
    },
    {
        "id": 32357,
        "name": "Champ\u00fa Hidratante KYREY",
        "price": 1.8,
        "price_kilo": 0.45,
        "slug": "champu-hidratante",
        "description": "Champ\u00fa Hidratante 400 ml",
        "image": "https:\/\/cdn-consum.aktiosdigitalservices.com\/tol\/consum\/media\/product\/img\/300x300\/7398886.jpg?t=20241217081238"
    },
    {
        "id": 32392,
        "name": "Champ\u00fa Anticaspa Mentol KYREY",
        "price": 2.55,
        "price_kilo": 0.64,
        "slug": "champu-anticaspa-mentol",
        "description": "Champ\u00fa Anticaspa Mentol 400 ml",
        "image": "https:\/\/cdn-consum.aktiosdigitalservices.com\/tol\/consum\/media\/product\/img\/300x300\/7398865.jpg?t=20250114084554"
    },
    {
        "id": 32443,
        "name": "Caf\u00e9 Descafeinado 20 c\u00e1psulas CONSUM",
        "price": 3.65,
        "price_kilo": 0.18,
        "slug": "cafe-descafeinado-20-capsulas",
        "description": "Caf\u00e9 Descafeinado 20 c\u00e1psulas 20 U",
        "image": "https:\/\/cdn-consum.aktiosdigitalservices.com\/tol\/consum\/media\/product\/img\/300x300\/7407711.jpg?t=20250311112250"
    },
    {
        "id": 32840,
        "name": "Patatas Fritas Extra crujientes CONSUM",
        "price": 1.59,
        "price_kilo": 8.83,
        "slug": "patatas-fritas-extra-crujientes",
        "description": "Patatas Fritas Extra crujientes Aceite girasol 180 Gr",
        "image": "https:\/\/cdn-consum.aktiosdigitalservices.com\/tol\/consum\/media\/product\/img\/300x300\/7411858.jpg?t=20250312092823"
    },
    {
        "id": 32863,
        "name": "Pizza Barbacoa CONSUM",
        "price": 2.5,
        "price_kilo": 7.14,
        "slug": "pizza-barbacoa",
        "description": "Pizza Barbacoa 350 Gr",
        "image": "https:\/\/cdn-consum.aktiosdigitalservices.com\/tol\/consum\/media\/product\/img\/300x300\/7416139.jpg?t=20241217081258"
    },
    {
        "id": 33118,
        "name": "Pastilla Cisterna WC Marino CONSUM",
        "price": 1.45,
        "price_kilo": 0.36,
        "slug": "pastilla-cisterna-wc-marino",
        "description": "Pastilla Cisterna WC Marino 4 U",
        "image": "https:\/\/cdn-consum.aktiosdigitalservices.com\/tol\/consum\/media\/product\/img\/300x300\/7412349.jpg?t=20241217081253"
    },
    {
        "id": 33244,
        "name": "Filete Merluza Cabo MSC Sin piel CONSUM",
        "price": 3.99,
        "price_kilo": 9.98,
        "slug": "filete-merluza-cabo-msc-sin-piel",
        "description": "Filete Merluza Cabo MSC Sin piel 400 Gr",
        "image": "https:\/\/cdn-consum.aktiosdigitalservices.com\/tol\/consum\/media\/product\/img\/300x300\/7416498.jpg?t=20250312092829"
    },
    {
        "id": 33369,
        "name": "Pan Tostado Cl\u00e1sico 45 Rebanadas CONSUM",
        "price": 1.28,
        "price_kilo": 3.16,
        "slug": "pan-tostado-clasico-45-rebanadas",
        "description": "Pan Tostado Cl\u00e1sico 45 Rebanadas 405 Gr",
        "image": "https:\/\/cdn-consum.aktiosdigitalservices.com\/tol\/consum\/media\/product\/img\/300x300\/7426237.jpg?t=20250311112754"
    },
    {
        "id": 33467,
        "name": "Berberechos al Natural XS CONSUM",
        "price": 2.99,
        "price_kilo": 47.46,
        "slug": "berberechos-al-natural-xs",
        "description": "Berberechos al Natural XS 63 Gr",
        "image": "https:\/\/cdn-consum.aktiosdigitalservices.com\/tol\/consum\/media\/product\/img\/300x300\/7418650.jpg?t=20250227094547"
    },
    {
        "id": 33533,
        "name": "Perfumador L\u00edquido Ropa Jazm\u00edn S\u00e1ndalo y Vainilla CONSUM",
        "price": 3.15,
        "price_kilo": 0.09,
        "slug": "perfumador-liquido-ropa-jazmin-sandalo-y-vainilla",
        "description": "Perfumador L\u00edquido Ropa Jazm\u00edn S\u00e1ndalo y Vainilla 36 Lv",
        "image": "https:\/\/cdn-consum.aktiosdigitalservices.com\/tol\/consum\/media\/product\/img\/300x300\/7429236.jpg?t=20241217081322"
    },
    {
        "id": 33548,
        "name": "Lavavajillas Concentrado Lim\u00f3n CONSUM",
        "price": 1.15,
        "price_kilo": 1.92,
        "slug": "lavavajillas-concentrado-limon",
        "description": "Lavavajillas Concentrado Lim\u00f3n 600 ml",
        "image": "https:\/\/cdn-consum.aktiosdigitalservices.com\/tol\/consum\/media\/product\/img\/300x300\/7423879.jpg?t=20250312130217"
    },
    {
        "id": 33648,
        "name": "Ensaladilla Rusa CONSUM",
        "price": 2.7,
        "price_kilo": 6,
        "slug": "ensaladilla-rusa",
        "description": "Ensaladilla Rusa 450 Gr",
        "image": "https:\/\/cdn-consum.aktiosdigitalservices.com\/tol\/consum\/media\/product\/img\/300x300\/7426682.jpg?t=20241217081318"
    },
    {
        "id": 33650,
        "name": "Ensalada Cangrejo CONSUM",
        "price": 1.8,
        "price_kilo": 7.2,
        "slug": "ensalada-cangrejo",
        "description": "Ensalada Cangrejo 250 Gr",
        "image": "https:\/\/cdn-consum.aktiosdigitalservices.com\/tol\/consum\/media\/product\/img\/300x300\/7428162.jpg?t=20241217081319"
    },
    {
        "id": 33675,
        "name": "Pizza Pepperoni CONSUM",
        "price": 2.6,
        "price_kilo": 7.65,
        "slug": "pizza-pepperoni",
        "description": "Pizza Pepperoni 340 Gr",
        "image": "https:\/\/cdn-consum.aktiosdigitalservices.com\/tol\/consum\/media\/product\/img\/300x300\/7423965.jpg?t=20241217081313"
    },
    {
        "id": 33872,
        "name": "Copos de Avena CONSUM",
        "price": 0.9,
        "price_kilo": 1.8,
        "slug": "copos-de-avena",
        "description": "Copos de Avena 500 Gr",
        "image": "https:\/\/cdn-consum.aktiosdigitalservices.com\/tol\/consum\/media\/product\/img\/300x300\/7427933.jpg?t=20250312092838"
    },
    {
        "id": 33952,
        "name": "Friegasuelos Colonia CONSUM",
        "price": 0.95,
        "price_kilo": 0.63,
        "slug": "friegasuelos-colonia",
        "description": "Friegasuelos Colonia 1,5 L",
        "image": "https:\/\/cdn-consum.aktiosdigitalservices.com\/tol\/consum\/media\/product\/img\/300x300\/7430338.jpg?t=20250312092838"
    },
    {
        "id": 34025,
        "name": "Friegasuelos Bouquet CONSUM",
        "price": 0.95,
        "price_kilo": 0.63,
        "slug": "friegasuelos-bouquet",
        "description": "Friegasuelos Bouquet 1,5 L",
        "image": "https:\/\/cdn-consum.aktiosdigitalservices.com\/tol\/consum\/media\/product\/img\/300x300\/7430346.jpg?t=20241217081327"
    },
    {
        "id": 34066,
        "name": "Harina de Trigo Fuerza CONSUM",
        "price": 0.95,
        "price_kilo": 0.95,
        "slug": "harina-de-trigo-fuerza",
        "description": "Harina de Trigo Fuerza 1 Kg",
        "image": "https:\/\/cdn-consum.aktiosdigitalservices.com\/tol\/consum\/media\/product\/img\/300x300\/7426088.jpg?t=20250109110131"
    },
    {
        "id": 34157,
        "name": "Galletas Chococream 5 packs de 4 unidades CONSUM",
        "price": 0.85,
        "price_kilo": 3.86,
        "slug": "galletas-chococream-5-packs-de-4-unidades",
        "description": "Galletas Chococream 5 packs de 4 unidades 220 Gr",
        "image": "https:\/\/cdn-consum.aktiosdigitalservices.com\/tol\/consum\/media\/product\/img\/300x300\/7431950.jpg?t=20250312092841"
    },
    {
        "id": 34225,
        "name": "Crema Depilatoria Pieles Sensibles KYREY",
        "price": 2.99,
        "price_kilo": 1.5,
        "slug": "crema-depilatoria-pieles-sensibles",
        "description": "Crema Depilatoria Pieles Sensibles 200 ml",
        "image": "https:\/\/cdn-consum.aktiosdigitalservices.com\/tol\/consum\/media\/product\/img\/300x300\/7426109.jpg?t=20250314121710"
    },
    {
        "id": 34452,
        "name": "Crema Depilatoria Hombre KYREY MEN",
        "price": 2.99,
        "price_kilo": 1.5,
        "slug": "crema-depilatoria-hombre",
        "description": "Crema Depilatoria Hombre 200 ml",
        "image": "https:\/\/cdn-consum.aktiosdigitalservices.com\/tol\/consum\/media\/product\/img\/300x300\/7426112.jpg?t=20250314121713"
    },
    {
        "id": 35178,
        "name": "Chocolate Negro 72% Cacao sin Az\u00facar CONSUM",
        "price": 2.15,
        "price_kilo": 21.5,
        "slug": "chocolate-negro-72-cacao-sin-azucar",
        "description": "Chocolate Negro 72% Cacao sin Az\u00facar 100 Gr",
        "image": "https:\/\/cdn-consum.aktiosdigitalservices.com\/tol\/consum\/media\/product\/img\/300x300\/7431989.jpg?t=20250318080733"
    },
    {
        "id": 35256,
        "name": "Patatas Sabor Jam\u00f3n Bolsa CONSUM",
        "price": 1.2,
        "price_kilo": 8,
        "slug": "patatas-sabor-jamon-bolsa",
        "description": "Patatas Sabor Jam\u00f3n Bolsa 150 Gr",
        "image": "https:\/\/cdn-consum.aktiosdigitalservices.com\/tol\/consum\/media\/product\/img\/300x300\/7432037.jpg?t=20250214080021"
    },
    {
        "id": 35409,
        "name": "Jam\u00f3n Gran Reserva Medias y Finas Lonchas CONSUM",
        "price": 3.79,
        "price_kilo": 17.23,
        "slug": "jamon-gran-reserva-medias-y-finas-lonchas",
        "description": "Jam\u00f3n Gran Reserva Medias y Finas Lonchas 2 x 110 Gr",
        "image": "https:\/\/cdn-consum.aktiosdigitalservices.com\/tol\/consum\/media\/product\/img\/300x300\/7446110.jpg?t=20250304115345"
    },
    {
        "id": 5654,
        "name": "Aceitunas Manzanilla con Hueso en Frasco CONSUM",
        "price": 1.85,
        "price_kilo": 7.4,
        "slug": "aceitunas-manzanilla-con-hueso-en-frasco",
        "description": "Aceitunas Manzanilla con Hueso en Frasco 250 Gr",
        "image": "https:\/\/cdn-consum.aktiosdigitalservices.com\/tol\/consum\/media\/product\/img\/300x300\/7047462.jpg?t=20250318075912"
    },
    {
        "id": 5684,
        "name": "Vinagre de Jerez Botella Cristal CONSUM",
        "price": 2,
        "price_kilo": 8,
        "slug": "vinagre-de-jerez-botella-cristal",
        "description": "Vinagre de Jerez Botella Cristal 250 ml",
        "image": "https:\/\/cdn-consum.aktiosdigitalservices.com\/tol\/consum\/media\/product\/img\/300x300\/7050677.jpg?t=20250322075817"
    },
    {
        "id": 14494,
        "name": "Pl\u00e1tano Bandeja Peso Variable CONSUM ECO",
        "price": 3.9,
        "price_kilo": 4.49,
        "slug": "platano-bandeja-peso-variable",
        "description": "Pl\u00e1tano Bandeja Peso Variable",
        "image": "https:\/\/cdn-consum.aktiosdigitalservices.com\/tol\/consum\/media\/product\/img\/300x300\/7271542.jpg?t=20250322075941"
    },
    {
        "id": 17834,
        "name": "Guisantes Medianos Lata Pack de 3 CONSUM",
        "price": 2,
        "price_kilo": 5.13,
        "slug": "guisantes-medianos-lata-pack-de-3",
        "description": "Guisantes Medianos Lata Pack de 3 3 x 130 Gr",
        "image": "https:\/\/cdn-consum.aktiosdigitalservices.com\/tol\/consum\/media\/product\/img\/300x300\/7301711.jpg?t=20250319075907"
    },
    {
        "id": 25905,
        "name": "Comida H\u00fameda Gato Rico en Pollo S\u00e9nior VITALITY",
        "price": 0.45,
        "price_kilo": 4.5,
        "slug": "comida-humeda-gato-rico-en-pollo-senior",
        "description": "Comida H\u00fameda Gato Rico en Pollo S\u00e9nior 100 Gr",
        "image": "https:\/\/cdn-consum.aktiosdigitalservices.com\/tol\/consum\/media\/product\/img\/300x300\/7353725.jpg?t=20250318080947"
    },
    {
        "id": 28016,
        "name": "Ciruela sin Hueso Doypack CONSUM",
        "price": 2.55,
        "price_kilo": 8.5,
        "slug": "ciruela-sin-hueso-doypack",
        "description": "Ciruela sin Hueso Doypack 300 Gr",
        "image": "https:\/\/cdn-consum.aktiosdigitalservices.com\/tol\/consum\/media\/product\/img\/300x300\/7381221.jpg?t=20250206095007"
    },
    {
        "id": 29061,
        "name": "Espuma Extrafuerte KYREY",
        "price": 1.9,
        "price_kilo": 0.63,
        "slug": "espuma-extrafuerte",
        "description": "Espuma Extrafuerte 300 ml",
        "image": "https:\/\/cdn-consum.aktiosdigitalservices.com\/tol\/consum\/media\/product\/img\/300x300\/7358323.jpg?t=20241217081205"
    },
    {
        "id": 29348,
        "name": "Patatas Bravas CONSUM",
        "price": 1.93,
        "price_kilo": 2.57,
        "slug": "patatas-bravas",
        "description": "Patatas Bravas 750 Gr",
        "image": "https:\/\/cdn-consum.aktiosdigitalservices.com\/tol\/consum\/media\/product\/img\/300x300\/7393366.jpg?t=20250103082311"
    },
    {
        "id": 29607,
        "name": "Gel \u00cdntimo KYREY",
        "price": 1.25,
        "price_kilo": 0.25,
        "slug": "gel-intimo",
        "description": "Gel \u00cdntimo 500 ml",
        "image": "https:\/\/cdn-consum.aktiosdigitalservices.com\/tol\/consum\/media\/product\/img\/300x300\/7387509.jpg?t=20241217081225"
    },
    {
        "id": 29879,
        "name": "Toallitas \u00cdntimas KYREY",
        "price": 1.25,
        "price_kilo": 0.05,
        "slug": "toallitas-intimas",
        "description": "Toallitas \u00cdntimas 24 U",
        "image": "https:\/\/cdn-consum.aktiosdigitalservices.com\/tol\/consum\/media\/product\/img\/300x300\/7376762.jpg?t=20241217081219"
    },
    {
        "id": 29959,
        "name": "Pechuga de Pavo Extra Corte Charcuter\u00eda CONSUM",
        "price": 2.49,
        "price_kilo": 17.79,
        "slug": "pechuga-de-pavo-extra-corte-charcuteria",
        "description": "Pechuga de Pavo Extra Corte Charcuter\u00eda 140 Gr",
        "image": "https:\/\/cdn-consum.aktiosdigitalservices.com\/tol\/consum\/media\/product\/img\/300x300\/7372191.jpg?t=20241217081215"
    },
    {
        "id": 30498,
        "name": "Compresa Incontinencia Normal KYREY PHARMA",
        "price": 3.35,
        "price_kilo": 0.14,
        "slug": "compresa-incontinencia-normal",
        "description": "Compresa Incontinencia Normal 24 U",
        "image": "https:\/\/cdn-consum.aktiosdigitalservices.com\/tol\/consum\/media\/product\/img\/300x300\/7377799.jpg?t=20241217081219"
    },
    {
        "id": 30938,
        "name": "Salvaslip Normal KYREY",
        "price": 2.15,
        "price_kilo": 0.03,
        "slug": "salvaslip-normal",
        "description": "Salvaslip Normal 72 U",
        "image": "https:\/\/cdn-consum.aktiosdigitalservices.com\/tol\/consum\/media\/product\/img\/300x300\/7356749.jpg?t=20250311111314"
    },
    {
        "id": 30939,
        "name": "Salvaslip Maxi KYREY",
        "price": 2.5,
        "price_kilo": 0.04,
        "slug": "salvaslip-maxi",
        "description": "Salvaslip Maxi 60 U",
        "image": "https:\/\/cdn-consum.aktiosdigitalservices.com\/tol\/consum\/media\/product\/img\/300x300\/7356751.jpg?t=20250321075935"
    },
    {
        "id": 31068,
        "name": "Compresa Normal Alas  Dry KYREY",
        "price": 1.29,
        "price_kilo": 0.08,
        "slug": "compresa-normal-alas-dry",
        "description": "Compresa Normal Alas  Dry 16 U",
        "image": "https:\/\/cdn-consum.aktiosdigitalservices.com\/tol\/consum\/media\/product\/img\/300x300\/7388028.jpg?t=20241217081226"
    },
    {
        "id": 31320,
        "name": "Leche Solar FP 30 KYREY",
        "price": 5.85,
        "price_kilo": 2.34,
        "slug": "leche-solar-fp-30",
        "description": "Leche Solar FP 30 250 ml",
        "image": "https:\/\/cdn-consum.aktiosdigitalservices.com\/tol\/consum\/media\/product\/img\/300x300\/7393739.jpg?t=20250312092815"
    },
    {
        "id": 31592,
        "name": "Gel de Ducha + Champ\u00fa Sport KYREY",
        "price": 1.2,
        "price_kilo": 0.6,
        "slug": "gel-de-ducha-champu-sport",
        "description": "Gel de Ducha + Champ\u00fa Sport 200 ml",
        "image": "https:\/\/cdn-consum.aktiosdigitalservices.com\/tol\/consum\/media\/product\/img\/300x300\/7392785.jpg?t=20250312092813"
    },
    {
        "id": 31781,
        "name": "Estofado de A\u00f1ojo CONSUM",
        "price": 6.92,
        "price_kilo": 17.3,
        "slug": "estofado-de-anojo",
        "description": "Estofado de A\u00f1ojo",
        "image": "https:\/\/cdn-consum.aktiosdigitalservices.com\/tol\/consum\/media\/product\/img\/300x300\/7419620.jpg?t=20250114084635"
    },
    {
        "id": 31788,
        "name": "Compresa Noche Alas Soft KYREY",
        "price": 1.15,
        "price_kilo": 0.12,
        "slug": "compresa-noche-alas-soft",
        "description": "Compresa Noche Alas Soft 10 U",
        "image": "https:\/\/cdn-consum.aktiosdigitalservices.com\/tol\/consum\/media\/product\/img\/300x300\/7388051.jpg?t=20250206095131"
    },
    {
        "id": 31846,
        "name": "Compresa Normal Alas Soft KYREY",
        "price": 1.39,
        "price_kilo": 0.1,
        "slug": "compresa-normal-alas-soft",
        "description": "Compresa Normal Alas Soft 14 U",
        "image": "https:\/\/cdn-consum.aktiosdigitalservices.com\/tol\/consum\/media\/product\/img\/300x300\/7388044.jpg?t=20250227093915"
    },
    {
        "id": 31851,
        "name": "Hummus con aceitunas CONSUM",
        "price": 1.49,
        "price_kilo": 7.45,
        "slug": "hummus-con-aceitunas",
        "description": "Hummus con aceitunas 200 Gr",
        "image": "https:\/\/cdn-consum.aktiosdigitalservices.com\/tol\/consum\/media\/product\/img\/300x300\/7414134.jpg?t=20241224080724"
    },
    {
        "id": 32298,
        "name": "Caf\u00e9 Ristretto 20 c\u00e1psulas CONSUM",
        "price": 3.65,
        "price_kilo": 0.18,
        "slug": "cafe-ristretto-20-capsulas",
        "description": "Caf\u00e9 Ristretto 20 c\u00e1psulas 20 U",
        "image": "https:\/\/cdn-consum.aktiosdigitalservices.com\/tol\/consum\/media\/product\/img\/300x300\/7407703.jpg?t=20250311112245"
    },
    {
        "id": 32363,
        "name": "Mini Bomb\u00f3n Fruto Rojos  Tropical  x8 CONSUM",
        "price": 2.7,
        "price_kilo": 9,
        "slug": "mini-bombon-fruto-rojos-tropical-x8",
        "description": "Mini Bomb\u00f3n Fruto Rojos  Tropical  x8 300 Gr",
        "image": "https:\/\/cdn-consum.aktiosdigitalservices.com\/tol\/consum\/media\/product\/img\/300x300\/7413305.jpg?t=20241226075835"
    },
    {
        "id": 32391,
        "name": "Champ\u00fa Arg\u00e1n KYREY",
        "price": 2.05,
        "price_kilo": 0.51,
        "slug": "champu-argan",
        "description": "Champ\u00fa Arg\u00e1n 400 ml",
        "image": "https:\/\/cdn-consum.aktiosdigitalservices.com\/tol\/consum\/media\/product\/img\/300x300\/7398845.jpg?t=20241217081238"
    },
    {
        "id": 32439,
        "name": "Crema Calzado Blanco CONSUM",
        "price": 0.95,
        "price_kilo": 1.9,
        "slug": "crema-calzado-blanco",
        "description": "Crema Calzado Blanco 50 ml",
        "image": "https:\/\/cdn-consum.aktiosdigitalservices.com\/tol\/consum\/media\/product\/img\/300x300\/7397693.jpg?t=20241217081236"
    },
    {
        "id": 32451,
        "name": "Choco Aritos Ba\u00f1ados de Chocolate Negro CONSUM",
        "price": 0.95,
        "price_kilo": 7.42,
        "slug": "choco-aritos-banados-de-chocolate-negro",
        "description": "Choco Aritos Ba\u00f1ados de Chocolate Negro 128 Gr",
        "image": "https:\/\/cdn-consum.aktiosdigitalservices.com\/tol\/consum\/media\/product\/img\/300x300\/7418606.jpg?t=20250311112548"
    },
    {
        "id": 33197,
        "name": "Crema Manos Reparadora Sin Perfume KYREY",
        "price": 1.59,
        "price_kilo": 1.59,
        "slug": "crema-manos-reparadora-sin-perfume",
        "description": "Crema Manos Reparadora Sin Perfume 100 ml",
        "image": "https:\/\/cdn-consum.aktiosdigitalservices.com\/tol\/consum\/media\/product\/img\/300x300\/7408750.jpg?t=20250204082240"
    },
    {
        "id": 33245,
        "name": "Pan Rallado Casero CONSUM",
        "price": 0.99,
        "price_kilo": 1.98,
        "slug": "pan-rallado-casero",
        "description": "Pan Rallado Casero 500 Gr",
        "image": "https:\/\/cdn-consum.aktiosdigitalservices.com\/tol\/consum\/media\/product\/img\/300x300\/7416972.jpg?t=20250228080614"
    },
    {
        "id": 33506,
        "name": "Almejones al Natural CONSUM",
        "price": 1.49,
        "price_kilo": 23.65,
        "slug": "almejones-al-natural",
        "description": "Almejones al Natural 63 Gr",
        "image": "https:\/\/cdn-consum.aktiosdigitalservices.com\/tol\/consum\/media\/product\/img\/300x300\/7426646.jpg?t=20241217081318"
    },
    {
        "id": 33649,
        "name": "Ensaladilla Rusa CONSUM",
        "price": 1.8,
        "price_kilo": 7.2,
        "slug": "ensaladilla-rusa",
        "description": "Ensaladilla Rusa 250 Gr",
        "image": "https:\/\/cdn-consum.aktiosdigitalservices.com\/tol\/consum\/media\/product\/img\/300x300\/7427623.jpg?t=20241217081318"
    },
    {
        "id": 33851,
        "name": "Antical Lavadoras CONSUM",
        "price": 1.69,
        "price_kilo": 0.09,
        "slug": "antical-lavadoras",
        "description": "Antical Lavadoras 18 U",
        "image": "https:\/\/cdn-consum.aktiosdigitalservices.com\/tol\/consum\/media\/product\/img\/300x300\/7430833.jpg?t=20241217081328"
    },
    {
        "id": 33949,
        "name": "Caldo de Marisco Paella y Fideu\u00e1 con Sofrito CONSUM",
        "price": 2.1,
        "price_kilo": 2.1,
        "slug": "caldo-de-marisco-paella-y-fideua-con-sofrito",
        "description": "Caldo de Marisco Paella y Fideu\u00e1 con Sofrito 1 L",
        "image": "https:\/\/cdn-consum.aktiosdigitalservices.com\/tol\/consum\/media\/product\/img\/300x300\/7424559.jpg?t=20241217081315"
    },
    {
        "id": 34155,
        "name": "Caldo de Pollo 100% Natural CONSUM",
        "price": 1.15,
        "price_kilo": 1.15,
        "slug": "caldo-de-pollo-100-natural",
        "description": "Caldo de Pollo 100% Natural 1 L",
        "image": "https:\/\/cdn-consum.aktiosdigitalservices.com\/tol\/consum\/media\/product\/img\/300x300\/7428253.jpg?t=20250206100903"
    },
    {
        "id": 34223,
        "name": "Queso Havarti Lonchas IGP CONSUM",
        "price": 3.39,
        "price_kilo": 11.3,
        "slug": "queso-havarti-lonchas-igp",
        "description": "Queso Havarti Lonchas IGP 300 Gr",
        "image": "https:\/\/cdn-consum.aktiosdigitalservices.com\/tol\/consum\/media\/product\/img\/300x300\/7422616.jpg?t=20250123080026"
    },
    {
        "id": 34351,
        "name": "Lavavajillas Mano Platinum CONSUM",
        "price": 1.69,
        "price_kilo": 2.82,
        "slug": "lavavajillas-mano-platinum",
        "description": "Lavavajillas Mano Platinum 600 ml",
        "image": "https:\/\/cdn-consum.aktiosdigitalservices.com\/tol\/consum\/media\/product\/img\/300x300\/7431617.jpg?t=20250219080602"
    },
    {
        "id": 34514,
        "name": "Friegasuelos Aire Fresco CONSUM",
        "price": 0.95,
        "price_kilo": 0.63,
        "slug": "friegasuelos-aire-fresco",
        "description": "Friegasuelos Aire Fresco 1,5 L",
        "image": "https:\/\/cdn-consum.aktiosdigitalservices.com\/tol\/consum\/media\/product\/img\/300x300\/7437077.jpg?t=20250312092851"
    },
    {
        "id": 35103,
        "name": "Patatas Lisas Bolsa CONSUM",
        "price": 1.1,
        "price_kilo": 7.33,
        "slug": "patatas-lisas-bolsa",
        "description": "Patatas Lisas Bolsa 150 Gr",
        "image": "https:\/\/cdn-consum.aktiosdigitalservices.com\/tol\/consum\/media\/product\/img\/300x300\/7432045.jpg?t=20250214080023"
    },
    {
        "id": 35140,
        "name": "Barquillos Rellenos De Crema Sabor Nata CONSUM",
        "price": 0.79,
        "price_kilo": 5.27,
        "slug": "barquillos-rellenos-de-crema-sabor-nata",
        "description": "Barquillos Rellenos De Crema Sabor Nata 150 Gr",
        "image": "https:\/\/cdn-consum.aktiosdigitalservices.com\/tol\/consum\/media\/product\/img\/300x300\/7416506.jpg?t=20250311112517"
    },
    {
        "id": 35255,
        "name": "Colgador WC Floral CONSUM",
        "price": 1.3,
        "price_kilo": 0.65,
        "slug": "colgador-wc-floral",
        "description": "Colgador WC Floral 2 U",
        "image": "https:\/\/cdn-consum.aktiosdigitalservices.com\/tol\/consum\/media\/product\/img\/300x300\/7431885.jpg?t=20250227094949"
    },
    {
        "id": 35299,
        "name": "Gnocchis Patatas CONSUM",
        "price": 1.12,
        "price_kilo": 2.24,
        "slug": "gnocchis-patatas",
        "description": "Gnocchis Patatas 500 Gr",
        "image": "https:\/\/cdn-consum.aktiosdigitalservices.com\/tol\/consum\/media\/product\/img\/300x300\/7437283.jpg?t=20250103082743"
    },
    {
        "id": 35407,
        "name": "Jam\u00f3n Gran Reserva Curaci\u00f3n 15 Meses CONSUM",
        "price": 2.99,
        "price_kilo": 19.93,
        "slug": "jamon-gran-reserva-curacion-15-meses",
        "description": "Jam\u00f3n Gran Reserva Curaci\u00f3n 15 Meses 150 Gr",
        "image": "https:\/\/cdn-consum.aktiosdigitalservices.com\/tol\/consum\/media\/product\/img\/300x300\/7446102.jpg?t=20250319080050"
    },
    {
        "id": 35870,
        "name": "Ajo Molido CONSUM",
        "price": 0.85,
        "price_kilo": 10,
        "slug": "ajo-molido",
        "description": "Ajo Molido 85 Gr",
        "image": "https:\/\/cdn-consum.aktiosdigitalservices.com\/tol\/consum\/media\/product\/img\/300x300\/7435840.jpg?t=20250312161447"
    },
    {
        "id": 5655,
        "name": "Aceitunas Sabor Anchoa con Hueso en Frasco CONSUM",
        "price": 2.05,
        "price_kilo": 8.2,
        "slug": "aceitunas-sabor-anchoa-con-hueso-en-frasco",
        "description": "Aceitunas Sabor Anchoa con Hueso en Frasco 250 Gr",
        "image": "https:\/\/cdn-consum.aktiosdigitalservices.com\/tol\/consum\/media\/product\/img\/300x300\/7047467.jpg?t=20250318075915"
    },
    {
        "id": 25687,
        "name": "Aceituna Pimiento Asado Lata CONSUM",
        "price": 1.75,
        "price_kilo": 11.67,
        "slug": "aceituna-pimiento-asado-lata",
        "description": "Aceituna Pimiento Asado Lata 150 Gr",
        "image": "https:\/\/cdn-consum.aktiosdigitalservices.com\/tol\/consum\/media\/product\/img\/300x300\/7363646.jpg?t=20250318080422"
    },
    {
        "id": 26526,
        "name": "Yogucol 0% Sabor Fresa CONSUM",
        "price": 2.55,
        "price_kilo": 3.19,
        "slug": "yogucol-0-sabor-fresa",
        "description": "Yogucol 0% Sabor Fresa 8 x 100 Gr",
        "image": "https:\/\/cdn-consum.aktiosdigitalservices.com\/tol\/consum\/media\/product\/img\/300x300\/7362973.jpg?t=20250312125804"
    },
    {
        "id": 26673,
        "name": "Postre Gelificado 00% Sabor Fresa CONSUM",
        "price": 0.7,
        "price_kilo": 1.75,
        "slug": "postre-gelificado-00-sabor-fresa",
        "description": "Postre Gelificado 00% Sabor Fresa 4 x 100 Gr",
        "image": "https:\/\/cdn-consum.aktiosdigitalservices.com\/tol\/consum\/media\/product\/img\/300x300\/7368918.jpg?t=20241217081214"
    },
    {
        "id": 27074,
        "name": "Desodorante Roll-On Talco Mujer KYREY",
        "price": 0.99,
        "price_kilo": 1.98,
        "slug": "desodorante-roll-on-talco-mujer",
        "description": "Desodorante Roll-On Talco Mujer 50 ml",
        "image": "https:\/\/cdn-consum.aktiosdigitalservices.com\/tol\/consum\/media\/product\/img\/300x300\/7345932.jpg?t=20241217081155"
    },
    {
        "id": 27128,
        "name": "Crema de D\u00eda SPF 15 \u00c1cido Hialur\u00f3nico KYREY",
        "price": 5.99,
        "price_kilo": 11.98,
        "slug": "crema-de-dia-spf-15-acido-hialuronico",
        "description": "Crema de D\u00eda SPF 15 \u00c1cido Hialur\u00f3nico 50 ml",
        "image": "https:\/\/cdn-consum.aktiosdigitalservices.com\/tol\/consum\/media\/product\/img\/300x300\/7380798.jpg?t=20250204082235"
    },
    {
        "id": 27130,
        "name": "Rellenador Intensivo Ojos \u00c1cido Hialur\u00f3nico KYREY",
        "price": 4.5,
        "price_kilo": 30,
        "slug": "rellenador-intensivo-ojos-acido-hialuronico",
        "description": "Rellenador Intensivo Ojos \u00c1cido Hialur\u00f3nico 15 ml",
        "image": "https:\/\/cdn-consum.aktiosdigitalservices.com\/tol\/consum\/media\/product\/img\/300x300\/7380806.jpg?t=20241217081221"
    },
    {
        "id": 27131,
        "name": "S\u00e9rum Concentrado \u00c1cido Hialur\u00f3nico KYREY",
        "price": 5.99,
        "price_kilo": 19.97,
        "slug": "serum-concentrado-acido-hialuronico",
        "description": "S\u00e9rum Concentrado \u00c1cido Hialur\u00f3nico 30 ml",
        "image": "https:\/\/cdn-consum.aktiosdigitalservices.com\/tol\/consum\/media\/product\/img\/300x300\/7380819.jpg?t=20241217081221"
    },
    {
        "id": 27338,
        "name": "Gazpacho Natural Tradicional CONSUM",
        "price": 1.2,
        "price_kilo": 3.64,
        "slug": "gazpacho-natural-tradicional",
        "description": "Gazpacho Natural Tradicional 330 ml",
        "image": "https:\/\/cdn-consum.aktiosdigitalservices.com\/tol\/consum\/media\/product\/img\/300x300\/7381507.jpg?t=20250311134421"
    },
    {
        "id": 27534,
        "name": "Comida Seca Perro Adulto M\u00fasculos Fuertes VITALITY",
        "price": 6.49,
        "price_kilo": 1.62,
        "slug": "comida-seca-perro-adulto-musculos-fuertes",
        "description": "Comida Seca Perro Adulto M\u00fasculos Fuertes 4 Kg",
        "image": "https:\/\/cdn-consum.aktiosdigitalservices.com\/tol\/consum\/media\/product\/img\/300x300\/7363260.jpg?t=20241217081208"
    },
    {
        "id": 27537,
        "name": "Conos Chocolat\u00edsimo 6 Unidades CONSUM",
        "price": 3.29,
        "price_kilo": 8.44,
        "slug": "conos-chocolatisimo-6-unidades",
        "description": "Conos Chocolat\u00edsimo 6 Unidades 390 Gr",
        "image": "https:\/\/cdn-consum.aktiosdigitalservices.com\/tol\/consum\/media\/product\/img\/300x300\/7368137.jpg?t=20250318080435"
    },
    {
        "id": 28013,
        "name": "Callos con Garbanzos Bote CONSUM",
        "price": 2.6,
        "price_kilo": 6.84,
        "slug": "callos-con-garbanzos-bote",
        "description": "Callos con Garbanzos Bote 380 Gr",
        "image": "https:\/\/cdn-consum.aktiosdigitalservices.com\/tol\/consum\/media\/product\/img\/300x300\/7380496.jpg?t=20250312092806"
    },
    {
        "id": 28018,
        "name": "Pasas Sultanas Doypack CONSUM",
        "price": 2.38,
        "price_kilo": 7.93,
        "slug": "pasas-sultanas-doypack",
        "description": "Pasas Sultanas Doypack 300 Gr",
        "image": "https:\/\/cdn-consum.aktiosdigitalservices.com\/tol\/consum\/media\/product\/img\/300x300\/7381239.jpg?t=20250312125855"
    },
    {
        "id": 28332,
        "name": "Cebollitas Rojas Agridulces CONSUM",
        "price": 1.35,
        "price_kilo": 6.75,
        "slug": "cebollitas-rojas-agridulces",
        "description": "Cebollitas Rojas Agridulces 200 Gr",
        "image": "https:\/\/cdn-consum.aktiosdigitalservices.com\/tol\/consum\/media\/product\/img\/300x300\/7383339.jpg?t=20241217081223"
    },
    {
        "id": 28382,
        "name": "D\u00e1til sin Hueso Doypack CONSUM",
        "price": 2.05,
        "price_kilo": 6.83,
        "slug": "datil-sin-hueso-doypack",
        "description": "D\u00e1til sin Hueso Doypack 300 Gr",
        "image": "https:\/\/cdn-consum.aktiosdigitalservices.com\/tol\/consum\/media\/product\/img\/300x300\/7381226.jpg?t=20250128080312"
    },
    {
        "id": 28443,
        "name": "Cocido Madrile\u00f1o Lata CONSUM",
        "price": 1.99,
        "price_kilo": 4.52,
        "slug": "cocido-madrileno-lata",
        "description": "Cocido Madrile\u00f1o Lata 440 Gr",
        "image": "https:\/\/cdn-consum.aktiosdigitalservices.com\/tol\/consum\/media\/product\/img\/300x300\/7384423.jpg?t=20241225075911"
    },
    {
        "id": 28690,
        "name": "Garbanzos a la Jardinera Bote CONSUM",
        "price": 1.25,
        "price_kilo": 2.84,
        "slug": "garbanzos-a-la-jardinera-bote",
        "description": "Garbanzos a la Jardinera Bote 440 Gr",
        "image": "https:\/\/cdn-consum.aktiosdigitalservices.com\/tol\/consum\/media\/product\/img\/300x300\/7385169.jpg?t=20241225075914"
    },
    {
        "id": 28774,
        "name": "Bayeta Microfibra Multisuperficies CONSUM",
        "price": 1.15,
        "price_kilo": 1.15,
        "slug": "bayeta-microfibra-multisuperficies",
        "description": "Bayeta Microfibra Multisuperficies 1 U",
        "image": "https:\/\/cdn-consum.aktiosdigitalservices.com\/tol\/consum\/media\/product\/img\/300x300\/7379829.jpg?t=20241217081220"
    },
    {
        "id": 29202,
        "name": "Fiambre de S\u00e1ndwich Finas Lonchas CONSUM",
        "price": 1.54,
        "price_kilo": 6.16,
        "slug": "fiambre-de-sandwich-finas-lonchas",
        "description": "Fiambre de S\u00e1ndwich Finas Lonchas 250 Gr",
        "image": "https:\/\/cdn-consum.aktiosdigitalservices.com\/tol\/consum\/media\/product\/img\/300x300\/7377950.jpg?t=20250206094908"
    },
    {
        "id": 29245,
        "name": "Arroz Marisco CONSUM",
        "price": 2.39,
        "price_kilo": 5.31,
        "slug": "arroz-marisco",
        "description": "Arroz Marisco 450 Gr",
        "image": "https:\/\/cdn-consum.aktiosdigitalservices.com\/tol\/consum\/media\/product\/img\/300x300\/7377588.jpg?t=20241217081219"
    },
    {
        "id": 29704,
        "name": "C\u00f3ctel Ensalada Crudo Doypack CONSUM",
        "price": 1.89,
        "price_kilo": 12.6,
        "slug": "coctel-ensalada-crudo-doypack",
        "description": "C\u00f3ctel Ensalada Crudo Doypack 150 Gr",
        "image": "https:\/\/cdn-consum.aktiosdigitalservices.com\/tol\/consum\/media\/product\/img\/300x300\/7397909.jpg?t=20250312092817"
    },
    {
        "id": 29924,
        "name": "Limpiahogar Ph Neutro Aire Fresco CONSUM",
        "price": 1.55,
        "price_kilo": 1.03,
        "slug": "limpiahogar-ph-neutro-aire-fresco",
        "description": "Limpiahogar Ph Neutro Aire Fresco 1,5 L",
        "image": "https:\/\/cdn-consum.aktiosdigitalservices.com\/tol\/consum\/media\/product\/img\/300x300\/7392749.jpg?t=20241217081231"
    },
    {
        "id": 30080,
        "name": "Girasoles Queso Cabra & Miel CONSUM",
        "price": 2.57,
        "price_kilo": 10.28,
        "slug": "girasoles-queso-cabra-miel",
        "description": "Girasoles Queso Cabra & Miel 250 Gr",
        "image": "https:\/\/cdn-consum.aktiosdigitalservices.com\/tol\/consum\/media\/product\/img\/300x300\/7395692.jpg?t=20250103082327"
    },
    {
        "id": 30111,
        "name": "Chocolate 99% Cacao CONSUM",
        "price": 2.69,
        "price_kilo": 26.9,
        "slug": "chocolate-99-cacao",
        "description": "Chocolate 99% Cacao 100 Gr",
        "image": "https:\/\/cdn-consum.aktiosdigitalservices.com\/tol\/consum\/media\/product\/img\/300x300\/7390144.jpg?t=20250318080519"
    },
    {
        "id": 30167,
        "name": "Pisto Verdura c\/Tomate CONSUM",
        "price": 2.29,
        "price_kilo": 5.09,
        "slug": "pisto-verdura-c-tomate",
        "description": "Pisto Verdura c\/Tomate 450 Gr",
        "image": "https:\/\/cdn-consum.aktiosdigitalservices.com\/tol\/consum\/media\/product\/img\/300x300\/7387541.jpg?t=20250114084540"
    },
    {
        "id": 30639,
        "name": "Compresas Ultra Normal Sin Alas Dry KYREY",
        "price": 1.29,
        "price_kilo": 0.08,
        "slug": "compresas-ultra-normal-sin-alas-dry",
        "description": "Compresas Ultra Normal Sin Alas Dry 16 U",
        "image": "https:\/\/cdn-consum.aktiosdigitalservices.com\/tol\/consum\/media\/product\/img\/300x300\/7388015.jpg?t=20241217081226"
    },
    {
        "id": 30735,
        "name": "Gel De Afeitar KYREY MEN",
        "price": 1.35,
        "price_kilo": 1.8,
        "slug": "gel-de-afeitar",
        "description": "Gel De Afeitar 75 ml",
        "image": "https:\/\/cdn-consum.aktiosdigitalservices.com\/tol\/consum\/media\/product\/img\/300x300\/7392772.jpg?t=20250213080417"
    },
    {
        "id": 31069,
        "name": "Salsa Mexicana Queso Tarro CONSUM",
        "price": 1.69,
        "price_kilo": 5.63,
        "slug": "salsa-mexicana-queso-tarro",
        "description": "Salsa Mexicana Queso Tarro 300 ml",
        "image": "https:\/\/cdn-consum.aktiosdigitalservices.com\/tol\/consum\/media\/product\/img\/300x300\/7391811.jpg?t=20241221080219"
    },
    {
        "id": 31197,
        "name": "Tortillas de Ma\u00edz 10 Unidades CONSUM",
        "price": 2.07,
        "price_kilo": 8.28,
        "slug": "tortillas-de-maiz-10-unidades",
        "description": "Tortillas de Ma\u00edz 10 Unidades 250 Gr",
        "image": "https:\/\/cdn-consum.aktiosdigitalservices.com\/tol\/consum\/media\/product\/img\/300x300\/7392256.jpg?t=20250311134515"
    },
    {
        "id": 31411,
        "name": "Chocolate con Leche Relleno Sabor Fresa CONSUM",
        "price": 1.19,
        "price_kilo": 11.9,
        "slug": "chocolate-con-leche-relleno-sabor-fresa",
        "description": "Chocolate con Leche Relleno Sabor Fresa 100 Gr",
        "image": "https:\/\/cdn-consum.aktiosdigitalservices.com\/tol\/consum\/media\/product\/img\/300x300\/7392657.jpg?t=20250311134522"
    },
    {
        "id": 31478,
        "name": "Esponja Extrasuave Beb\u00e9 CONSUM KIDS",
        "price": 0.9,
        "price_kilo": 0.9,
        "slug": "esponja-extrasuave-bebe",
        "description": "Esponja Extrasuave Beb\u00e9 1 U",
        "image": "https:\/\/cdn-consum.aktiosdigitalservices.com\/tol\/consum\/media\/product\/img\/300x300\/7406965.jpg?t=20241217081246"
    },
    {
        "id": 31739,
        "name": "Limpiador Ba\u00f1os Desinfectante CONSUM",
        "price": 1.55,
        "price_kilo": 2.07,
        "slug": "limpiador-banos-desinfectante",
        "description": "Limpiador Ba\u00f1os Desinfectante 750 ml",
        "image": "https:\/\/cdn-consum.aktiosdigitalservices.com\/tol\/consum\/media\/product\/img\/300x300\/7374960.jpg?t=20250312092806"
    },
    {
        "id": 31852,
        "name": "Hummus Mexican CONSUM",
        "price": 1.49,
        "price_kilo": 7.45,
        "slug": "hummus-mexican",
        "description": "Hummus Mexican 200 Gr",
        "image": "https:\/\/cdn-consum.aktiosdigitalservices.com\/tol\/consum\/media\/product\/img\/300x300\/7414139.jpg?t=20241217081255"
    },
    {
        "id": 31853,
        "name": "Aceite de Oliva Virgen Extra Cristal CONSUM",
        "price": 2.39,
        "price_kilo": 9.56,
        "slug": "aceite-de-oliva-virgen-extra-cristal",
        "description": "Aceite de Oliva Virgen Extra Cristal 250 ml",
        "image": "https:\/\/cdn-consum.aktiosdigitalservices.com\/tol\/consum\/media\/product\/img\/300x300\/7414782.jpg?t=20250311125233"
    },
    {
        "id": 31954,
        "name": "Quitaesmalte Hidratante KYREY",
        "price": 0.99,
        "price_kilo": 0.5,
        "slug": "quitaesmalte-hidratante",
        "description": "Quitaesmalte Hidratante 200 ml",
        "image": "https:\/\/cdn-consum.aktiosdigitalservices.com\/tol\/consum\/media\/product\/img\/300x300\/7413032.jpg?t=20241217081254"
    },
    {
        "id": 32526,
        "name": "Salero Sal Fina CONSUM",
        "price": 0.65,
        "price_kilo": 2.6,
        "slug": "salero-sal-fina",
        "description": "Salero Sal Fina 250 Gr",
        "image": "https:\/\/cdn-consum.aktiosdigitalservices.com\/tol\/consum\/media\/product\/img\/300x300\/7415672.jpg?t=20241217081258"
    },
    {
        "id": 32760,
        "name": "Edulcorante 60 sobres CONSUM",
        "price": 1.1,
        "price_kilo": 0.02,
        "slug": "edulcorante-60-sobres",
        "description": "Edulcorante 60 sobres 60 U",
        "image": "https:\/\/cdn-consum.aktiosdigitalservices.com\/tol\/consum\/media\/product\/img\/300x300\/7423569.jpg?t=20250312092835"
    },
    {
        "id": 32769,
        "name": "Mix Brotes Can\u00f3nigos Bolsa CONSUM",
        "price": 1.55,
        "price_kilo": 15.5,
        "slug": "mix-brotes-canonigos-bolsa",
        "description": "Mix Brotes Can\u00f3nigos Bolsa 100 Gr",
        "image": "https:\/\/cdn-consum.aktiosdigitalservices.com\/tol\/consum\/media\/product\/img\/300x300\/7428175.jpg?t=20250103082639"
    },
    {
        "id": 33055,
        "name": "Detergente C\u00e1psulas Active CONSUM",
        "price": 4.49,
        "price_kilo": 0.19,
        "slug": "detergente-capsulas-active",
        "description": "Detergente C\u00e1psulas Active 24 Lv",
        "image": "https:\/\/cdn-consum.aktiosdigitalservices.com\/tol\/consum\/media\/product\/img\/300x300\/7423721.jpg?t=20250212080245"
    },
    {
        "id": 33246,
        "name": "Queso Gouda Tierno Cu\u00f1a CONSUM",
        "price": 3.05,
        "price_kilo": 8.71,
        "slug": "queso-gouda-tierno-cuna",
        "description": "Queso Gouda Tierno Cu\u00f1a 350 Gr",
        "image": "https:\/\/cdn-consum.aktiosdigitalservices.com\/tol\/consum\/media\/product\/img\/300x300\/7419021.jpg?t=20250103082527"
    },
    {
        "id": 33442,
        "name": "Porciones de Bacalao S\/piel en su punto de sal CONSUM",
        "price": 4.99,
        "price_kilo": 12.48,
        "slug": "porciones-de-bacalao-s-piel-en-su-punto-de-sal",
        "description": "Porciones de Bacalao S\/piel en su punto de sal 400 Gr",
        "image": "https:\/\/cdn-consum.aktiosdigitalservices.com\/tol\/consum\/media\/product\/img\/300x300\/7423465.jpg?t=20250301080037"
    },
    {
        "id": 33947,
        "name": "Bruma Infantil FP 50 KYREY",
        "price": 7.99,
        "price_kilo": 4,
        "slug": "bruma-infantil-fp-50",
        "description": "Bruma Infantil FP 50 200 ml",
        "image": "https:\/\/cdn-consum.aktiosdigitalservices.com\/tol\/consum\/media\/product\/img\/300x300\/7424187.jpg?t=20250312092836"
    },
    {
        "id": 34285,
        "name": "Rodaja de Merluza Cabo CONSUM",
        "price": 3.99,
        "price_kilo": 11.08,
        "slug": "rodaja-de-merluza-cabo",
        "description": "Rodaja de Merluza Cabo 360 Gr",
        "image": "https:\/\/cdn-consum.aktiosdigitalservices.com\/tol\/consum\/media\/product\/img\/300x300\/7439441.jpg?t=20250301080146"
    },
    {
        "id": 34453,
        "name": "Mini Bomb\u00f3n Cookies Vainilla Pecan CONSUM",
        "price": 2.55,
        "price_kilo": 11.49,
        "slug": "mini-bombon-cookies-vainilla-pecan",
        "description": "Mini Bomb\u00f3n Cookies Vainilla Pecan 222 Gr",
        "image": "https:\/\/cdn-consum.aktiosdigitalservices.com\/tol\/consum\/media\/product\/img\/300x300\/7431641.jpg?t=20250115080547"
    },
    {
        "id": 34558,
        "name": "Almendra Repelada Tostada Sin Sal CONSUM",
        "price": 3.25,
        "price_kilo": 16.25,
        "slug": "almendra-repelada-tostada-sin-sal",
        "description": "Almendra Repelada Tostada Sin Sal 200 Gr",
        "image": "https:\/\/cdn-consum.aktiosdigitalservices.com\/tol\/consum\/media\/product\/img\/300x300\/7435241.jpg?t=20241217081340"
    },
    {
        "id": 34621,
        "name": "Gel de Ba\u00f1o Coco Vainilla KYREY",
        "price": 1.55,
        "price_kilo": 2.07,
        "slug": "gel-de-bano-coco-vainilla",
        "description": "Gel de Ba\u00f1o Coco Vainilla 750 ml",
        "image": "https:\/\/cdn-consum.aktiosdigitalservices.com\/tol\/consum\/media\/product\/img\/300x300\/7433378.jpg?t=20250312092842"
    },
    {
        "id": 35171,
        "name": "Calamar Patag\u00f3nico Troceado Congelado CONSUM",
        "price": 5.99,
        "price_kilo": 13.31,
        "slug": "calamar-patagonico-troceado-congelado",
        "description": "Calamar Patag\u00f3nico Troceado Congelado 450 Gr",
        "image": "https:\/\/cdn-consum.aktiosdigitalservices.com\/tol\/consum\/media\/product\/img\/300x300\/7445539.jpg?t=20250301080206"
    },
    {
        "id": 35298,
        "name": "Patatas Onduladas Bolsa CONSUM",
        "price": 1,
        "price_kilo": 6.67,
        "slug": "patatas-onduladas-bolsa",
        "description": "Patatas Onduladas Bolsa 150 Gr",
        "image": "https:\/\/cdn-consum.aktiosdigitalservices.com\/tol\/consum\/media\/product\/img\/300x300\/7432040.jpg?t=20250312092841"
    },
    {
        "id": 35342,
        "name": "Chocolate con Leche Almendras sin Az\u00facar CONSUM",
        "price": 2.75,
        "price_kilo": 15.71,
        "slug": "chocolate-con-leche-almendras-sin-azucar",
        "description": "Chocolate con Leche Almendras sin Az\u00facar 175 Gr",
        "image": "https:\/\/cdn-consum.aktiosdigitalservices.com\/tol\/consum\/media\/product\/img\/300x300\/7431997.jpg?t=20250318080735"
    },
    {
        "id": 35428,
        "name": "Jam\u00f3n Gran Reserva Finas Lonchas CONSUM",
        "price": 2.49,
        "price_kilo": 20.75,
        "slug": "jamon-gran-reserva-finas-lonchas",
        "description": "Jam\u00f3n Gran Reserva Finas Lonchas 120 Gr",
        "image": "https:\/\/cdn-consum.aktiosdigitalservices.com\/tol\/consum\/media\/product\/img\/300x300\/7446115.jpg?t=20250205080857"
    },
    {
        "id": 35528,
        "name": "Quitamanchas Ropa Color CONSUM",
        "price": 1.75,
        "price_kilo": 0.88,
        "slug": "quitamanchas-ropa-color",
        "description": "Quitamanchas Ropa Color 2 L",
        "image": "https:\/\/cdn-consum.aktiosdigitalservices.com\/tol\/consum\/media\/product\/img\/300x300\/7432834.jpg?t=20250109110759"
    },
    {
        "id": 35827,
        "name": "Barquillos Rellenos de Chocolate CONSUM",
        "price": 0.79,
        "price_kilo": 5.27,
        "slug": "barquillos-rellenos-de-chocolate",
        "description": "Barquillos Rellenos de Chocolate 150 Gr",
        "image": "https:\/\/cdn-consum.aktiosdigitalservices.com\/tol\/consum\/media\/product\/img\/300x300\/7416514.jpg?t=20250312092829"
    },
    {
        "id": 35919,
        "name": "Or\u00e9gano CONSUM",
        "price": 0.7,
        "price_kilo": 3.89,
        "slug": "oregano",
        "description": "Or\u00e9gano 18 Gr",
        "image": "https:\/\/cdn-consum.aktiosdigitalservices.com\/tol\/consum\/media\/product\/img\/300x300\/7435865.jpg?t=20250312161449"
    },
    {
        "id": 35928,
        "name": "Gamba Blanca Cocida CONSUM",
        "price": 5.49,
        "price_kilo": 18.3,
        "slug": "gamba-blanca-cocida",
        "description": "Gamba Blanca Cocida 300 Gr",
        "image": "https:\/\/cdn-consum.aktiosdigitalservices.com\/tol\/consum\/media\/product\/img\/300x300\/7440076.jpg?t=20250312130359"
    },
    {
        "id": 35930,
        "name": "Rulo de Cabra CONSUM",
        "price": 2.11,
        "price_kilo": 11.72,
        "slug": "rulo-de-cabra",
        "description": "Rulo de Cabra 180 Gr",
        "image": "https:\/\/cdn-consum.aktiosdigitalservices.com\/tol\/consum\/media\/product\/img\/300x300\/7446032.jpg?t=20250312161603"
    },
    {
        "id": 5748,
        "name": "Pasta Maravilla Paquete CONSUM",
        "price": 0.8,
        "price_kilo": 1.6,
        "slug": "pasta-maravilla-paquete",
        "description": "Pasta Maravilla Paquete 500 Gr",
        "image": "https:\/\/cdn-consum.aktiosdigitalservices.com\/tol\/consum\/media\/product\/img\/300x300\/7060564.jpg?t=20250319075754"
    },
    {
        "id": 9300,
        "name": "Patatas Fritas Sin Sal A\u00f1adida Bolsa CONSUM",
        "price": 1.29,
        "price_kilo": 9.92,
        "slug": "patatas-fritas-sin-sal-anadida-bolsa",
        "description": "Patatas Fritas Sin Sal A\u00f1adida Bolsa 130 Gr",
        "image": "https:\/\/cdn-consum.aktiosdigitalservices.com\/tol\/consum\/media\/product\/img\/300x300\/7153799.jpg?t=20250319075816"
    },
    {
        "id": 9875,
        "name": "Aceitunas Rellenas de Anchoas Lata CONSUM",
        "price": 4.59,
        "price_kilo": 7.65,
        "slug": "aceitunas-rellenas-de-anchoas-lata",
        "description": "Aceitunas Rellenas de Anchoas Lata 600 Gr",
        "image": "https:\/\/cdn-consum.aktiosdigitalservices.com\/tol\/consum\/media\/product\/img\/300x300\/7034122.jpg?t=20250318075907"
    },
    {
        "id": 18854,
        "name": "Salchichas Viena 2 Unidades CONSUM",
        "price": 1.7,
        "price_kilo": 4.86,
        "slug": "salchichas-viena-2-unidades",
        "description": "Salchichas Viena 2 Unidades 2 x 175 Gr",
        "image": "https:\/\/cdn-consum.aktiosdigitalservices.com\/tol\/consum\/media\/product\/img\/300x300\/7269603.jpg?t=20250318080225"
    },
    {
        "id": 23691,
        "name": "Caramelo Naranja - Lim\u00f3n CONSUM",
        "price": 1.15,
        "price_kilo": 7.67,
        "slug": "caramelo-naranja---limon",
        "description": "Caramelo Naranja - Lim\u00f3n 150 Gr",
        "image": "https:\/\/cdn-consum.aktiosdigitalservices.com\/tol\/consum\/media\/product\/img\/300x300\/7342306.jpg?t=20250319075921"
    },
    {
        "id": 25155,
        "name": "Gel Limpiador Hidratante con Aloe Vera KYREY",
        "price": 2.55,
        "price_kilo": 1.28,
        "slug": "gel-limpiador-hidratante-con-aloe-vera",
        "description": "Gel Limpiador Hidratante con Aloe Vera 200 ml",
        "image": "https:\/\/cdn-consum.aktiosdigitalservices.com\/tol\/consum\/media\/product\/img\/300x300\/7345908.jpg?t=20250318080406"
    },
    {
        "id": 26744,
        "name": "Fregona Tiras Decoradas CONSUM",
        "price": 1.75,
        "price_kilo": 0.88,
        "slug": "fregona-tiras-decoradas",
        "description": "Fregona Tiras Decoradas 2 U",
        "image": "https:\/\/cdn-consum.aktiosdigitalservices.com\/tol\/consum\/media\/product\/img\/300x300\/7367399.jpg?t=20241217081211"
    },
    {
        "id": 26965,
        "name": "Bastoncillos Infantiles 100 % Algod\u00f3n CONSUM KIDS",
        "price": 1.05,
        "price_kilo": 0.02,
        "slug": "bastoncillos-infantiles-100-algodon",
        "description": "Bastoncillos Infantiles 100 % Algod\u00f3n 60 U",
        "image": "https:\/\/cdn-consum.aktiosdigitalservices.com\/tol\/consum\/media\/product\/img\/300x300\/7368343.jpg?t=20241217081213"
    },
    {
        "id": 27075,
        "name": "Desodorante Spray Excess KYREY",
        "price": 1.99,
        "price_kilo": 1,
        "slug": "desodorante-spray-excess",
        "description": "Desodorante Spray Excess 200 ml",
        "image": "https:\/\/cdn-consum.aktiosdigitalservices.com\/tol\/consum\/media\/product\/img\/300x300\/7345999.jpg?t=20241217081155"
    },
    {
        "id": 27144,
        "name": "Yogur con Fresa Pack 2 Unidades CONSUM",
        "price": 1.25,
        "price_kilo": 5,
        "slug": "yogur-con-fresa-pack-2-unidades",
        "description": "Yogur con Fresa Pack 2 Unidades 2 x 125 Gr",
        "image": "https:\/\/cdn-consum.aktiosdigitalservices.com\/tol\/consum\/media\/product\/img\/300x300\/7371037.jpg?t=20250304113228"
    },
    {
        "id": 27337,
        "name": "Gazpacho Natural Tradicional CONSUM",
        "price": 2.85,
        "price_kilo": 2.85,
        "slug": "gazpacho-natural-tradicional",
        "description": "Gazpacho Natural Tradicional 1 L",
        "image": "https:\/\/cdn-consum.aktiosdigitalservices.com\/tol\/consum\/media\/product\/img\/300x300\/7381502.jpg?t=20250213080318"
    },
    {
        "id": 27505,
        "name": "Comida Seca Perro Razas Peque\u00f1as Pollo VITALITY",
        "price": 3.85,
        "price_kilo": 1.93,
        "slug": "comida-seca-perro-razas-pequenas-pollo",
        "description": "Comida Seca Perro Razas Peque\u00f1as Pollo 2 Kg",
        "image": "https:\/\/cdn-consum.aktiosdigitalservices.com\/tol\/consum\/media\/product\/img\/300x300\/7363265.jpg?t=20250227093546"
    },
    {
        "id": 27538,
        "name": "Bandas Depilatorias Ingles y Axilas KYREY",
        "price": 1.35,
        "price_kilo": 0.08,
        "slug": "bandas-depilatorias-ingles-y-axilas",
        "description": "Bandas Depilatorias Ingles y Axilas 16 U",
        "image": "https:\/\/cdn-consum.aktiosdigitalservices.com\/tol\/consum\/media\/product\/img\/300x300\/7369858.jpg?t=20250314121612"
    },
    {
        "id": 27542,
        "name": "Salsa Carbonara Frasco CONSUM",
        "price": 1.69,
        "price_kilo": 5.63,
        "slug": "salsa-carbonara-frasco",
        "description": "Salsa Carbonara Frasco 300 Gr",
        "image": "https:\/\/cdn-consum.aktiosdigitalservices.com\/tol\/consum\/media\/product\/img\/300x300\/7372159.jpg?t=20241217081215"
    },
    {
        "id": 27592,
        "name": "Yogur Sabor Vainilla con Bolitas de Chocolate CONSUM KIDS",
        "price": 1.15,
        "price_kilo": 4.71,
        "slug": "yogur-sabor-vainilla-con-bolitas-de-chocolate",
        "description": "Yogur Sabor Vainilla con Bolitas de Chocolate 2 x 122 Gr",
        "image": "https:\/\/cdn-consum.aktiosdigitalservices.com\/tol\/consum\/media\/product\/img\/300x300\/7360761.jpg?t=20250205080501"
    },
    {
        "id": 27752,
        "name": "Crema Manos Oliva Pieles Secas KYREY",
        "price": 1.55,
        "price_kilo": 1.55,
        "slug": "crema-manos-oliva-pieles-secas",
        "description": "Crema Manos Oliva Pieles Secas 100 ml",
        "image": "https:\/\/cdn-consum.aktiosdigitalservices.com\/tol\/consum\/media\/product\/img\/300x300\/7364466.jpg?t=20241217081209"
    },
    {
        "id": 27775,
        "name": "Maxi Petit Fresa, Pl\u00e1tano y Fresa-Pl\u00e1tano CONSUM KIDS",
        "price": 1.55,
        "price_kilo": 2.58,
        "slug": "maxi-petit-fresa-platano-y-fresa-platano",
        "description": "Maxi Petit Fresa, Pl\u00e1tano y Fresa-Pl\u00e1tano 6 x 100 Gr",
        "image": "https:\/\/cdn-consum.aktiosdigitalservices.com\/tol\/consum\/media\/product\/img\/300x300\/7376978.jpg?t=20250103082156"
    },
    {
        "id": 28020,
        "name": "Ar\u00e1ndano Desecado Doypack CONSUM",
        "price": 2.55,
        "price_kilo": 12.75,
        "slug": "arandano-desecado-doypack",
        "description": "Ar\u00e1ndano Desecado Doypack 200 Gr",
        "image": "https:\/\/cdn-consum.aktiosdigitalservices.com\/tol\/consum\/media\/product\/img\/300x300\/7381247.jpg?t=20250108081706"
    },
    {
        "id": 28335,
        "name": "Aceituna Estilo Casero Bote CONSUM",
        "price": 2.69,
        "price_kilo": 5.38,
        "slug": "aceituna-estilo-casero-bote",
        "description": "Aceituna Estilo Casero Bote 500 Gr",
        "image": "https:\/\/cdn-consum.aktiosdigitalservices.com\/tol\/consum\/media\/product\/img\/300x300\/7387947.jpg?t=20250318080511"
    },
    {
        "id": 28488,
        "name": "Escarola Bolsa CONSUM",
        "price": 1.24,
        "price_kilo": 8.27,
        "slug": "escarola-bolsa",
        "description": "Escarola Bolsa 150 Gr",
        "image": "https:\/\/cdn-consum.aktiosdigitalservices.com\/tol\/consum\/media\/product\/img\/300x300\/7392322.jpg?t=20250121080704"
    },
    {
        "id": 28885,
        "name": "Renovador Brillo Suelos CONSUM",
        "price": 1.69,
        "price_kilo": 1.35,
        "slug": "renovador-brillo-suelos",
        "description": "Renovador Brillo Suelos 1,25 L",
        "image": "https:\/\/cdn-consum.aktiosdigitalservices.com\/tol\/consum\/media\/product\/img\/300x300\/7382997.jpg?t=20241217081222"
    },
    {
        "id": 29249,
        "name": "Quinoa y Lentejas congeladas CONSUM",
        "price": 2.39,
        "price_kilo": 6.83,
        "slug": "quinoa-y-lentejas-congeladas",
        "description": "Quinoa y Lentejas congeladas 350 Gr",
        "image": "https:\/\/cdn-consum.aktiosdigitalservices.com\/tol\/consum\/media\/product\/img\/300x300\/7387392.jpg?t=20241217081225"
    },
    {
        "id": 29258,
        "name": "Crema Pa\u00f1al Sin Perfume CONSUM KIDS",
        "price": 2.75,
        "price_kilo": 2.75,
        "slug": "crema-panal-sin-perfume",
        "description": "Crema Pa\u00f1al Sin Perfume 100 ml",
        "image": "https:\/\/cdn-consum.aktiosdigitalservices.com\/tol\/consum\/media\/product\/img\/300x300\/7398527.jpg?t=20241217081237"
    },
    {
        "id": 29292,
        "name": "Ventresca de At\u00fan Claro en Aceite de Oliva CONSUM",
        "price": 3.09,
        "price_kilo": 42.62,
        "slug": "ventresca-de-atun-claro-en-aceite-de-oliva",
        "description": "Ventresca de At\u00fan Claro en Aceite de Oliva 72,5 Gr",
        "image": "https:\/\/cdn-consum.aktiosdigitalservices.com\/tol\/consum\/media\/product\/img\/300x300\/7369890.jpg?t=20241217081214"
    },
    {
        "id": 29346,
        "name": "Nachos de Ma\u00edz Tex Mex Bolsa CONSUM",
        "price": 0.9,
        "price_kilo": 6,
        "slug": "nachos-de-maiz-tex-mex-bolsa",
        "description": "Nachos de Ma\u00edz Tex Mex Bolsa 150 Gr",
        "image": "https:\/\/cdn-consum.aktiosdigitalservices.com\/tol\/consum\/media\/product\/img\/300x300\/7392780.jpg?t=20250304113633"
    },
    {
        "id": 29702,
        "name": "Yogur L\u00edquido con Fresa-Pl\u00e1tano CONSUM",
        "price": 1.37,
        "price_kilo": 1.37,
        "slug": "yogur-liquido-con-fresa-platano",
        "description": "Yogur L\u00edquido con Fresa-Pl\u00e1tano 1000 Gr",
        "image": "https:\/\/cdn-consum.aktiosdigitalservices.com\/tol\/consum\/media\/product\/img\/300x300\/7391063.jpg?t=20241223080443"
    },
    {
        "id": 29752,
        "name": "C\u00f3ctel Mix Crudo Natural Doypack CONSUM",
        "price": 2.24,
        "price_kilo": 14.93,
        "slug": "coctel-mix-crudo-natural-doypack",
        "description": "C\u00f3ctel Mix Crudo Natural Doypack 150 Gr",
        "image": "https:\/\/cdn-consum.aktiosdigitalservices.com\/tol\/consum\/media\/product\/img\/300x300\/7397912.jpg?t=20250103082338"
    },
    {
        "id": 29880,
        "name": "Torreznos Adobados Bolsa CONSUM",
        "price": 2.3,
        "price_kilo": 15.33,
        "slug": "torreznos-adobados-bolsa",
        "description": "Torreznos Adobados Bolsa 150 Gr",
        "image": "https:\/\/cdn-consum.aktiosdigitalservices.com\/tol\/consum\/media\/product\/img\/300x300\/7397722.jpg?t=20250312092817"
    },
    {
        "id": 30048,
        "name": "Limpiador Antical Pistola CONSUM",
        "price": 1.65,
        "price_kilo": 2.2,
        "slug": "limpiador-antical-pistola",
        "description": "Limpiador Antical Pistola 750 ml",
        "image": "https:\/\/cdn-consum.aktiosdigitalservices.com\/tol\/consum\/media\/product\/img\/300x300\/7396620.jpg?t=20241217081236"
    },
    {
        "id": 30114,
        "name": "Caf\u00e9 Descafeinado 16 C\u00e1psulas CONSUM",
        "price": 3.3,
        "price_kilo": 0.21,
        "slug": "cafe-descafeinado-16-capsulas",
        "description": "Caf\u00e9 Descafeinado 16 C\u00e1psulas 16 U",
        "image": "https:\/\/cdn-consum.aktiosdigitalservices.com\/tol\/consum\/media\/product\/img\/300x300\/7404478.jpg?t=20250311112141"
    },
    {
        "id": 30454,
        "name": "Caf\u00e9 Grano Natural CONSUM",
        "price": 5.75,
        "price_kilo": 11.5,
        "slug": "cafe-grano-natural",
        "description": "Caf\u00e9 Grano Natural 500 Gr",
        "image": "https:\/\/cdn-consum.aktiosdigitalservices.com\/tol\/consum\/media\/product\/img\/300x300\/7386118.jpg?t=20250312092807"
    },
    {
        "id": 30613,
        "name": "Salsa Ligera Tarro CONSUM",
        "price": 0.99,
        "price_kilo": 4.4,
        "slug": "salsa-ligera-tarro",
        "description": "Salsa Ligera Tarro 225 ml",
        "image": "https:\/\/cdn-consum.aktiosdigitalservices.com\/tol\/consum\/media\/product\/img\/300x300\/7399306.jpg?t=20250220080916"
    },
    {
        "id": 30900,
        "name": "Pastillas Lavavajillas Cl\u00e1sicas CONSUM",
        "price": 3.99,
        "price_kilo": 0.08,
        "slug": "pastillas-lavavajillas-clasicas",
        "description": "Pastillas Lavavajillas Cl\u00e1sicas 50 Do",
        "image": "https:\/\/cdn-consum.aktiosdigitalservices.com\/tol\/consum\/media\/product\/img\/300x300\/7401243.jpg?t=20250312092819"
    },
    {
        "id": 30961,
        "name": "Protege Slip Adaptable KYREY",
        "price": 1.39,
        "price_kilo": 0.05,
        "slug": "protege-slip-adaptable",
        "description": "Protege Slip Adaptable 30 U",
        "image": "https:\/\/cdn-consum.aktiosdigitalservices.com\/tol\/consum\/media\/product\/img\/300x300\/7356764.jpg?t=20250218080841"
    },
    {
        "id": 31322,
        "name": "Protector Solar FP 20 Spray KYREY",
        "price": 5.85,
        "price_kilo": 2.34,
        "slug": "protector-solar-fp-20-spray",
        "description": "Protector Solar FP 20 Spray 250 ml",
        "image": "https:\/\/cdn-consum.aktiosdigitalservices.com\/tol\/consum\/media\/product\/img\/300x300\/7393762.jpg?t=20250312092815"
    },
    {
        "id": 31323,
        "name": "Protector Solar FP 30 Spray KYREY",
        "price": 6,
        "price_kilo": 2.4,
        "slug": "protector-solar-fp-30-spray",
        "description": "Protector Solar FP 30 Spray 250 ml",
        "image": "https:\/\/cdn-consum.aktiosdigitalservices.com\/tol\/consum\/media\/product\/img\/300x300\/7393767.jpg?t=20250312092815"
    },
    {
        "id": 31848,
        "name": "Bebida L\u00e1ctea 0%0% Prote\u00edna Sabor Vainilla CONSUM",
        "price": 1.75,
        "price_kilo": 5.3,
        "slug": "bebida-lactea-00-proteina-sabor-vainilla",
        "description": "Bebida L\u00e1ctea 0%0% Prote\u00edna Sabor Vainilla 330 ml",
        "image": "https:\/\/cdn-consum.aktiosdigitalservices.com\/tol\/consum\/media\/product\/img\/300x300\/7397529.jpg?t=20250206095420"
    },
    {
        "id": 31953,
        "name": "Palomitas Gouda CONSUM",
        "price": 2.99,
        "price_kilo": 7.48,
        "slug": "palomitas-gouda",
        "description": "Palomitas Gouda 400 Gr",
        "image": "https:\/\/cdn-consum.aktiosdigitalservices.com\/tol\/consum\/media\/product\/img\/300x300\/7411390.jpg?t=20250227094340"
    },
    {
        "id": 32002,
        "name": "Almendra Tostada Sin Sal Bolsa CONSUM",
        "price": 3.25,
        "price_kilo": 16.25,
        "slug": "almendra-tostada-sin-sal-bolsa",
        "description": "Almendra Tostada Sin Sal Bolsa 200 Gr",
        "image": "https:\/\/cdn-consum.aktiosdigitalservices.com\/tol\/consum\/media\/product\/img\/300x300\/7410348.jpg?t=20250221080145"
    },
    {
        "id": 32003,
        "name": "Tarrina Stawberry Cheesecake CONSUM",
        "price": 3.15,
        "price_kilo": 9,
        "slug": "tarrina-stawberry-cheesecake",
        "description": "Tarrina Stawberry Cheesecake 350 Gr",
        "image": "https:\/\/cdn-consum.aktiosdigitalservices.com\/tol\/consum\/media\/product\/img\/300x300\/7412455.jpg?t=20250304115754"
    },
    {
        "id": 32229,
        "name": "S\u00e1ndwich Vainilla Cookies Vegano x4 CONSUM",
        "price": 2.99,
        "price_kilo": 10.99,
        "slug": "sandwich-vainilla-cookies-vegano-x4",
        "description": "S\u00e1ndwich Vainilla Cookies Vegano x4 272 Gr",
        "image": "https:\/\/cdn-consum.aktiosdigitalservices.com\/tol\/consum\/media\/product\/img\/300x300\/7412476.jpg?t=20250315075913"
    },
    {
        "id": 32302,
        "name": "Aceite de Oliva Suave CONSUM",
        "price": 13.39,
        "price_kilo": 4.46,
        "slug": "aceite-de-oliva-suave",
        "description": "Aceite de Oliva Suave 3 L",
        "image": "https:\/\/cdn-consum.aktiosdigitalservices.com\/tol\/consum\/media\/product\/img\/300x300\/7414808.jpg?t=20250311112434"
    },
    {
        "id": 32359,
        "name": "Champ\u00fa Purificante KYREY",
        "price": 2.05,
        "price_kilo": 0.51,
        "slug": "champu-purificante",
        "description": "Champ\u00fa Purificante 400 ml",
        "image": "https:\/\/cdn-consum.aktiosdigitalservices.com\/tol\/consum\/media\/product\/img\/300x300\/7398899.jpg?t=20241217081238"
    },
    {
        "id": 32390,
        "name": "Mascarilla Rizos KYREY",
        "price": 1.65,
        "price_kilo": 0.66,
        "slug": "mascarilla-rizos",
        "description": "Mascarilla Rizos 250 ml",
        "image": "https:\/\/cdn-consum.aktiosdigitalservices.com\/tol\/consum\/media\/product\/img\/300x300\/7398824.jpg?t=20241217081237"
    },
    {
        "id": 32856,
        "name": "Patatas Extra Crujientes Aceite Oliva Bolsa CONSUM",
        "price": 1.99,
        "price_kilo": 15.31,
        "slug": "patatas-extra-crujientes-aceite-oliva-bolsa",
        "description": "Patatas Extra Crujientes Aceite Oliva Bolsa 130 Gr",
        "image": "https:\/\/cdn-consum.aktiosdigitalservices.com\/tol\/consum\/media\/product\/img\/300x300\/7425606.jpg?t=20250109110051"
    },
    {
        "id": 32950,
        "name": "Rodaja At\u00fan Marinado Congelado MSC CONSUM",
        "price": 4.66,
        "price_kilo": 18.65,
        "slug": "rodaja-atun-marinado-congelado-msc",
        "description": "Rodaja At\u00fan Marinado Congelado MSC",
        "image": "https:\/\/cdn-consum.aktiosdigitalservices.com\/tol\/consum\/media\/product\/img\/300x300\/7427813.jpg?t=20250311125350"
    },
    {
        "id": 33121,
        "name": "Detergente C\u00e1psulas Essence CONSUM",
        "price": 4.49,
        "price_kilo": 0.19,
        "slug": "detergente-capsulas-essence",
        "description": "Detergente C\u00e1psulas Essence 24 Lv",
        "image": "https:\/\/cdn-consum.aktiosdigitalservices.com\/tol\/consum\/media\/product\/img\/300x300\/7423734.jpg?t=20250312092835"
    },
    {
        "id": 33363,
        "name": "Esponja de Ba\u00f1o Masaje-Exfoliante KYREY",
        "price": 1.3,
        "price_kilo": 0.65,
        "slug": "esponja-de-bano-masaje-exfoliante",
        "description": "Esponja de Ba\u00f1o Masaje-Exfoliante 2 U",
        "image": "https:\/\/cdn-consum.aktiosdigitalservices.com\/tol\/consum\/media\/product\/img\/300x300\/7398345.jpg?t=20250206095430"
    },
    {
        "id": 33365,
        "name": "Queso Rallado Gouda CONSUM",
        "price": 1.61,
        "price_kilo": 8.05,
        "slug": "queso-rallado-gouda",
        "description": "Queso Rallado Gouda 200 Gr",
        "image": "https:\/\/cdn-consum.aktiosdigitalservices.com\/tol\/consum\/media\/product\/img\/300x300\/7412781.jpg?t=20250103082437"
    },
    {
        "id": 33402,
        "name": "Patatas Horno Extra Crujiente CONSUM",
        "price": 2.75,
        "price_kilo": 2.75,
        "slug": "patatas-horno-extra-crujiente",
        "description": "Patatas Horno Extra Crujiente 1 Kg",
        "image": "https:\/\/cdn-consum.aktiosdigitalservices.com\/tol\/consum\/media\/product\/img\/300x300\/7417413.jpg?t=20250103082519"
    },
    {
        "id": 33496,
        "name": "Piquitos Bajos en Sal CONSUM",
        "price": 1.23,
        "price_kilo": 4.92,
        "slug": "piquitos-bajos-en-sal",
        "description": "Piquitos Bajos en Sal 250 Gr",
        "image": "https:\/\/cdn-consum.aktiosdigitalservices.com\/tol\/consum\/media\/product\/img\/300x300\/7432920.jpg?t=20250311113007"
    },
    {
        "id": 33504,
        "name": "Filetes de Melva en Aceite de Oliva CONSUM",
        "price": 1.9,
        "price_kilo": 24.36,
        "slug": "filetes-de-melva-en-aceite-de-oliva",
        "description": "Filetes de Melva en Aceite de Oliva 78 Gr",
        "image": "https:\/\/cdn-consum.aktiosdigitalservices.com\/tol\/consum\/media\/product\/img\/300x300\/7426638.jpg?t=20241217081317"
    },
    {
        "id": 33651,
        "name": "Ensalada Americana CONSUM",
        "price": 1.6,
        "price_kilo": 6.4,
        "slug": "ensalada-americana",
        "description": "Ensalada Americana 250 Gr",
        "image": "https:\/\/cdn-consum.aktiosdigitalservices.com\/tol\/consum\/media\/product\/img\/300x300\/7428167.jpg?t=20241217081319"
    },
    {
        "id": 34065,
        "name": "Harina de Trigo Reposter\u00eda CONSUM",
        "price": 1.09,
        "price_kilo": 1.09,
        "slug": "harina-de-trigo-reposteria",
        "description": "Harina de Trigo Reposter\u00eda 1 Kg",
        "image": "https:\/\/cdn-consum.aktiosdigitalservices.com\/tol\/consum\/media\/product\/img\/300x300\/7426083.jpg?t=20250312092836"
    },
    {
        "id": 34513,
        "name": "Tarrina Turr\u00f3n CONSUM",
        "price": 3.25,
        "price_kilo": 6.5,
        "slug": "tarrina-turron",
        "description": "Tarrina Turr\u00f3n 500 ml",
        "image": "https:\/\/cdn-consum.aktiosdigitalservices.com\/tol\/consum\/media\/product\/img\/300x300\/7431653.jpg?t=20250109110624"
    },
    {
        "id": 35105,
        "name": "K\u00e9tchup Zero CONSUM",
        "price": 1.39,
        "price_kilo": 2.62,
        "slug": "ketchup-zero",
        "description": "K\u00e9tchup Zero 530 Gr",
        "image": "https:\/\/cdn-consum.aktiosdigitalservices.com\/tol\/consum\/media\/product\/img\/300x300\/7438505.jpg?t=20241217081347"
    },
    {
        "id": 35179,
        "name": "Chocolate con Leche sin Az\u00facar CONSUM",
        "price": 1.69,
        "price_kilo": 13.52,
        "slug": "chocolate-con-leche-sin-azucar",
        "description": "Chocolate con Leche sin Az\u00facar 125 Gr",
        "image": "https:\/\/cdn-consum.aktiosdigitalservices.com\/tol\/consum\/media\/product\/img\/300x300\/7431992.jpg?t=20250311134906"
    },
    {
        "id": 35367,
        "name": "K\u00e9fir Natural S\u00f3lido CONSUM",
        "price": 1.18,
        "price_kilo": 2.36,
        "slug": "kefir-natural-solido",
        "description": "K\u00e9fir Natural S\u00f3lido 500 Gr",
        "image": "https:\/\/cdn-consum.aktiosdigitalservices.com\/tol\/consum\/media\/product\/img\/300x300\/7432735.jpg?t=20241223080617"
    },
    {
        "id": 35473,
        "name": "Infusi\u00f3n Jengibre y Lim\u00f3n 20 Bolsitas CONSUM",
        "price": 1.35,
        "price_kilo": 0.07,
        "slug": "infusion-jengibre-y-limon-20-bolsitas",
        "description": "Infusi\u00f3n Jengibre y Lim\u00f3n 20 Bolsitas 20 U",
        "image": "https:\/\/cdn-consum.aktiosdigitalservices.com\/tol\/consum\/media\/product\/img\/300x300\/7438463.jpg?t=20250311134955"
    },
    {
        "id": 35620,
        "name": "Detergente L\u00edquido Ropa Blanca y Color CONSUM",
        "price": 5.65,
        "price_kilo": 0.12,
        "slug": "detergente-liquido-ropa-blanca-y-color",
        "description": "Detergente L\u00edquido Ropa Blanca y Color 46 Lv",
        "image": "https:\/\/cdn-consum.aktiosdigitalservices.com\/tol\/consum\/media\/product\/img\/300x300\/7440600.jpg?t=20250312092857"
    },
    {
        "id": 35717,
        "name": "Leche Fresca Semi Botella CONSUM",
        "price": 1.03,
        "price_kilo": 1.03,
        "slug": "leche-fresca-semi-botella",
        "description": "Leche Fresca Semi Botella 1 L",
        "image": "https:\/\/cdn-consum.aktiosdigitalservices.com\/tol\/consum\/media\/product\/img\/300x300\/7435758.jpg?t=20250311113139"
    },
    {
        "id": 35775,
        "name": "Preparado Pescado y Marisco CONSUM",
        "price": 3.99,
        "price_kilo": 7.98,
        "slug": "preparado-pescado-y-marisco",
        "description": "Preparado Pescado y Marisco 500 Gr",
        "image": "https:\/\/cdn-consum.aktiosdigitalservices.com\/tol\/consum\/media\/product\/img\/300x300\/7442387.jpg?t=20250319080047"
    },
    {
        "id": 35918,
        "name": "Pimienta Negra Molida CONSUM",
        "price": 1.2,
        "price_kilo": 18.46,
        "slug": "pimienta-negra-molida",
        "description": "Pimienta Negra Molida 65 Gr",
        "image": "https:\/\/cdn-consum.aktiosdigitalservices.com\/tol\/consum\/media\/product\/img\/300x300\/7435832.jpg?t=20250312161443"
    },
    {
        "id": 35924,
        "name": "Molinillo Pimienta Negra CONSUM",
        "price": 1.7,
        "price_kilo": 28.33,
        "slug": "molinillo-pimienta-negra",
        "description": "Molinillo Pimienta Negra 60 Gr",
        "image": "https:\/\/cdn-consum.aktiosdigitalservices.com\/tol\/consum\/media\/product\/img\/300x300\/7435936.jpg?t=20250312161456"
    },
    {
        "id": 39330,
        "name": "Eliminador de Olores Ropa y Tejidos CONSUM",
        "price": 1.7,
        "price_kilo": 3.4,
        "slug": "eliminador-de-olores-ropa-y-tejidos",
        "description": "Eliminador de Olores Ropa y Tejidos 500 ml",
        "image": "https:\/\/cdn-consum.aktiosdigitalservices.com\/tol\/consum\/media\/product\/img\/300x300\/7432862.jpg?t=20250312092842"
    },
    {
        "id": 39335,
        "name": "Laurel en Hojas CONSUM",
        "price": 0.85,
        "price_kilo": 7.08,
        "slug": "laurel-en-hojas",
        "description": "Laurel en Hojas 12 Gr",
        "image": "https:\/\/cdn-consum.aktiosdigitalservices.com\/tol\/consum\/media\/product\/img\/300x300\/7435956.jpg?t=20250312092851"
    },
    {
        "id": 39443,
        "name": "Nuez Grano Nacional Doypack CONSUM",
        "price": 2.29,
        "price_kilo": 15.27,
        "slug": "nuez-grano-nacional-doypack",
        "description": "Nuez Grano Nacional Doypack 150 Gr",
        "image": "https:\/\/cdn-consum.aktiosdigitalservices.com\/tol\/consum\/media\/product\/img\/300x300\/7441314.jpg?t=20250312092858"
    },
    {
        "id": 39477,
        "name": "Queso Semicurado Cu\u00f1a CONSUM",
        "price": 3.27,
        "price_kilo": 10.04,
        "slug": "queso-semicurado-cuna",
        "description": "Queso Semicurado Cu\u00f1a",
        "image": "https:\/\/cdn-consum.aktiosdigitalservices.com\/tol\/consum\/media\/product\/img\/300x300\/7450497.jpg?t=20250319080051"
    },
    {
        "id": 39545,
        "name": "Cereales Rellenos Crema con Leche CONSUM KIDS",
        "price": 2.4,
        "price_kilo": 4.8,
        "slug": "cereales-rellenos-crema-con-leche",
        "description": "Cereales Rellenos Crema con Leche 500 Gr",
        "image": "https:\/\/cdn-consum.aktiosdigitalservices.com\/tol\/consum\/media\/product\/img\/300x300\/7435118.jpg?t=20250312092847"
    },
    {
        "id": 5572,
        "name": "Batido de Cacao Botella CONSUM",
        "price": 1.25,
        "price_kilo": 1.25,
        "slug": "batido-de-cacao-botella",
        "description": "Batido de Cacao Botella 1 L",
        "image": "https:\/\/cdn-consum.aktiosdigitalservices.com\/tol\/consum\/media\/product\/img\/300x300\/7042695.jpg?t=20250319075742"
    },
    {
        "id": 8295,
        "name": "Aceitunas Manzanilla con Hueso en Frasco CONSUM",
        "price": 2.79,
        "price_kilo": 5.58,
        "slug": "aceitunas-manzanilla-con-hueso-en-frasco",
        "description": "Aceitunas Manzanilla con Hueso en Frasco 500 Gr",
        "image": "https:\/\/cdn-consum.aktiosdigitalservices.com\/tol\/consum\/media\/product\/img\/300x300\/7047470.jpg?t=20250318075917"
    },
    {
        "id": 18853,
        "name": "Salchichas Frankfurt 2 Unidades CONSUM",
        "price": 2.62,
        "price_kilo": 6.55,
        "slug": "salchichas-frankfurt-2-unidades",
        "description": "Salchichas Frankfurt 2 Unidades 2 x 200 Gr",
        "image": "https:\/\/cdn-consum.aktiosdigitalservices.com\/tol\/consum\/media\/product\/img\/300x300\/7269587.jpg?t=20250318080223"
    },
    {
        "id": 26745,
        "name": "Bebida L\u00e1ctea 0%0% Prote\u00edna Sabor Chocolate CONSUM",
        "price": 1.75,
        "price_kilo": 5.3,
        "slug": "bebida-lactea-00-proteina-sabor-chocolate",
        "description": "Bebida L\u00e1ctea 0%0% Prote\u00edna Sabor Chocolate 330 ml",
        "image": "https:\/\/cdn-consum.aktiosdigitalservices.com\/tol\/consum\/media\/product\/img\/300x300\/7369460.jpg?t=20250206094536"
    },
    {
        "id": 26905,
        "name": "Fiambre de Pavo Lata CONSUM",
        "price": 2.59,
        "price_kilo": 11.77,
        "slug": "fiambre-de-pavo-lata",
        "description": "Fiambre de Pavo Lata 210 Gr",
        "image": "https:\/\/cdn-consum.aktiosdigitalservices.com\/tol\/consum\/media\/product\/img\/300x300\/7361041.jpg?t=20241221080142"
    },
    {
        "id": 27129,
        "name": "Crema de Noche \u00c1cido Hialur\u00f3nico KYREY",
        "price": 5.99,
        "price_kilo": 11.98,
        "slug": "crema-de-noche-acido-hialuronico",
        "description": "Crema de Noche \u00c1cido Hialur\u00f3nico 50 ml",
        "image": "https:\/\/cdn-consum.aktiosdigitalservices.com\/tol\/consum\/media\/product\/img\/300x300\/7380801.jpg?t=20250204082236"
    },
    {
        "id": 27140,
        "name": "Gelatina Prote\u00edna 00% Plus Sabor Frutos Rojos CONSUM",
        "price": 1.55,
        "price_kilo": 3.88,
        "slug": "gelatina-proteina-00-plus-sabor-frutos-rojos",
        "description": "Gelatina Prote\u00edna 00% Plus Sabor Frutos Rojos 4 x 100 Gr - Refrigerado",
        "image": "https:\/\/cdn-consum.aktiosdigitalservices.com\/tol\/consum\/media\/product\/img\/300x300\/7368926.jpg?t=20241217081214"
    },
    {
        "id": 27339,
        "name": "Salmorejo Natural CONSUM",
        "price": 1.3,
        "price_kilo": 3.94,
        "slug": "salmorejo-natural",
        "description": "Salmorejo Natural 330 ml",
        "image": "https:\/\/cdn-consum.aktiosdigitalservices.com\/tol\/consum\/media\/product\/img\/300x300\/7381510.jpg?t=20241217081221"
    },
    {
        "id": 28072,
        "name": "Nuez Macadamia Natural Doypack CONSUM",
        "price": 3.02,
        "price_kilo": 30.2,
        "slug": "nuez-macadamia-natural-doypack",
        "description": "Nuez Macadamia Natural Doypack 100 Gr",
        "image": "https:\/\/cdn-consum.aktiosdigitalservices.com\/tol\/consum\/media\/product\/img\/300x300\/7382245.jpg?t=20250122080029"
    },
    {
        "id": 28689,
        "name": "Alubias a la Jardinera Bote CONSUM",
        "price": 1.2,
        "price_kilo": 2.79,
        "slug": "alubias-a-la-jardinera-bote",
        "description": "Alubias a la Jardinera Bote 430 Gr",
        "image": "https:\/\/cdn-consum.aktiosdigitalservices.com\/tol\/consum\/media\/product\/img\/300x300\/7385164.jpg?t=20241225075912"
    },
    {
        "id": 29062,
        "name": "Espuma Rizos KYREY",
        "price": 2.3,
        "price_kilo": 0.77,
        "slug": "espuma-rizos",
        "description": "Espuma Rizos 300 ml",
        "image": "https:\/\/cdn-consum.aktiosdigitalservices.com\/tol\/consum\/media\/product\/img\/300x300\/7358336.jpg?t=20241217081205"
    },
    {
        "id": 29247,
        "name": "Mortadela Finas Lonchas CONSUM",
        "price": 1.59,
        "price_kilo": 6.36,
        "slug": "mortadela-finas-lonchas",
        "description": "Mortadela Finas Lonchas 250 Gr",
        "image": "https:\/\/cdn-consum.aktiosdigitalservices.com\/tol\/consum\/media\/product\/img\/300x300\/7377963.jpg?t=20241217081219"
    },
    {
        "id": 29538,
        "name": "Yogur L\u00edquido con Fresa CONSUM",
        "price": 1.37,
        "price_kilo": 1.37,
        "slug": "yogur-liquido-con-fresa",
        "description": "Yogur L\u00edquido con Fresa 1000 Gr",
        "image": "https:\/\/cdn-consum.aktiosdigitalservices.com\/tol\/consum\/media\/product\/img\/300x300\/7391050.jpg?t=20241223080439"
    },
    {
        "id": 29749,
        "name": "Yogur L\u00edquido Natural Azucarado CONSUM",
        "price": 1.37,
        "price_kilo": 1.37,
        "slug": "yogur-liquido-natural-azucarado",
        "description": "Yogur L\u00edquido Natural Azucarado 1000 Gr",
        "image": "https:\/\/cdn-consum.aktiosdigitalservices.com\/tol\/consum\/media\/product\/img\/300x300\/7391043.jpg?t=20241223080436"
    },
    {
        "id": 29926,
        "name": "Bebida L\u00e1ctea con Fresa CONSUM",
        "price": 1.99,
        "price_kilo": 1.66,
        "slug": "bebida-lactea-con-fresa",
        "description": "Bebida L\u00e1ctea con Fresa 12 x 100 Gr",
        "image": "https:\/\/cdn-consum.aktiosdigitalservices.com\/tol\/consum\/media\/product\/img\/300x300\/7397094.jpg?t=20250312130014"
    },
    {
        "id": 30151,
        "name": "Pistachos Tostados Sin C\u00e1scara y Sin Sal CONSUM",
        "price": 2.89,
        "price_kilo": 28.9,
        "slug": "pistachos-tostados-sin-cascara-y-sin-sal",
        "description": "Pistachos Tostados Sin C\u00e1scara y Sin Sal 100 Gr",
        "image": "https:\/\/cdn-consum.aktiosdigitalservices.com\/tol\/consum\/media\/product\/img\/300x300\/7398063.jpg?t=20241217081237"
    },
    {
        "id": 30153,
        "name": "Cortado 16 C\u00e1psulas CONSUM",
        "price": 3.3,
        "price_kilo": 0.21,
        "slug": "cortado-16-capsulas",
        "description": "Cortado 16 C\u00e1psulas 16 U",
        "image": "https:\/\/cdn-consum.aktiosdigitalservices.com\/tol\/consum\/media\/product\/img\/300x300\/7404465.jpg?t=20250312161104"
    },
    {
        "id": 30551,
        "name": "Limpiahogar Multiusos Pino Alcohol CONSUM",
        "price": 1.6,
        "price_kilo": 1.07,
        "slug": "limpiahogar-multiusos-pino-alcohol",
        "description": "Limpiahogar Multiusos Pino Alcohol 1,5 L",
        "image": "https:\/\/cdn-consum.aktiosdigitalservices.com\/tol\/consum\/media\/product\/img\/300x300\/7392731.jpg?t=20250312092813"
    },
    {
        "id": 30820,
        "name": "Limpiamuebles Spray CONSUM",
        "price": 1.65,
        "price_kilo": 4.13,
        "slug": "limpiamuebles-spray",
        "description": "Limpiamuebles Spray 0,4 L",
        "image": "https:\/\/cdn-consum.aktiosdigitalservices.com\/tol\/consum\/media\/product\/img\/300x300\/7396609.jpg?t=20250312125958"
    },
    {
        "id": 30898,
        "name": "Chocolate Negro 72% Cacao con Arandanos CONSUM",
        "price": 1.85,
        "price_kilo": 18.5,
        "slug": "chocolate-negro-72-cacao-con-arandanos",
        "description": "Chocolate Negro 72% Cacao con Arandanos 100 Gr",
        "image": "https:\/\/cdn-consum.aktiosdigitalservices.com\/tol\/consum\/media\/product\/img\/300x300\/7383610.jpg?t=20250311134447"
    },
    {
        "id": 31016,
        "name": "Gel Exfoliante Facial KYREY MEN",
        "price": 1.95,
        "price_kilo": 1.95,
        "slug": "gel-exfoliante-facial",
        "description": "Gel Exfoliante Facial 100 ml",
        "image": "https:\/\/cdn-consum.aktiosdigitalservices.com\/tol\/consum\/media\/product\/img\/300x300\/7392348.jpg?t=20241217081230"
    },
    {
        "id": 31104,
        "name": "Salsa Guacamole Tarro CONSUM",
        "price": 1.69,
        "price_kilo": 5.63,
        "slug": "salsa-guacamole-tarro",
        "description": "Salsa Guacamole Tarro 300 ml",
        "image": "https:\/\/cdn-consum.aktiosdigitalservices.com\/tol\/consum\/media\/product\/img\/300x300\/7391816.jpg?t=20241221080221"
    },
    {
        "id": 31193,
        "name": "Nachos Mexican Bolsa CONSUM",
        "price": 0.95,
        "price_kilo": 6.33,
        "slug": "nachos-mexican-bolsa",
        "description": "Nachos Mexican Bolsa 150 Gr",
        "image": "https:\/\/cdn-consum.aktiosdigitalservices.com\/tol\/consum\/media\/product\/img\/300x300\/7391832.jpg?t=20250304113613"
    },
    {
        "id": 31199,
        "name": "Chocolate con Leche sin Lactosa CONSUM",
        "price": 1.79,
        "price_kilo": 17.9,
        "slug": "chocolate-con-leche-sin-lactosa",
        "description": "Chocolate con Leche sin Lactosa 100 Gr",
        "image": "https:\/\/cdn-consum.aktiosdigitalservices.com\/tol\/consum\/media\/product\/img\/300x300\/7392652.jpg?t=20250318080521"
    },
    {
        "id": 31696,
        "name": "Lenteja Parda Roja CONSUM",
        "price": 1.69,
        "price_kilo": 1.69,
        "slug": "lenteja-parda-roja",
        "description": "Lenteja Parda Roja 1 Kg",
        "image": "https:\/\/cdn-consum.aktiosdigitalservices.com\/tol\/consum\/media\/product\/img\/300x300\/7415029.jpg?t=20250311112448"
    },
    {
        "id": 32068,
        "name": "Miel Naranjo Dosificador CONSUM",
        "price": 4.05,
        "price_kilo": 8.1,
        "slug": "miel-naranjo-dosificador",
        "description": "Miel Naranjo Dosificador 500 Gr",
        "image": "https:\/\/cdn-consum.aktiosdigitalservices.com\/tol\/consum\/media\/product\/img\/300x300\/7416071.jpg?t=20250311112512"
    },
    {
        "id": 32295,
        "name": "Esponja Suave Hipoalerg\u00e9nica KYREY",
        "price": 1.3,
        "price_kilo": 0.65,
        "slug": "esponja-suave-hipoalergenica",
        "description": "Esponja Suave Hipoalerg\u00e9nica 2 U",
        "image": "https:\/\/cdn-consum.aktiosdigitalservices.com\/tol\/consum\/media\/product\/img\/300x300\/7398340.jpg?t=20250313080939"
    },
    {
        "id": 32301,
        "name": "Aceite de Oliva Intenso CONSUM",
        "price": 13.39,
        "price_kilo": 4.46,
        "slug": "aceite-de-oliva-intenso",
        "description": "Aceite de Oliva Intenso 3 L",
        "image": "https:\/\/cdn-consum.aktiosdigitalservices.com\/tol\/consum\/media\/product\/img\/300x300\/7414803.jpg?t=20250311112432"
    },
    {
        "id": 32676,
        "name": "Quitaesmalte sin Acetona KYREY",
        "price": 1.25,
        "price_kilo": 0.63,
        "slug": "quitaesmalte-sin-acetona",
        "description": "Quitaesmalte sin Acetona 200 ml",
        "image": "https:\/\/cdn-consum.aktiosdigitalservices.com\/tol\/consum\/media\/product\/img\/300x300\/7413037.jpg?t=20241217081254"
    },
    {
        "id": 32789,
        "name": "Berberechos al Natural 55\/75 Piezas CONSUM",
        "price": 3.95,
        "price_kilo": 62.7,
        "slug": "berberechos-al-natural-55-75-piezas",
        "description": "Berberechos al Natural 55\/75 Piezas 63 Gr",
        "image": "https:\/\/cdn-consum.aktiosdigitalservices.com\/tol\/consum\/media\/product\/img\/300x300\/7418655.jpg?t=20241217081306"
    },
    {
        "id": 33198,
        "name": "Yogur con Frutas Pack de 8 unidades CONSUM",
        "price": 1.99,
        "price_kilo": 1.99,
        "slug": "yogur-con-frutas-pack-de-8-unidades",
        "description": "Yogur con Frutas Pack de 8 unidades 8 x 125 Gr",
        "image": "https:\/\/cdn-consum.aktiosdigitalservices.com\/tol\/consum\/media\/product\/img\/300x300\/7415461.jpg?t=20241223080534"
    },
    {
        "id": 33247,
        "name": "Queso Gouda Semi Cu\u00f1a CONSUM",
        "price": 3.17,
        "price_kilo": 10.57,
        "slug": "queso-gouda-semi-cuna",
        "description": "Queso Gouda Semi Cu\u00f1a 300 Gr",
        "image": "https:\/\/cdn-consum.aktiosdigitalservices.com\/tol\/consum\/media\/product\/img\/300x300\/7419026.jpg?t=20250227094551"
    },
    {
        "id": 33426,
        "name": "Pizza Baguette Jam\u00f3n y Queso CONSUM",
        "price": 2.49,
        "price_kilo": 9.96,
        "slug": "pizza-baguette-jamon-y-queso",
        "description": "Pizza Baguette Jam\u00f3n y Queso 250 Gr",
        "image": "https:\/\/cdn-consum.aktiosdigitalservices.com\/tol\/consum\/media\/product\/img\/300x300\/7416142.jpg?t=20241217081258"
    },
    {
        "id": 33427,
        "name": "Mini Pizza Jam\u00f3n Queso 9 Unidades CONSUM",
        "price": 2.49,
        "price_kilo": 9.22,
        "slug": "mini-pizza-jamon-queso-9-unidades",
        "description": "Mini Pizza Jam\u00f3n Queso 9 Unidades 270 Gr",
        "image": "https:\/\/cdn-consum.aktiosdigitalservices.com\/tol\/consum\/media\/product\/img\/300x300\/7416147.jpg?t=20241217081258"
    },
    {
        "id": 33441,
        "name": "Queso Rallado Sin Lactosa CONSUM",
        "price": 1.69,
        "price_kilo": 11.27,
        "slug": "queso-rallado-sin-lactosa",
        "description": "Queso Rallado Sin Lactosa 150 Gr",
        "image": "https:\/\/cdn-consum.aktiosdigitalservices.com\/tol\/consum\/media\/product\/img\/300x300\/7412786.jpg?t=20250213080457"
    },
    {
        "id": 33468,
        "name": "Caracoles de Mar al Natural CONSUM",
        "price": 2.99,
        "price_kilo": 47.46,
        "slug": "caracoles-de-mar-al-natural",
        "description": "Caracoles de Mar al Natural 63 Gr",
        "image": "https:\/\/cdn-consum.aktiosdigitalservices.com\/tol\/consum\/media\/product\/img\/300x300\/7426653.jpg?t=20241217081318"
    },
    {
        "id": 33676,
        "name": "Fregona Microfibra Hilo CONSUM",
        "price": 2.8,
        "price_kilo": 1.4,
        "slug": "fregona-microfibra-hilo",
        "description": "Fregona Microfibra Hilo 2 U",
        "image": "https:\/\/cdn-consum.aktiosdigitalservices.com\/tol\/consum\/media\/product\/img\/300x300\/7424005.jpg?t=20241217081313"
    },
    {
        "id": 33771,
        "name": "Filete Lubina Congelada CONSUM",
        "price": 5.29,
        "price_kilo": 22.95,
        "slug": "filete-lubina-congelada",
        "description": "Filete Lubina Congelada",
        "image": "https:\/\/cdn-consum.aktiosdigitalservices.com\/tol\/consum\/media\/product\/img\/300x300\/7426278.jpg?t=20250320080259"
    },
    {
        "id": 34156,
        "name": "Caldo de Cocido 100% Natural CONSUM",
        "price": 1.15,
        "price_kilo": 1.15,
        "slug": "caldo-de-cocido-100-natural",
        "description": "Caldo de Cocido 100% Natural 1 L",
        "image": "https:\/\/cdn-consum.aktiosdigitalservices.com\/tol\/consum\/media\/product\/img\/300x300\/7428258.jpg?t=20250206100906"
    },
    {
        "id": 34512,
        "name": "Mini S\u00e1ndwich D\u00fao Pop Corn 6 Unidades CONSUM",
        "price": 2.89,
        "price_kilo": 9.35,
        "slug": "mini-sandwich-duo-pop-corn-6-unidades",
        "description": "Mini S\u00e1ndwich D\u00fao Pop Corn 6 Unidades 309 Gr",
        "image": "https:\/\/cdn-consum.aktiosdigitalservices.com\/tol\/consum\/media\/product\/img\/300x300\/7431646.jpg?t=20250129080250"
    },
    {
        "id": 34620,
        "name": "Gel de Ba\u00f1o Burbujas KYREY",
        "price": 1.5,
        "price_kilo": 2,
        "slug": "gel-de-bano-burbujas",
        "description": "Gel de Ba\u00f1o Burbujas 750 ml",
        "image": "https:\/\/cdn-consum.aktiosdigitalservices.com\/tol\/consum\/media\/product\/img\/300x300\/7433373.jpg?t=20250312092842"
    },
    {
        "id": 34980,
        "name": "Desatascador Turbo CONSUM",
        "price": 1.7,
        "price_kilo": 3.4,
        "slug": "desatascador-turbo",
        "description": "Desatascador Turbo 0,5 L",
        "image": "https:\/\/cdn-consum.aktiosdigitalservices.com\/tol\/consum\/media\/product\/img\/300x300\/7431690.jpg?t=20250227094945"
    },
    {
        "id": 35102,
        "name": "Edulcorante Sacarina L\u00edquido CONSUM",
        "price": 0.85,
        "price_kilo": 5.67,
        "slug": "edulcorante-sacarina-liquido",
        "description": "Edulcorante Sacarina L\u00edquido 150 ml",
        "image": "https:\/\/cdn-consum.aktiosdigitalservices.com\/tol\/consum\/media\/product\/img\/300x300\/7429772.jpg?t=20250311112858"
    },
    {
        "id": 35104,
        "name": "Patatas Chips Light Bolsa CONSUM",
        "price": 1.3,
        "price_kilo": 8.67,
        "slug": "patatas-chips-light-bolsa",
        "description": "Patatas Chips Light Bolsa 150 Gr",
        "image": "https:\/\/cdn-consum.aktiosdigitalservices.com\/tol\/consum\/media\/product\/img\/300x300\/7432938.jpg?t=20241217081333"
    },
    {
        "id": 35142,
        "name": "Spaguetti Integral CONSUM",
        "price": 1.21,
        "price_kilo": 2.42,
        "slug": "spaguetti-integral",
        "description": "Spaguetti Integral 500 Gr",
        "image": "https:\/\/cdn-consum.aktiosdigitalservices.com\/tol\/consum\/media\/product\/img\/300x300\/7430072.jpg?t=20250319080035"
    },
    {
        "id": 35527,
        "name": "Quitamanchas Ropa Blanca CONSUM",
        "price": 1.75,
        "price_kilo": 0.88,
        "slug": "quitamanchas-ropa-blanca",
        "description": "Quitamanchas Ropa Blanca 2 L",
        "image": "https:\/\/cdn-consum.aktiosdigitalservices.com\/tol\/consum\/media\/product\/img\/300x300\/7432826.jpg?t=20250312092842"
    },
    {
        "id": 35622,
        "name": "Mix Familiar CONSUM",
        "price": 1.6,
        "price_kilo": 5.33,
        "slug": "mix-familiar",
        "description": "Mix Familiar 300 Gr",
        "image": "https:\/\/cdn-consum.aktiosdigitalservices.com\/tol\/consum\/media\/product\/img\/300x300\/7442007.jpg?t=20250221080222"
    },
    {
        "id": 35716,
        "name": "Leche Fresca Entera Botella CONSUM",
        "price": 1.09,
        "price_kilo": 1.09,
        "slug": "leche-fresca-entera-botella",
        "description": "Leche Fresca Entera Botella 1 L",
        "image": "https:\/\/cdn-consum.aktiosdigitalservices.com\/tol\/consum\/media\/product\/img\/300x300\/7435753.jpg?t=20250311113136"
    },
    {
        "id": 35776,
        "name": "Prep. Pescado y Marisco S\/C\u00e1scara y Piel CONSUM",
        "price": 5.5,
        "price_kilo": 11,
        "slug": "prep-pescado-y-marisco-s-cascara-y-piel",
        "description": "Prep. Pescado y Marisco S\/C\u00e1scara y Piel 500 Gr",
        "image": "https:\/\/cdn-consum.aktiosdigitalservices.com\/tol\/consum\/media\/product\/img\/300x300\/7442390.jpg?t=20250319080048"
    },
    {
        "id": 35812,
        "name": "Cebolla CONSUM",
        "price": 0.92,
        "price_kilo": 15.33,
        "slug": "cebolla",
        "description": "Cebolla 60 Gr",
        "image": "https:\/\/cdn-consum.aktiosdigitalservices.com\/tol\/consum\/media\/product\/img\/300x300\/7435816.jpg?t=20250312092850"
    },
    {
        "id": 35869,
        "name": "Pimienta Negra en Grano CONSUM",
        "price": 1.45,
        "price_kilo": 24.17,
        "slug": "pimienta-negra-en-grano",
        "description": "Pimienta Negra en Grano 60 Gr",
        "image": "https:\/\/cdn-consum.aktiosdigitalservices.com\/tol\/consum\/media\/product\/img\/300x300\/7435837.jpg?t=20250312161445"
    },
    {
        "id": 39474,
        "name": "Agua Micelar KYREY",
        "price": 3,
        "price_kilo": 0.75,
        "slug": "agua-micelar",
        "description": "Agua Micelar 400 ml",
        "image": "https:\/\/cdn-consum.aktiosdigitalservices.com\/tol\/consum\/media\/product\/img\/300x300\/7445518.jpg?t=20250318081019"
    },
    {
        "id": 39476,
        "name": "Queso Tierno Cu\u00f1a CONSUM",
        "price": 2.98,
        "price_kilo": 9.16,
        "slug": "queso-tierno-cuna",
        "description": "Queso Tierno Cu\u00f1a",
        "image": "https:\/\/cdn-consum.aktiosdigitalservices.com\/tol\/consum\/media\/product\/img\/300x300\/7450492.jpg?t=20250313081427"
    },
    {
        "id": 6358,
        "name": "Letras Paquete CONSUM",
        "price": 0.86,
        "price_kilo": 1.72,
        "slug": "letras-paquete",
        "description": "Letras Paquete 500 Gr",
        "image": "https:\/\/cdn-consum.aktiosdigitalservices.com\/tol\/consum\/media\/product\/img\/300x300\/7140002.jpg?t=20250322075851"
    },
    {
        "id": 9280,
        "name": "Aceitunas Manzanilla Sabor Anchoa con Hueso CONSUM",
        "price": 2.79,
        "price_kilo": 5.58,
        "slug": "aceitunas-manzanilla-sabor-anchoa-con-hueso",
        "description": "Aceitunas Manzanilla Sabor Anchoa con Hueso 500 Gr",
        "image": "https:\/\/cdn-consum.aktiosdigitalservices.com\/tol\/consum\/media\/product\/img\/300x300\/7094824.jpg?t=20250318075948"
    },
    {
        "id": 10630,
        "name": "Mejillones Salsa Vieira 13\/18 Piezas CONSUM",
        "price": 1.95,
        "price_kilo": 28.26,
        "slug": "mejillones-salsa-vieira-13-18-piezas",
        "description": "Mejillones Salsa Vieira 13\/18 Piezas 69 Gr",
        "image": "https:\/\/cdn-consum.aktiosdigitalservices.com\/tol\/consum\/media\/product\/img\/300x300\/7055585.jpg?t=20250322075822"
    },
    {
        "id": 19964,
        "name": "Protector Absorbente KYREY",
        "price": 6.39,
        "price_kilo": 0.43,
        "slug": "protector-absorbente",
        "description": "Protector Absorbente 15 U",
        "image": "https:\/\/cdn-consum.aktiosdigitalservices.com\/tol\/consum\/media\/product\/img\/300x300\/7325368.jpg?t=20241217081142"
    },
    {
        "id": 26656,
        "name": "Pa\u00f1uelos Faciales Peque\u00f1os Espacios CONSUM",
        "price": 1.49,
        "price_kilo": 0.03,
        "slug": "panuelos-faciales-pequenos-espacios",
        "description": "Pa\u00f1uelos Faciales Peque\u00f1os Espacios 55 U",
        "image": "https:\/\/cdn-consum.aktiosdigitalservices.com\/tol\/consum\/media\/product\/img\/300x300\/7376507.jpg?t=20241217081219"
    },
    {
        "id": 27023,
        "name": "Crema de Vinagre M\u00f3dena CONSUM",
        "price": 1.75,
        "price_kilo": 7,
        "slug": "crema-de-vinagre-modena",
        "description": "Crema de Vinagre M\u00f3dena 250 ml",
        "image": "https:\/\/cdn-consum.aktiosdigitalservices.com\/tol\/consum\/media\/product\/img\/300x300\/7366474.jpg?t=20241217081211"
    },
    {
        "id": 27077,
        "name": "Desodorante Spray Gold KYREY",
        "price": 1.99,
        "price_kilo": 1,
        "slug": "desodorante-spray-gold",
        "description": "Desodorante Spray Gold 200 ml",
        "image": "https:\/\/cdn-consum.aktiosdigitalservices.com\/tol\/consum\/media\/product\/img\/300x300\/7346013.jpg?t=20250312092804"
    },
    {
        "id": 27139,
        "name": "Comida Seca Perro Adulto Men\u00fa Mediterr\u00e1ne VITALITY",
        "price": 11.95,
        "price_kilo": 1.71,
        "slug": "comida-seca-perro-adulto-menu-mediterrane",
        "description": "Comida Seca Perro Adulto Men\u00fa Mediterr\u00e1ne 7 Kg",
        "image": "https:\/\/cdn-consum.aktiosdigitalservices.com\/tol\/consum\/media\/product\/img\/300x300\/7363257.jpg?t=20241217081208"
    },
    {
        "id": 27141,
        "name": "Flan Vainilla 00% Pack de 4 Unidades CONSUM",
        "price": 1.15,
        "price_kilo": 2.88,
        "slug": "flan-vainilla-00-pack-de-4-unidades",
        "description": "Flan Vainilla 00% Pack de 4 Unidades 4 x 100 Gr",
        "image": "https:\/\/cdn-consum.aktiosdigitalservices.com\/tol\/consum\/media\/product\/img\/300x300\/7369168.jpg?t=20241217081214"
    },
    {
        "id": 27143,
        "name": "Yogur Natural  Azucarado CONSUM",
        "price": 1.15,
        "price_kilo": 4.6,
        "slug": "yogur-natural-azucarado",
        "description": "Yogur Natural  Azucarado 2 x 125 Gr",
        "image": "https:\/\/cdn-consum.aktiosdigitalservices.com\/tol\/consum\/media\/product\/img\/300x300\/7371032.jpg?t=20250304113226"
    },
    {
        "id": 27145,
        "name": "Yogur con Melocot\u00f3n Pack 2 Unidad CONSUM",
        "price": 1.25,
        "price_kilo": 5,
        "slug": "yogur-con-melocoton-pack-2-unidad",
        "description": "Yogur con Melocot\u00f3n Pack 2 Unidad 2 x 125 Gr",
        "image": "https:\/\/cdn-consum.aktiosdigitalservices.com\/tol\/consum\/media\/product\/img\/300x300\/7371040.jpg?t=20250304113230"
    },
    {
        "id": 27292,
        "name": "Comida Seca Gato Rico en Pollo y Buey VITALITY",
        "price": 9.3,
        "price_kilo": 1.33,
        "slug": "comida-seca-gato-rico-en-pollo-y-buey",
        "description": "Comida Seca Gato Rico en Pollo y Buey 7 Kg",
        "image": "https:\/\/cdn-consum.aktiosdigitalservices.com\/tol\/consum\/media\/product\/img\/300x300\/7371743.jpg?t=20241217081215"
    },
    {
        "id": 27373,
        "name": "Comida Seca Gato Rico en Pollo y Guisantes VITALITY",
        "price": 4.2,
        "price_kilo": 1.4,
        "slug": "comida-seca-gato-rico-en-pollo-y-guisantes",
        "description": "Comida Seca Gato Rico en Pollo y Guisantes 3 Kg",
        "image": "https:\/\/cdn-consum.aktiosdigitalservices.com\/tol\/consum\/media\/product\/img\/300x300\/7363286.jpg?t=20241231080022"
    },
    {
        "id": 27376,
        "name": "Comida Seca Gato Salm\u00f3n y At\u00fan VITALITY",
        "price": 4.2,
        "price_kilo": 1.4,
        "slug": "comida-seca-gato-salmon-y-atun",
        "description": "Comida Seca Gato Salm\u00f3n y At\u00fan 3 Kg",
        "image": "https:\/\/cdn-consum.aktiosdigitalservices.com\/tol\/consum\/media\/product\/img\/300x300\/7370729.jpg?t=20250312092805"
    },
    {
        "id": 27506,
        "name": "Pa\u00f1al Talla 1 CONSUM KIDS",
        "price": 5.5,
        "price_kilo": 0.2,
        "slug": "panal-talla-1",
        "description": "Pa\u00f1al Talla 1 28 U",
        "image": "https:\/\/cdn-consum.aktiosdigitalservices.com\/tol\/consum\/media\/product\/img\/300x300\/7369833.jpg?t=20250322080010"
    },
    {
        "id": 27535,
        "name": "Comida Seca Perro Light VITALITY",
        "price": 6.49,
        "price_kilo": 1.62,
        "slug": "comida-seca-perro-light",
        "description": "Comida Seca Perro Light 4 Kg",
        "image": "https:\/\/cdn-consum.aktiosdigitalservices.com\/tol\/consum\/media\/product\/img\/300x300\/7363278.jpg?t=20250313080743"
    },
    {
        "id": 27544,
        "name": "Limpia Lavadoras CONSUM",
        "price": 1.95,
        "price_kilo": 7.8,
        "slug": "limpia-lavadoras",
        "description": "Limpia Lavadoras 0,25 L",
        "image": "https:\/\/cdn-consum.aktiosdigitalservices.com\/tol\/consum\/media\/product\/img\/300x300\/7376515.jpg?t=20241217081219"
    },
    {
        "id": 27774,
        "name": "Palomitas Microondas Mantequilla Bolsa CONSUM",
        "price": 1.2,
        "price_kilo": 4.44,
        "slug": "palomitas-microondas-mantequilla-bolsa",
        "description": "Palomitas Microondas Mantequilla Bolsa 3 x 90 Gr",
        "image": "https:\/\/cdn-consum.aktiosdigitalservices.com\/tol\/consum\/media\/product\/img\/300x300\/7374536.jpg?t=20250313080818"
    },
    {
        "id": 28176,
        "name": "Pipa Pelada Natural Bolsa CONSUM",
        "price": 0.99,
        "price_kilo": 6.6,
        "slug": "pipa-pelada-natural-bolsa",
        "description": "Pipa Pelada Natural Bolsa 150 Gr",
        "image": "https:\/\/cdn-consum.aktiosdigitalservices.com\/tol\/consum\/media\/product\/img\/300x300\/7379758.jpg?t=20250128080255"
    },
    {
        "id": 28223,
        "name": "Gel Fijador Efecto Mojado KYREY",
        "price": 1.95,
        "price_kilo": 0.78,
        "slug": "gel-fijador-efecto-mojado",
        "description": "Gel Fijador Efecto Mojado 250 ml",
        "image": "https:\/\/cdn-consum.aktiosdigitalservices.com\/tol\/consum\/media\/product\/img\/300x300\/7358380.jpg?t=20241217081205"
    },
    {
        "id": 28654,
        "name": "Alb\u00f3ndigas de Pollo CONSUM",
        "price": 3.19,
        "price_kilo": 9.11,
        "slug": "albondigas-de-pollo",
        "description": "Alb\u00f3ndigas de Pollo 350 Gr",
        "image": "https:\/\/cdn-consum.aktiosdigitalservices.com\/tol\/consum\/media\/product\/img\/300x300\/7388007.jpg?t=20241217081226"
    },
    {
        "id": 28841,
        "name": "Desodorante Spray Talco Mujer KYREY",
        "price": 1.99,
        "price_kilo": 1,
        "slug": "desodorante-spray-talco-mujer",
        "description": "Desodorante Spray Talco Mujer 200 ml",
        "image": "https:\/\/cdn-consum.aktiosdigitalservices.com\/tol\/consum\/media\/product\/img\/300x300\/7345973.jpg?t=20241217081155"
    },
    {
        "id": 29246,
        "name": "Mortadela con Aceitunas Finas Lonchas CONSUM",
        "price": 1.59,
        "price_kilo": 6.36,
        "slug": "mortadela-con-aceitunas-finas-lonchas",
        "description": "Mortadela con Aceitunas Finas Lonchas 250 Gr",
        "image": "https:\/\/cdn-consum.aktiosdigitalservices.com\/tol\/consum\/media\/product\/img\/300x300\/7377955.jpg?t=20241217081219"
    },
    {
        "id": 29403,
        "name": "Aceite de Oliva Virgen Extra Arbequina CONSUM",
        "price": 4.85,
        "price_kilo": 9.7,
        "slug": "aceite-de-oliva-virgen-extra-arbequina",
        "description": "Aceite de Oliva Virgen Extra Arbequina 500 ml",
        "image": "https:\/\/cdn-consum.aktiosdigitalservices.com\/tol\/consum\/media\/product\/img\/300x300\/7395176.jpg?t=20250311125141"
    },
    {
        "id": 29541,
        "name": "Yogur L\u00edquido con Frutas del Bosque CONSUM",
        "price": 1.95,
        "price_kilo": 1.3,
        "slug": "yogur-liquido-con-frutas-del-bosque",
        "description": "Yogur L\u00edquido con Frutas del Bosque 1500 Gr",
        "image": "https:\/\/cdn-consum.aktiosdigitalservices.com\/tol\/consum\/media\/product\/img\/300x300\/7394851.jpg?t=20250304113656"
    },
    {
        "id": 29543,
        "name": "Yogur L\u00edquido con Fresa-Pl\u00e1tano CONSUM",
        "price": 1.95,
        "price_kilo": 1.3,
        "slug": "yogur-liquido-con-fresa-platano",
        "description": "Yogur L\u00edquido con Fresa-Pl\u00e1tano 1500 Gr",
        "image": "https:\/\/cdn-consum.aktiosdigitalservices.com\/tol\/consum\/media\/product\/img\/300x300\/7394872.jpg?t=20250304113700"
    },
    {
        "id": 29701,
        "name": "Yogur L\u00edquido Melocot\u00f3n-Maracuy\u00e1 CONSUM",
        "price": 1.37,
        "price_kilo": 1.37,
        "slug": "yogur-liquido-melocoton-maracuya",
        "description": "Yogur L\u00edquido Melocot\u00f3n-Maracuy\u00e1 1000 Gr",
        "image": "https:\/\/cdn-consum.aktiosdigitalservices.com\/tol\/consum\/media\/product\/img\/300x300\/7391055.jpg?t=20241223080441"
    },
    {
        "id": 30079,
        "name": "Girasoles Setas & Mascarpone CONSUM",
        "price": 2.57,
        "price_kilo": 10.28,
        "slug": "girasoles-setas-mascarpone",
        "description": "Girasoles Setas & Mascarpone 250 Gr",
        "image": "https:\/\/cdn-consum.aktiosdigitalservices.com\/tol\/consum\/media\/product\/img\/300x300\/7395689.jpg?t=20250103082324"
    },
    {
        "id": 30189,
        "name": "Colonia Infantil CONSUM KIDS",
        "price": 2.15,
        "price_kilo": 0.29,
        "slug": "colonia-infantil",
        "description": "Colonia Infantil 750 ml",
        "image": "https:\/\/cdn-consum.aktiosdigitalservices.com\/tol\/consum\/media\/product\/img\/300x300\/7379589.jpg?t=20250227093759"
    },
    {
        "id": 30200,
        "name": "S\u00e9rum Vitamina C KYREY",
        "price": 5.99,
        "price_kilo": 19.97,
        "slug": "serum-vitamina-c",
        "description": "S\u00e9rum Vitamina C 30 ml",
        "image": "https:\/\/cdn-consum.aktiosdigitalservices.com\/tol\/consum\/media\/product\/img\/300x300\/7382179.jpg?t=20241217081222"
    },
    {
        "id": 30201,
        "name": "Crema Noche Vitamina C KYREY",
        "price": 4.99,
        "price_kilo": 9.98,
        "slug": "crema-noche-vitamina-c",
        "description": "Crema Noche Vitamina C 50 ml",
        "image": "https:\/\/cdn-consum.aktiosdigitalservices.com\/tol\/consum\/media\/product\/img\/300x300\/7382182.jpg?t=20250312092807"
    },
    {
        "id": 30372,
        "name": "Tortellini Pesto CONSUM",
        "price": 1.8,
        "price_kilo": 7.2,
        "slug": "tortellini-pesto",
        "description": "Tortellini Pesto 250 Gr",
        "image": "https:\/\/cdn-consum.aktiosdigitalservices.com\/tol\/consum\/media\/product\/img\/300x300\/7395697.jpg?t=20250103082329"
    },
    {
        "id": 31018,
        "name": "After Shave B\u00e1lsamo KYREY MEN",
        "price": 1.6,
        "price_kilo": 1.6,
        "slug": "after-shave-balsamo",
        "description": "After Shave B\u00e1lsamo 100 ml",
        "image": "https:\/\/cdn-consum.aktiosdigitalservices.com\/tol\/consum\/media\/product\/img\/300x300\/7406791.jpg?t=20250321080001"
    },
    {
        "id": 31195,
        "name": "Sazonador para Fajitas CONSUM",
        "price": 1.19,
        "price_kilo": 3.97,
        "slug": "sazonador-para-fajitas",
        "description": "Sazonador para Fajitas 30 Gr",
        "image": "https:\/\/cdn-consum.aktiosdigitalservices.com\/tol\/consum\/media\/product\/img\/300x300\/7392244.jpg?t=20250129080127"
    },
    {
        "id": 31370,
        "name": "Bolsas de Papel Bocadillo CONSUM",
        "price": 1.95,
        "price_kilo": 0.07,
        "slug": "bolsas-de-papel-bocadillo",
        "description": "Bolsas de Papel Bocadillo 30 U",
        "image": "https:\/\/cdn-consum.aktiosdigitalservices.com\/tol\/consum\/media\/product\/img\/300x300\/7406143.jpg?t=20241217081244"
    },
    {
        "id": 31416,
        "name": "Chocolata Leche Postres CONSUM",
        "price": 2.39,
        "price_kilo": 11.95,
        "slug": "chocolata-leche-postres",
        "description": "Chocolata Leche Postres 200 Gr",
        "image": "https:\/\/cdn-consum.aktiosdigitalservices.com\/tol\/consum\/media\/product\/img\/300x300\/7398055.jpg?t=20250311134550"
    },
    {
        "id": 31594,
        "name": "Esponja Rizo KYREY",
        "price": 1.3,
        "price_kilo": 0.65,
        "slug": "esponja-rizo",
        "description": "Esponja Rizo 2 U",
        "image": "https:\/\/cdn-consum.aktiosdigitalservices.com\/tol\/consum\/media\/product\/img\/300x300\/7406978.jpg?t=20241217081246"
    },
    {
        "id": 31691,
        "name": "Guante Crin Exfoliante KYREY",
        "price": 2.15,
        "price_kilo": 2.15,
        "slug": "guante-crin-exfoliante",
        "description": "Guante Crin Exfoliante 1 U",
        "image": "https:\/\/cdn-consum.aktiosdigitalservices.com\/tol\/consum\/media\/product\/img\/300x300\/7406999.jpg?t=20241217081246"
    },
    {
        "id": 31849,
        "name": "Abrillantador Lavavajillas CONSUM",
        "price": 1.2,
        "price_kilo": 0.16,
        "slug": "abrillantador-lavavajillas",
        "description": "Abrillantador Lavavajillas 750 ml",
        "image": "https:\/\/cdn-consum.aktiosdigitalservices.com\/tol\/consum\/media\/product\/img\/300x300\/7407489.jpg?t=20250312092820"
    },
    {
        "id": 31952,
        "name": "Manopla Rizo KYREY",
        "price": 1.3,
        "price_kilo": 1.3,
        "slug": "manopla-rizo",
        "description": "Manopla Rizo 1 U",
        "image": "https:\/\/cdn-consum.aktiosdigitalservices.com\/tol\/consum\/media\/product\/img\/300x300\/7407000.jpg?t=20250204082239"
    },
    {
        "id": 32067,
        "name": "Lentejas R\u00e1pidas Paquete CONSUM",
        "price": 2.28,
        "price_kilo": 2.28,
        "slug": "lentejas-rapidas-paquete",
        "description": "Lentejas R\u00e1pidas Paquete 1 Kg",
        "image": "https:\/\/cdn-consum.aktiosdigitalservices.com\/tol\/consum\/media\/product\/img\/300x300\/7415040.jpg?t=20250103082504"
    },
    {
        "id": 32294,
        "name": "Limpiador Calzado Deportivo CONSUM",
        "price": 1.45,
        "price_kilo": 2.9,
        "slug": "limpiador-calzado-deportivo",
        "description": "Limpiador Calzado Deportivo 50 ml",
        "image": "https:\/\/cdn-consum.aktiosdigitalservices.com\/tol\/consum\/media\/product\/img\/300x300\/7397714.jpg?t=20241217081237"
    },
    {
        "id": 32355,
        "name": "Champ\u00fa Color KYREY",
        "price": 1.8,
        "price_kilo": 0.45,
        "slug": "champu-color",
        "description": "Champ\u00fa Color 400 ml",
        "image": "https:\/\/cdn-consum.aktiosdigitalservices.com\/tol\/consum\/media\/product\/img\/300x300\/7398873.jpg?t=20241217081238"
    },
    {
        "id": 32356,
        "name": "Mascarilla Color KYREY",
        "price": 1.3,
        "price_kilo": 0.52,
        "slug": "mascarilla-color",
        "description": "Mascarilla Color 250 ml",
        "image": "https:\/\/cdn-consum.aktiosdigitalservices.com\/tol\/consum\/media\/product\/img\/300x300\/7398878.jpg?t=20241217081238"
    },
    {
        "id": 32564,
        "name": "Bebida de Almendra con Calcio Brik CONSUM",
        "price": 1.25,
        "price_kilo": 1.25,
        "slug": "bebida-de-almendra-con-calcio-brik",
        "description": "Bebida de Almendra con Calcio Brik 1 L",
        "image": "https:\/\/cdn-consum.aktiosdigitalservices.com\/tol\/consum\/media\/product\/img\/300x300\/7417004.jpg?t=20250311112528"
    },
    {
        "id": 32565,
        "name": "Bebida de Avellanas con Calcio Brik CONSUM",
        "price": 1.35,
        "price_kilo": 1.35,
        "slug": "bebida-de-avellanas-con-calcio-brik",
        "description": "Bebida de Avellanas con Calcio Brik 1 L",
        "image": "https:\/\/cdn-consum.aktiosdigitalservices.com\/tol\/consum\/media\/product\/img\/300x300\/7417012.jpg?t=20250311112530"
    },
    {
        "id": 32790,
        "name": "Berberechos al Natural 30\/45 Piezas CONSUM",
        "price": 5.99,
        "price_kilo": 95.08,
        "slug": "berberechos-al-natural-30-45-piezas",
        "description": "Berberechos al Natural 30\/45 Piezas 63 Gr",
        "image": "https:\/\/cdn-consum.aktiosdigitalservices.com\/tol\/consum\/media\/product\/img\/300x300\/7418663.jpg?t=20241217081306"
    },
    {
        "id": 32960,
        "name": "Rodaja Rape del Cabo Congelada CONSUM",
        "price": 5.48,
        "price_kilo": 21.9,
        "slug": "rodaja-rape-del-cabo-congelada",
        "description": "Rodaja Rape del Cabo Congelada",
        "image": "https:\/\/cdn-consum.aktiosdigitalservices.com\/tol\/consum\/media\/product\/img\/300x300\/7428949.jpg?t=20250301080107"
    },
    {
        "id": 33064,
        "name": "Nuez C\u00e1scara Nacional Malla CONSUM",
        "price": 3.69,
        "price_kilo": 7.38,
        "slug": "nuez-cascara-nacional-malla",
        "description": "Nuez C\u00e1scara Nacional Malla 500 Gr",
        "image": "https:\/\/cdn-consum.aktiosdigitalservices.com\/tol\/consum\/media\/product\/img\/300x300\/7426872.jpg?t=20250221080203"
    },
    {
        "id": 33330,
        "name": "Risotto Funghi CONSUM",
        "price": 2.29,
        "price_kilo": 4.58,
        "slug": "risotto-funghi",
        "description": "Risotto Funghi 500 Gr",
        "image": "https:\/\/cdn-consum.aktiosdigitalservices.com\/tol\/consum\/media\/product\/img\/300x300\/7420842.jpg?t=20241217081309"
    },
    {
        "id": 33370,
        "name": "Pan Tostado 0% Sal y Az\u00facares A\u00f1adidos 45U CONSUM",
        "price": 1.69,
        "price_kilo": 4.17,
        "slug": "pan-tostado-0-sal-y-azucares-anadidos-45u",
        "description": "Pan Tostado 0% Sal y Az\u00facares A\u00f1adidos 45U 405 Gr",
        "image": "https:\/\/cdn-consum.aktiosdigitalservices.com\/tol\/consum\/media\/product\/img\/300x300\/7426240.jpg?t=20250311112757"
    },
    {
        "id": 33422,
        "name": "Toallitas Multiusos Desinfectantes CONSUM",
        "price": 1.45,
        "price_kilo": 0.04,
        "slug": "toallitas-multiusos-desinfectantes",
        "description": "Toallitas Multiusos Desinfectantes 35 U",
        "image": "https:\/\/cdn-consum.aktiosdigitalservices.com\/tol\/consum\/media\/product\/img\/300x300\/7398295.jpg?t=20241217081237"
    },
    {
        "id": 33423,
        "name": "S\u00e9rum Facial Efecto Lifting KYREY",
        "price": 6.99,
        "price_kilo": 23.3,
        "slug": "serum-facial-efecto-lifting",
        "description": "S\u00e9rum Facial Efecto Lifting 30 ml",
        "image": "https:\/\/cdn-consum.aktiosdigitalservices.com\/tol\/consum\/media\/product\/img\/300x300\/7410434.jpg?t=20250214080006"
    },
    {
        "id": 33505,
        "name": "Almejas Blancas al Natural CONSUM",
        "price": 2.99,
        "price_kilo": 47.46,
        "slug": "almejas-blancas-al-natural",
        "description": "Almejas Blancas al Natural 63 Gr",
        "image": "https:\/\/cdn-consum.aktiosdigitalservices.com\/tol\/consum\/media\/product\/img\/300x300\/7426641.jpg?t=20241217081318"
    },
    {
        "id": 33592,
        "name": "Detergente C\u00e1psulas Color CONSUM",
        "price": 4.49,
        "price_kilo": 0.19,
        "slug": "detergente-capsulas-color",
        "description": "Detergente C\u00e1psulas Color 24 Lv",
        "image": "https:\/\/cdn-consum.aktiosdigitalservices.com\/tol\/consum\/media\/product\/img\/300x300\/7423726.jpg?t=20250212080247"
    },
    {
        "id": 33770,
        "name": "Merluza Empanada Horneable CONSUM",
        "price": 4.65,
        "price_kilo": 7.75,
        "slug": "merluza-empanada-horneable",
        "description": "Merluza Empanada Horneable 600 Gr",
        "image": "https:\/\/cdn-consum.aktiosdigitalservices.com\/tol\/consum\/media\/product\/img\/300x300\/7424716.jpg?t=20241217081315"
    },
    {
        "id": 33773,
        "name": "Salteado Verduras y Pollo CONSUM",
        "price": 2.15,
        "price_kilo": 4.78,
        "slug": "salteado-verduras-y-pollo",
        "description": "Salteado Verduras y Pollo 450 Gr",
        "image": "https:\/\/cdn-consum.aktiosdigitalservices.com\/tol\/consum\/media\/product\/img\/300x300\/7429413.jpg?t=20241217081322"
    },
    {
        "id": 34026,
        "name": "Pi\u00f1ones Calconut CONSUM",
        "price": 1.99,
        "price_kilo": 39.8,
        "slug": "pinones-calconut",
        "description": "Pi\u00f1ones Calconut 50 Gr",
        "image": "https:\/\/cdn-consum.aktiosdigitalservices.com\/tol\/consum\/media\/product\/img\/300x300\/7431377.jpg?t=20250108081353"
    },
    {
        "id": 34284,
        "name": "Crema Corporal Urea Regenerante Intensiva KYREY",
        "price": 2.99,
        "price_kilo": 0.75,
        "slug": "crema-corporal-urea-regenerante-intensiva",
        "description": "Crema Corporal Urea Regenerante Intensiva 400 ml",
        "image": "https:\/\/cdn-consum.aktiosdigitalservices.com\/tol\/consum\/media\/product\/img\/300x300\/7424179.jpg?t=20241217081313"
    },
    {
        "id": 34455,
        "name": "Porciones de Salm\u00f3n Rosado Congelado CONSUM",
        "price": 4.82,
        "price_kilo": 18.5,
        "slug": "porciones-de-salmon-rosado-congelado",
        "description": "Porciones de Salm\u00f3n Rosado Congelado",
        "image": "https:\/\/cdn-consum.aktiosdigitalservices.com\/tol\/consum\/media\/product\/img\/300x300\/7435563.jpg?t=20250314121721"
    },
    {
        "id": 34557,
        "name": "Limpiador Gel WC Desincrustante CONSUM",
        "price": 1.65,
        "price_kilo": 1.65,
        "slug": "limpiador-gel-wc-desincrustante",
        "description": "Limpiador Gel WC Desincrustante 1 L",
        "image": "https:\/\/cdn-consum.aktiosdigitalservices.com\/tol\/consum\/media\/product\/img\/300x300\/7427909.jpg?t=20250312092838"
    },
    {
        "id": 35180,
        "name": "Loco's Az\u00facar 3 Unidades CONSUM",
        "price": 1,
        "price_kilo": 7.94,
        "slug": "locos-azucar-3-unidades",
        "description": "Loco's Az\u00facar 3 Unidades 126 Gr",
        "image": "https:\/\/cdn-consum.aktiosdigitalservices.com\/tol\/consum\/media\/product\/img\/300x300\/7437481.jpg?t=20250311113223"
    },
    {
        "id": 35181,
        "name": "Loco's Cacao 3 Unidades CONSUM",
        "price": 1,
        "price_kilo": 7.41,
        "slug": "locos-cacao-3-unidades",
        "description": "Loco's Cacao 3 Unidades 135 Gr",
        "image": "https:\/\/cdn-consum.aktiosdigitalservices.com\/tol\/consum\/media\/product\/img\/300x300\/7437486.jpg?t=20250311113225"
    },
    {
        "id": 35474,
        "name": "Infusi\u00f3n Tomillo 20 Bolsitas CONSUM",
        "price": 1.05,
        "price_kilo": 0.05,
        "slug": "infusion-tomillo-20-bolsitas",
        "description": "Infusi\u00f3n Tomillo 20 Bolsitas 20 U",
        "image": "https:\/\/cdn-consum.aktiosdigitalservices.com\/tol\/consum\/media\/product\/img\/300x300\/7438476.jpg?t=20250311134958"
    },
    {
        "id": 35475,
        "name": "Rooibos Frambuesa 20 Bolsitas CONSUM",
        "price": 1.15,
        "price_kilo": 0.06,
        "slug": "rooibos-frambuesa-20-bolsitas",
        "description": "Rooibos Frambuesa 20 Bolsitas 20 U",
        "image": "https:\/\/cdn-consum.aktiosdigitalservices.com\/tol\/consum\/media\/product\/img\/300x300\/7438492.jpg?t=20250311135000"
    },
    {
        "id": 35925,
        "name": "Azafr\u00e1n Hebras CONSUM",
        "price": 2.3,
        "price_kilo": 460,
        "slug": "azafran-hebras",
        "description": "Azafr\u00e1n Hebras 0,5 Gr",
        "image": "https:\/\/cdn-consum.aktiosdigitalservices.com\/tol\/consum\/media\/product\/img\/300x300\/7435949.jpg?t=20250312161500"
    },
    {
        "id": 39472,
        "name": "Palitos con Queso CONSUM",
        "price": 0.71,
        "price_kilo": 12.68,
        "slug": "palitos-con-queso",
        "description": "Palitos con Queso 56 Gr",
        "image": "https:\/\/cdn-consum.aktiosdigitalservices.com\/tol\/consum\/media\/product\/img\/300x300\/7435191.jpg?t=20250312092848"
    },
    {
        "id": 39546,
        "name": "Cereales Rellenos Cacao CONSUM KIDS",
        "price": 2.1,
        "price_kilo": 4.2,
        "slug": "cereales-rellenos-cacao",
        "description": "Cereales Rellenos Cacao 500 Gr",
        "image": "https:\/\/cdn-consum.aktiosdigitalservices.com\/tol\/consum\/media\/product\/img\/300x300\/7435121.jpg?t=20250312092847"
    },
    {
        "id": 10624,
        "name": "Aceitunas Gordal con Hueso en Frasco CONSUM",
        "price": 4.99,
        "price_kilo": 10.51,
        "slug": "aceitunas-gordal-con-hueso-en-frasco",
        "description": "Aceitunas Gordal con Hueso en Frasco 475 Gr",
        "image": "https:\/\/cdn-consum.aktiosdigitalservices.com\/tol\/consum\/media\/product\/img\/300x300\/7047475.jpg?t=20250318075919"
    },
    {
        "id": 10662,
        "name": "Aceitunas Gordal Picante con Hueso en Frasco CONSUM",
        "price": 4.99,
        "price_kilo": 10.51,
        "slug": "aceitunas-gordal-picante-con-hueso-en-frasco",
        "description": "Aceitunas Gordal Picante con Hueso en Frasco 475 Gr",
        "image": "https:\/\/cdn-consum.aktiosdigitalservices.com\/tol\/consum\/media\/product\/img\/300x300\/7094837.jpg?t=20250320075817"
    },
    {
        "id": 12093,
        "name": "Colgador WC L\u00edquido Pino CONSUM",
        "price": 1.89,
        "price_kilo": 0.63,
        "slug": "colgador-wc-liquido-pino",
        "description": "Colgador WC L\u00edquido Pino 3 U",
        "image": "https:\/\/cdn-consum.aktiosdigitalservices.com\/tol\/consum\/media\/product\/img\/300x300\/7228252.jpg?t=20250318080936"
    },
    {
        "id": 18096,
        "name": "Salchichas Bratwurst 2 Unidades CONSUM",
        "price": 2.68,
        "price_kilo": 6.7,
        "slug": "salchichas-bratwurst-2-unidades",
        "description": "Salchichas Bratwurst 2 Unidades 2 x 200 Gr",
        "image": "https:\/\/cdn-consum.aktiosdigitalservices.com\/tol\/consum\/media\/product\/img\/300x300\/7269608.jpg?t=20250318080227"
    },
    {
        "id": 26049,
        "name": "Desodorante Roll-On Extra Protecci\u00f3n Mujer KYREY",
        "price": 0.99,
        "price_kilo": 1.98,
        "slug": "desodorante-roll-on-extra-proteccion-mujer",
        "description": "Desodorante Roll-On Extra Protecci\u00f3n Mujer 50 ml",
        "image": "https:\/\/cdn-consum.aktiosdigitalservices.com\/tol\/consum\/media\/product\/img\/300x300\/7345940.jpg?t=20250318080943"
    },
    {
        "id": 26110,
        "name": "Aceituna Verde Rodajas Bote CONSUM",
        "price": 1.39,
        "price_kilo": 12.64,
        "slug": "aceituna-verde-rodajas-bote",
        "description": "Aceituna Verde Rodajas Bote 110 Gr",
        "image": "https:\/\/cdn-consum.aktiosdigitalservices.com\/tol\/consum\/media\/product\/img\/300x300\/7330210.jpg?t=20250320080127"
    },
    {
        "id": 26589,
        "name": "Gel Ba\u00f1o Glicerina KYREY",
        "price": 1.5,
        "price_kilo": 0.3,
        "slug": "gel-bano-glicerina",
        "description": "Gel Ba\u00f1o Glicerina 500 ml",
        "image": "https:\/\/cdn-consum.aktiosdigitalservices.com\/tol\/consum\/media\/product\/img\/300x300\/7363963.jpg?t=20250318080424"
    },
    {
        "id": 26672,
        "name": "Blanqueador de Juntas CONSUM",
        "price": 2.95,
        "price_kilo": 11.8,
        "slug": "blanqueador-de-juntas",
        "description": "Blanqueador de Juntas 250 ml",
        "image": "https:\/\/cdn-consum.aktiosdigitalservices.com\/tol\/consum\/media\/product\/img\/300x300\/7364862.jpg?t=20250304113123"
    },
    {
        "id": 26674,
        "name": "Postre Gelificado 00% Sabor Tropical CONSUM",
        "price": 0.7,
        "price_kilo": 1.75,
        "slug": "postre-gelificado-00-sabor-tropical",
        "description": "Postre Gelificado 00% Sabor Tropical 4 x 100 Gr",
        "image": "https:\/\/cdn-consum.aktiosdigitalservices.com\/tol\/consum\/media\/product\/img\/300x300\/7368921.jpg?t=20240910080436"
    },
    {
        "id": 26857,
        "name": "Avellana Natural Piel DoyPack CONSUM",
        "price": 2.99,
        "price_kilo": 14.95,
        "slug": "avellana-natural-piel-doypack",
        "description": "Avellana Natural Piel DoyPack 200 Gr",
        "image": "https:\/\/cdn-consum.aktiosdigitalservices.com\/tol\/consum\/media\/product\/img\/300x300\/7368111.jpg?t=20250128080238"
    },
    {
        "id": 26904,
        "name": "Cera Moldeadora Brillo KYREY",
        "price": 3.2,
        "price_kilo": 32,
        "slug": "cera-moldeadora-brillo",
        "description": "Cera Moldeadora Brillo 100 ml",
        "image": "https:\/\/cdn-consum.aktiosdigitalservices.com\/tol\/consum\/media\/product\/img\/300x300\/7358344.jpg?t=20241217081205"
    },
    {
        "id": 27022,
        "name": "Crema de Vinagre Pedro Xim\u00e9nez CONSUM",
        "price": 2.25,
        "price_kilo": 9,
        "slug": "crema-de-vinagre-pedro-ximenez",
        "description": "Crema de Vinagre Pedro Xim\u00e9nez 250 ml",
        "image": "https:\/\/cdn-consum.aktiosdigitalservices.com\/tol\/consum\/media\/product\/img\/300x300\/7366466.jpg?t=20241217081211"
    },
    {
        "id": 27142,
        "name": "Yogur Natural  Pack 2 Unidades CONSUM",
        "price": 1.15,
        "price_kilo": 4.6,
        "slug": "yogur-natural-pack-2-unidades",
        "description": "Yogur Natural  Pack 2 Unidades 2 x 125 Gr",
        "image": "https:\/\/cdn-consum.aktiosdigitalservices.com\/tol\/consum\/media\/product\/img\/300x300\/7371029.jpg?t=20250304113224"
    },
    {
        "id": 27216,
        "name": "Gel Ba\u00f1o Arg\u00e1n KYREY",
        "price": 1.5,
        "price_kilo": 0.3,
        "slug": "gel-bano-argan",
        "description": "Gel Ba\u00f1o Arg\u00e1n 500 ml",
        "image": "https:\/\/cdn-consum.aktiosdigitalservices.com\/tol\/consum\/media\/product\/img\/300x300\/7363955.jpg?t=20250311164617"
    },
    {
        "id": 27374,
        "name": "Comida Seca Perro J\u00fanior Rico Pollo VITALITY",
        "price": 6.25,
        "price_kilo": 1.56,
        "slug": "comida-seca-perro-junior-rico-pollo",
        "description": "Comida Seca Perro J\u00fanior Rico Pollo 4 Kg",
        "image": "https:\/\/cdn-consum.aktiosdigitalservices.com\/tol\/consum\/media\/product\/img\/300x300\/7363299.jpg?t=20241217081208"
    },
    {
        "id": 27472,
        "name": "Comida Seca Perro Mini J\u00fanior Pollo Fresco VITALITY",
        "price": 4.99,
        "price_kilo": 3.33,
        "slug": "comida-seca-perro-mini-junior-pollo-fresco",
        "description": "Comida Seca Perro Mini J\u00fanior Pollo Fresco 1,5 Kg",
        "image": "https:\/\/cdn-consum.aktiosdigitalservices.com\/tol\/consum\/media\/product\/img\/300x300\/7363294.jpg?t=20250111080030"
    },
    {
        "id": 27473,
        "name": "Comida Seca Gato J\u00fanior Rico en Pollo y Arroz VITALITY",
        "price": 3.3,
        "price_kilo": 2.2,
        "slug": "comida-seca-gato-junior-rico-en-pollo-y-arroz",
        "description": "Comida Seca Gato J\u00fanior Rico en Pollo y Arroz 1,5 Kg",
        "image": "https:\/\/cdn-consum.aktiosdigitalservices.com\/tol\/consum\/media\/product\/img\/300x300\/7363328.jpg?t=20250312092805"
    },
    {
        "id": 27536,
        "name": "Comida Seca Gato S\u00e9nior Rico en Pollo y Verduras VITALITY",
        "price": 3.65,
        "price_kilo": 2.43,
        "slug": "comida-seca-gato-senior-rico-en-pollo-y-verduras",
        "description": "Comida Seca Gato S\u00e9nior Rico en Pollo y Verduras 1,5 Kg",
        "image": "https:\/\/cdn-consum.aktiosdigitalservices.com\/tol\/consum\/media\/product\/img\/300x300\/7363336.jpg?t=20250304115736"
    },
    {
        "id": 27714,
        "name": "Comida Seca Perro Razas Peque\u00f1as Light VITALITY",
        "price": 5.19,
        "price_kilo": 2.6,
        "slug": "comida-seca-perro-razas-pequenas-light",
        "description": "Comida Seca Perro Razas Peque\u00f1as Light 2 Kg",
        "image": "https:\/\/cdn-consum.aktiosdigitalservices.com\/tol\/consum\/media\/product\/img\/300x300\/7363323.jpg?t=20250304115736"
    },
    {
        "id": 27803,
        "name": "Palomitas Microondas Dulces Bolsa CONSUM",
        "price": 1.6,
        "price_kilo": 5.93,
        "slug": "palomitas-microondas-dulces-bolsa",
        "description": "Palomitas Microondas Dulces Bolsa 3 x 90 Gr",
        "image": "https:\/\/cdn-consum.aktiosdigitalservices.com\/tol\/consum\/media\/product\/img\/300x300\/7374544.jpg?t=20250313080820"
    },
    {
        "id": 28011,
        "name": "Toallitas Infantiles Aloe CONSUM KIDS",
        "price": 0.75,
        "price_kilo": 0.03,
        "slug": "toallitas-infantiles-aloe",
        "description": "Toallitas Infantiles Aloe 24 U",
        "image": "https:\/\/cdn-consum.aktiosdigitalservices.com\/tol\/consum\/media\/product\/img\/300x300\/7375897.jpg?t=20241217081218"
    },
    {
        "id": 28017,
        "name": "Pasas Moscatel Doypack CONSUM",
        "price": 2.9,
        "price_kilo": 9.67,
        "slug": "pasas-moscatel-doypack",
        "description": "Pasas Moscatel Doypack 300 Gr",
        "image": "https:\/\/cdn-consum.aktiosdigitalservices.com\/tol\/consum\/media\/product\/img\/300x300\/7381234.jpg?t=20250314121631"
    },
    {
        "id": 28019,
        "name": "Orej\u00f3n Albaricoque Desecado doypack CONSUM",
        "price": 2.69,
        "price_kilo": 13.45,
        "slug": "orejon-albaricoque-desecado-doypack",
        "description": "Orej\u00f3n Albaricoque Desecado doypack 200 Gr",
        "image": "https:\/\/cdn-consum.aktiosdigitalservices.com\/tol\/consum\/media\/product\/img\/300x300\/7381242.jpg?t=20250128080316"
    },
    {
        "id": 28070,
        "name": "Gel Ba\u00f1o Natural KYREY",
        "price": 1.5,
        "price_kilo": 3,
        "slug": "gel-bano-natural",
        "description": "Gel Ba\u00f1o Natural 500 ml",
        "image": "https:\/\/cdn-consum.aktiosdigitalservices.com\/tol\/consum\/media\/product\/img\/300x300\/7363976.jpg?t=20250128080619"
    },
    {
        "id": 28380,
        "name": "Crema de Vinagre Manzana CONSUM",
        "price": 2.5,
        "price_kilo": 10,
        "slug": "crema-de-vinagre-manzana",
        "description": "Crema de Vinagre Manzana 250 ml",
        "image": "https:\/\/cdn-consum.aktiosdigitalservices.com\/tol\/consum\/media\/product\/img\/300x300\/7366458.jpg?t=20241217081211"
    },
    {
        "id": 28504,
        "name": "Espuma Extrafuerte KYREY",
        "price": 1.5,
        "price_kilo": 2,
        "slug": "espuma-extrafuerte",
        "description": "Espuma Extrafuerte 75 ml",
        "image": "https:\/\/cdn-consum.aktiosdigitalservices.com\/tol\/consum\/media\/product\/img\/300x300\/7358328.jpg?t=20241217081205"
    },
    {
        "id": 28579,
        "name": "Comida Seca Perro Salm\u00f3n Fresco VITALITY",
        "price": 23.5,
        "price_kilo": 2.35,
        "slug": "comida-seca-perro-salmon-fresco",
        "description": "Comida Seca Perro Salm\u00f3n Fresco 10 Kg",
        "image": "https:\/\/cdn-consum.aktiosdigitalservices.com\/tol\/consum\/media\/product\/img\/300x300\/7363307.jpg?t=20241217081208"
    },
    {
        "id": 28580,
        "name": "Comida Seca Perro Mini Salm\u00f3n Fresco VITALITY",
        "price": 5.39,
        "price_kilo": 2.7,
        "slug": "comida-seca-perro-mini-salmon-fresco",
        "description": "Comida Seca Perro Mini Salm\u00f3n Fresco 2 Kg",
        "image": "https:\/\/cdn-consum.aktiosdigitalservices.com\/tol\/consum\/media\/product\/img\/300x300\/7363315.jpg?t=20241217081208"
    },
    {
        "id": 28655,
        "name": "Limpiador Cesta WC S\u00f3lido Eucalipto CONSUM",
        "price": 1.3,
        "price_kilo": 0.65,
        "slug": "limpiador-cesta-wc-solido-eucalipto",
        "description": "Limpiador Cesta WC S\u00f3lido Eucalipto 2 U",
        "image": "https:\/\/cdn-consum.aktiosdigitalservices.com\/tol\/consum\/media\/product\/img\/300x300\/7389328.jpg?t=20241217081227"
    },
    {
        "id": 28773,
        "name": "Comida Seca Perro Buey, Pollo y Vegetales VITALITY",
        "price": 13.95,
        "price_kilo": 1.4,
        "slug": "comida-seca-perro-buey-pollo-y-vegetales",
        "description": "Comida Seca Perro Buey, Pollo y Vegetales 10 Kg",
        "image": "https:\/\/cdn-consum.aktiosdigitalservices.com\/tol\/consum\/media\/product\/img\/300x300\/7363252.jpg?t=20241217081208"
    },
    {
        "id": 28776,
        "name": "Spray Plancha F\u00e1cil CONSUM",
        "price": 2.2,
        "price_kilo": 2.93,
        "slug": "spray-plancha-facil",
        "description": "Spray Plancha F\u00e1cil 0,75 L",
        "image": "https:\/\/cdn-consum.aktiosdigitalservices.com\/tol\/consum\/media\/product\/img\/300x300\/7390610.jpg?t=20250312125912"
    },
    {
        "id": 29455,
        "name": "Agua de Colonia Infantil CONSUM KIDS",
        "price": 1.69,
        "price_kilo": 0.85,
        "slug": "agua-de-colonia-infantil",
        "description": "Agua de Colonia Infantil 200 ml",
        "image": "https:\/\/cdn-consum.aktiosdigitalservices.com\/tol\/consum\/media\/product\/img\/300x300\/7375715.jpg?t=20241217081218"
    },
    {
        "id": 29456,
        "name": "Toallitas \u00cdntimas Monodosis KYREY",
        "price": 1.8,
        "price_kilo": 0.09,
        "slug": "toallitas-intimas-monodosis",
        "description": "Toallitas \u00cdntimas Monodosis 20 U",
        "image": "https:\/\/cdn-consum.aktiosdigitalservices.com\/tol\/consum\/media\/product\/img\/300x300\/7376767.jpg?t=20241217081219"
    },
    {
        "id": 29459,
        "name": "Yogur L\u00edquido 00% Mango-Maracuy\u00e1 CONSUM",
        "price": 1.37,
        "price_kilo": 1.37,
        "slug": "yogur-liquido-00-mango-maracuya",
        "description": "Yogur L\u00edquido 00% Mango-Maracuy\u00e1 1000 Gr",
        "image": "https:\/\/cdn-consum.aktiosdigitalservices.com\/tol\/consum\/media\/product\/img\/300x300\/7391030.jpg?t=20241223080434"
    },
    {
        "id": 29566,
        "name": "Yogur L\u00edquido 00% con Fresa CONSUM",
        "price": 1.37,
        "price_kilo": 1.37,
        "slug": "yogur-liquido-00-con-fresa",
        "description": "Yogur L\u00edquido 00% con Fresa 1000 Gr",
        "image": "https:\/\/cdn-consum.aktiosdigitalservices.com\/tol\/consum\/media\/product\/img\/300x300\/7397669.jpg?t=20241223080456"
    },
    {
        "id": 29608,
        "name": "Yogur L\u00edquido con Pi\u00f1a-Coco CONSUM",
        "price": 1.37,
        "price_kilo": 1.37,
        "slug": "yogur-liquido-con-pina-coco",
        "description": "Yogur L\u00edquido con Pi\u00f1a-Coco 1000 Gr",
        "image": "https:\/\/cdn-consum.aktiosdigitalservices.com\/tol\/consum\/media\/product\/img\/300x300\/7391048.jpg?t=20241223080438"
    },
    {
        "id": 29922,
        "name": "Champ\u00fa Infantil CONSUM KIDS",
        "price": 2.25,
        "price_kilo": 0.45,
        "slug": "champu-infantil",
        "description": "Champ\u00fa Infantil 500 ml",
        "image": "https:\/\/cdn-consum.aktiosdigitalservices.com\/tol\/consum\/media\/product\/img\/300x300\/7375702.jpg?t=20250206094749"
    },
    {
        "id": 30197,
        "name": "Crema D\u00eda Vitamina C Piel Normal KYREY",
        "price": 4.99,
        "price_kilo": 9.98,
        "slug": "crema-dia-vitamina-c-piel-normal",
        "description": "Crema D\u00eda Vitamina C Piel Normal 50 ml",
        "image": "https:\/\/cdn-consum.aktiosdigitalservices.com\/tol\/consum\/media\/product\/img\/300x300\/7382153.jpg?t=20241217081222"
    },
    {
        "id": 30198,
        "name": "Crema D\u00eda Vitamina C Piel Grasa KYREY",
        "price": 4.99,
        "price_kilo": 9.98,
        "slug": "crema-dia-vitamina-c-piel-grasa",
        "description": "Crema D\u00eda Vitamina C Piel Grasa 50 ml",
        "image": "https:\/\/cdn-consum.aktiosdigitalservices.com\/tol\/consum\/media\/product\/img\/300x300\/7382166.jpg?t=20241217081222"
    },
    {
        "id": 30199,
        "name": "Contorno Ojos Vitamina C KYREY",
        "price": 4.45,
        "price_kilo": 29.67,
        "slug": "contorno-ojos-vitamina-c",
        "description": "Contorno Ojos Vitamina C 15 ml",
        "image": "https:\/\/cdn-consum.aktiosdigitalservices.com\/tol\/consum\/media\/product\/img\/300x300\/7382174.jpg?t=20250125075901"
    },
    {
        "id": 30203,
        "name": "Alcohol 96\u00ba KYREY PHARMA",
        "price": 0.75,
        "price_kilo": 0.3,
        "slug": "alcohol-96",
        "description": "Alcohol 96\u00ba 250 ml",
        "image": "https:\/\/cdn-consum.aktiosdigitalservices.com\/tol\/consum\/media\/product\/img\/300x300\/7398584.jpg?t=20250312092817"
    },
    {
        "id": 30402,
        "name": "Gel Antical Botella CONSUM",
        "price": 2.35,
        "price_kilo": 3.13,
        "slug": "gel-antical-botella",
        "description": "Gel Antical Botella 750 ml",
        "image": "https:\/\/cdn-consum.aktiosdigitalservices.com\/tol\/consum\/media\/product\/img\/300x300\/7404957.jpg?t=20241217081243"
    },
    {
        "id": 30549,
        "name": "Loci\u00f3n Infantil Hidratante Corporal CONSUM KIDS",
        "price": 2.99,
        "price_kilo": 0.6,
        "slug": "locion-infantil-hidratante-corporal",
        "description": "Loci\u00f3n Infantil Hidratante Corporal 500 ml",
        "image": "https:\/\/cdn-consum.aktiosdigitalservices.com\/tol\/consum\/media\/product\/img\/300x300\/7375707.jpg?t=20250206094755"
    },
    {
        "id": 30821,
        "name": "Limpiador Abrillantador CONSUM",
        "price": 2.55,
        "price_kilo": 5.1,
        "slug": "limpiador-abrillantador",
        "description": "Limpiador Abrillantador 0,5 L",
        "image": "https:\/\/cdn-consum.aktiosdigitalservices.com\/tol\/consum\/media\/product\/img\/300x300\/7396646.jpg?t=20250312130001"
    },
    {
        "id": 30856,
        "name": "Limpiador Antical Gel CONSUM",
        "price": 1.65,
        "price_kilo": 2.2,
        "slug": "limpiador-antical-gel",
        "description": "Limpiador Antical Gel 0,75 L",
        "image": "https:\/\/cdn-consum.aktiosdigitalservices.com\/tol\/consum\/media\/product\/img\/300x300\/7396612.jpg?t=20241217081236"
    },
    {
        "id": 30943,
        "name": "Limpia Hornos CONSUM",
        "price": 1.35,
        "price_kilo": 4.5,
        "slug": "limpia-hornos",
        "description": "Limpia Hornos 0,3 L",
        "image": "https:\/\/cdn-consum.aktiosdigitalservices.com\/tol\/consum\/media\/product\/img\/300x300\/7396604.jpg?t=20250312125956"
    },
    {
        "id": 31015,
        "name": "Contorno De Ojos KYREY MEN",
        "price": 5,
        "price_kilo": 33.33,
        "slug": "contorno-de-ojos",
        "description": "Contorno De Ojos 15 ml",
        "image": "https:\/\/cdn-consum.aktiosdigitalservices.com\/tol\/consum\/media\/product\/img\/300x300\/7392343.jpg?t=20241217081230"
    },
    {
        "id": 31242,
        "name": "Jalape\u00f1os en Rodajas Bote CONSUM",
        "price": 2.29,
        "price_kilo": 18.32,
        "slug": "jalapenos-en-rodajas-bote",
        "description": "Jalape\u00f1os en Rodajas Bote 125 Gr",
        "image": "https:\/\/cdn-consum.aktiosdigitalservices.com\/tol\/consum\/media\/product\/img\/300x300\/7392231.jpg?t=20241217081229"
    },
    {
        "id": 31757,
        "name": "Choricitos Picantes CONSUM",
        "price": 2.35,
        "price_kilo": 9.39,
        "slug": "choricitos-picantes",
        "description": "Choricitos Picantes",
        "image": "https:\/\/cdn-consum.aktiosdigitalservices.com\/tol\/consum\/media\/product\/img\/300x300\/7418148.jpg?t=20241217081301"
    },
    {
        "id": 31850,
        "name": "Chocolate Blanco Postres CONSUM",
        "price": 2.25,
        "price_kilo": 11.25,
        "slug": "chocolate-blanco-postres",
        "description": "Chocolate Blanco Postres 200 Gr",
        "image": "https:\/\/cdn-consum.aktiosdigitalservices.com\/tol\/consum\/media\/product\/img\/300x300\/7411010.jpg?t=20250312092822"
    },
    {
        "id": 31860,
        "name": "Toallita Limpieza y Fresc Pack 3 Unidades CONSUM KIDS",
        "price": 3,
        "price_kilo": 0.01,
        "slug": "toallita-limpieza-y-fresc-pack-3-unidades",
        "description": "Toallita Limpieza y Fresc Pack 3 Unidades 3 x 80 U",
        "image": "https:\/\/cdn-consum.aktiosdigitalservices.com\/tol\/consum\/media\/product\/img\/300x300\/7418056.jpg?t=20250312092832"
    },
    {
        "id": 31955,
        "name": "Aceite de Oliva Virgen Extra CONSUM",
        "price": 3.75,
        "price_kilo": 7.5,
        "slug": "aceite-de-oliva-virgen-extra",
        "description": "Aceite de Oliva Virgen Extra 500 ml",
        "image": "https:\/\/cdn-consum.aktiosdigitalservices.com\/tol\/consum\/media\/product\/img\/300x300\/7414787.jpg?t=20250311125235"
    },
    {
        "id": 32256,
        "name": "Burger Pollo y Verduras CONSUM",
        "price": 2.65,
        "price_kilo": 11.04,
        "slug": "burger-pollo-y-verduras",
        "description": "Burger Pollo y Verduras 240 Gr",
        "image": "https:\/\/cdn-consum.aktiosdigitalservices.com\/tol\/consum\/media\/product\/img\/300x300\/7422830.jpg?t=20241217081311"
    },
    {
        "id": 32351,
        "name": "Champ\u00fa Rizos KYREY",
        "price": 2.35,
        "price_kilo": 0.59,
        "slug": "champu-rizos",
        "description": "Champ\u00fa Rizos 400 ml",
        "image": "https:\/\/cdn-consum.aktiosdigitalservices.com\/tol\/consum\/media\/product\/img\/300x300\/7398816.jpg?t=20241217081237"
    },
    {
        "id": 32361,
        "name": "Smoothie Fresa 4X60 gr con Manzana y Grosella CONSUM",
        "price": 2.89,
        "price_kilo": 12.04,
        "slug": "smoothie-fresa-4x60-gr-con-manzana-y-grosella",
        "description": "Smoothie Fresa 4X60 gr con Manzana y Grosella 240 Gr",
        "image": "https:\/\/cdn-consum.aktiosdigitalservices.com\/tol\/consum\/media\/product\/img\/300x300\/7412489.jpg?t=20250115080457"
    },
    {
        "id": 32362,
        "name": "Smoothie Mango 4x60 gr Manzana Pi\u00f1a Maracuy\u00e1 CONSUM",
        "price": 2.79,
        "price_kilo": 11.63,
        "slug": "smoothie-mango-4x60-gr-manzana-pina-maracuya",
        "description": "Smoothie Mango 4x60 gr Manzana Pi\u00f1a Maracuy\u00e1 240 Gr",
        "image": "https:\/\/cdn-consum.aktiosdigitalservices.com\/tol\/consum\/media\/product\/img\/300x300\/7412497.jpg?t=20250115080459"
    },
    {
        "id": 32438,
        "name": "Crema Calzado Azul CONSUM",
        "price": 0.95,
        "price_kilo": 1.9,
        "slug": "crema-calzado-azul",
        "description": "Crema Calzado Azul 50 ml",
        "image": "https:\/\/cdn-consum.aktiosdigitalservices.com\/tol\/consum\/media\/product\/img\/300x300\/7397677.jpg?t=20241217081236"
    },
    {
        "id": 32440,
        "name": "Crema Calzado Marr\u00f3n CONSUM",
        "price": 0.95,
        "price_kilo": 1.9,
        "slug": "crema-calzado-marron",
        "description": "Crema Calzado Marr\u00f3n 50 ml",
        "image": "https:\/\/cdn-consum.aktiosdigitalservices.com\/tol\/consum\/media\/product\/img\/300x300\/7397698.jpg?t=20241217081236"
    },
    {
        "id": 32441,
        "name": "Crema Calzado Negro CONSUM",
        "price": 0.95,
        "price_kilo": 1.9,
        "slug": "crema-calzado-negro",
        "description": "Crema Calzado Negro 50 ml",
        "image": "https:\/\/cdn-consum.aktiosdigitalservices.com\/tol\/consum\/media\/product\/img\/300x300\/7397701.jpg?t=20241217081236"
    },
    {
        "id": 32442,
        "name": "Crema Calzado Neutro Incoloro CONSUM",
        "price": 0.95,
        "price_kilo": 1.9,
        "slug": "crema-calzado-neutro-incoloro",
        "description": "Crema Calzado Neutro Incoloro 50 ml",
        "image": "https:\/\/cdn-consum.aktiosdigitalservices.com\/tol\/consum\/media\/product\/img\/300x300\/7397706.jpg?t=20250128080621"
    },
    {
        "id": 32445,
        "name": "Tarrina Prote\u00ednas Cookies Dough 500 ml CONSUM",
        "price": 3.15,
        "price_kilo": 11.89,
        "slug": "tarrina-proteinas-cookies-dough-500-ml",
        "description": "Tarrina Prote\u00ednas Cookies Dough 500 ml 265 Gr",
        "image": "https:\/\/cdn-consum.aktiosdigitalservices.com\/tol\/consum\/media\/product\/img\/300x300\/7412435.jpg?t=20250315075909"
    },
    {
        "id": 32523,
        "name": "Bomb\u00f3n Sweet Caramel 3 Unidades CONSUM",
        "price": 3.55,
        "price_kilo": 17.4,
        "slug": "bombon-sweet-caramel-3-unidades",
        "description": "Bomb\u00f3n Sweet Caramel 3 Unidades 204 Gr",
        "image": "https:\/\/cdn-consum.aktiosdigitalservices.com\/tol\/consum\/media\/product\/img\/300x300\/7412471.jpg?t=20250315075911"
    },
    {
        "id": 32524,
        "name": "Cono Lima Lim\u00f3n 4x74 gr CONSUM",
        "price": 1.99,
        "price_kilo": 6.72,
        "slug": "cono-lima-limon-4x74-gr",
        "description": "Cono Lima Lim\u00f3n 4x74 gr 296 Gr",
        "image": "https:\/\/cdn-consum.aktiosdigitalservices.com\/tol\/consum\/media\/product\/img\/300x300\/7413313.jpg?t=20250318080959"
    },
    {
        "id": 32525,
        "name": "Cono Vainilla Caramelo Salado Pack de 4 CONSUM",
        "price": 1.99,
        "price_kilo": 7.01,
        "slug": "cono-vainilla-caramelo-salado-pack-de-4",
        "description": "Cono Vainilla Caramelo Salado Pack de 4 284 Gr",
        "image": "https:\/\/cdn-consum.aktiosdigitalservices.com\/tol\/consum\/media\/product\/img\/300x300\/7413318.jpg?t=20250318080959"
    },
    {
        "id": 32611,
        "name": "S\u00e9rum Natural KYREY",
        "price": 4.15,
        "price_kilo": 4.15,
        "slug": "serum-natural",
        "description": "S\u00e9rum Natural 100 ml",
        "image": "https:\/\/cdn-consum.aktiosdigitalservices.com\/tol\/consum\/media\/product\/img\/300x300\/7398910.jpg?t=20241217081238"
    },
    {
        "id": 32613,
        "name": "Salchichas Bockwurst CONSUM",
        "price": 2.09,
        "price_kilo": 5.23,
        "slug": "salchichas-bockwurst",
        "description": "Salchichas Bockwurst 2 x 200 Gr",
        "image": "https:\/\/cdn-consum.aktiosdigitalservices.com\/tol\/consum\/media\/product\/img\/300x300\/7421246.jpg?t=20250318080644"
    },
    {
        "id": 32674,
        "name": "Esponja Vegetal KYREY",
        "price": 1.4,
        "price_kilo": 1.4,
        "slug": "esponja-vegetal",
        "description": "Esponja Vegetal 1 U",
        "image": "https:\/\/cdn-consum.aktiosdigitalservices.com\/tol\/consum\/media\/product\/img\/300x300\/7406994.jpg?t=20241217081246"
    },
    {
        "id": 32706,
        "name": "Protegeslip Normal Plegado KYREY",
        "price": 1.1,
        "price_kilo": 0.04,
        "slug": "protegeslip-normal-plegado",
        "description": "Protegeslip Normal Plegado 28 U",
        "image": "https:\/\/cdn-consum.aktiosdigitalservices.com\/tol\/consum\/media\/product\/img\/300x300\/7356756.jpg?t=20250312092805"
    },
    {
        "id": 32709,
        "name": "Compresa Incontinencia Maxi KYREY",
        "price": 3.95,
        "price_kilo": 0.26,
        "slug": "compresa-incontinencia-maxi",
        "description": "Compresa Incontinencia Maxi 15 U",
        "image": "https:\/\/cdn-consum.aktiosdigitalservices.com\/tol\/consum\/media\/product\/img\/300x300\/7411924.jpg?t=20241217081253"
    },
    {
        "id": 32758,
        "name": "Miel Eucalipto Dosificador CONSUM",
        "price": 4.2,
        "price_kilo": 8.4,
        "slug": "miel-eucalipto-dosificador",
        "description": "Miel Eucalipto Dosificador 500 Gr",
        "image": "https:\/\/cdn-consum.aktiosdigitalservices.com\/tol\/consum\/media\/product\/img\/300x300\/7416063.jpg?t=20250311112507"
    },
    {
        "id": 32806,
        "name": "Esponja Vegetal Masaje KYREY",
        "price": 1.99,
        "price_kilo": 1.99,
        "slug": "esponja-vegetal-masaje",
        "description": "Esponja Vegetal Masaje 1 U",
        "image": "https:\/\/cdn-consum.aktiosdigitalservices.com\/tol\/consum\/media\/product\/img\/300x300\/7406981.jpg?t=20250128080625"
    },
    {
        "id": 33119,
        "name": "Arroz Integral CONSUM",
        "price": 1.76,
        "price_kilo": 1.76,
        "slug": "arroz-integral",
        "description": "Arroz Integral 1 Kg",
        "image": "https:\/\/cdn-consum.aktiosdigitalservices.com\/tol\/consum\/media\/product\/img\/300x300\/7413370.jpg?t=20250103082445"
    },
    {
        "id": 33165,
        "name": "Gomina CONSUM KIDS",
        "price": 1.95,
        "price_kilo": 1.3,
        "slug": "gomina",
        "description": "Gomina 150 ml",
        "image": "https:\/\/cdn-consum.aktiosdigitalservices.com\/tol\/consum\/media\/product\/img\/300x300\/7407984.jpg?t=20241217081247"
    },
    {
        "id": 33199,
        "name": "Delicias Aguinaga al Ajillo CONSUM",
        "price": 1.56,
        "price_kilo": 8.91,
        "slug": "delicias-aguinaga-al-ajillo",
        "description": "Delicias Aguinaga al Ajillo 175 Gr",
        "image": "https:\/\/cdn-consum.aktiosdigitalservices.com\/tol\/consum\/media\/product\/img\/300x300\/7423150.jpg?t=20241217081311"
    },
    {
        "id": 33327,
        "name": "Medall\u00f3n Solomillo Pavo Fino CONSUM",
        "price": 3.61,
        "price_kilo": 12.03,
        "slug": "medallon-solomillo-pavo-fino",
        "description": "Medall\u00f3n Solomillo Pavo Fino",
        "image": "https:\/\/cdn-consum.aktiosdigitalservices.com\/tol\/consum\/media\/product\/img\/300x300\/7431539.jpg?t=20241217081329"
    },
    {
        "id": 33364,
        "name": "Stick para Gatos Sabor Salm\u00f3n VITALITY",
        "price": 1.05,
        "price_kilo": 0.11,
        "slug": "stick-para-gatos-sabor-salmon",
        "description": "Stick para Gatos Sabor Salm\u00f3n 10 U",
        "image": "https:\/\/cdn-consum.aktiosdigitalservices.com\/tol\/consum\/media\/product\/img\/300x300\/7409514.jpg?t=20250206095746"
    },
    {
        "id": 33502,
        "name": "Mejillones en Salsa Brava 13\/18 CONSUM",
        "price": 2.15,
        "price_kilo": 34.13,
        "slug": "mejillones-en-salsa-brava-13-18",
        "description": "Mejillones en Salsa Brava 13\/18 63 Gr",
        "image": "https:\/\/cdn-consum.aktiosdigitalservices.com\/tol\/consum\/media\/product\/img\/300x300\/7418671.jpg?t=20241217081306"
    },
    {
        "id": 33503,
        "name": "Mejillones a la Vinagreta 13\/18 Piezas CONSUM",
        "price": 2.15,
        "price_kilo": 34.13,
        "slug": "mejillones-a-la-vinagreta-13-18-piezas",
        "description": "Mejillones a la Vinagreta 13\/18 Piezas 63 Gr",
        "image": "https:\/\/cdn-consum.aktiosdigitalservices.com\/tol\/consum\/media\/product\/img\/300x300\/7418676.jpg?t=20241217081306"
    },
    {
        "id": 33531,
        "name": "Cacao Soluble 0% Az\u00facares A\u00f1adidos CONSUM",
        "price": 4.05,
        "price_kilo": 9,
        "slug": "cacao-soluble-0-azucares-anadidos",
        "description": "Cacao Soluble 0% Az\u00facares A\u00f1adidos 450 Gr",
        "image": "https:\/\/cdn-consum.aktiosdigitalservices.com\/tol\/consum\/media\/product\/img\/300x300\/7389091.jpg?t=20250311111841"
    },
    {
        "id": 33547,
        "name": "Colgador WC Agua Azul CONSUM",
        "price": 1.3,
        "price_kilo": 0.65,
        "slug": "colgador-wc-agua-azul",
        "description": "Colgador WC Agua Azul 2 U",
        "image": "https:\/\/cdn-consum.aktiosdigitalservices.com\/tol\/consum\/media\/product\/img\/300x300\/7423544.jpg?t=20250318081003"
    },
    {
        "id": 33562,
        "name": "Abrillantador Metales Inox y Aluminio CONSUM",
        "price": 3.9,
        "price_kilo": 7.8,
        "slug": "abrillantador-metales-inox-y-aluminio",
        "description": "Abrillantador Metales Inox y Aluminio 0,5 L",
        "image": "https:\/\/cdn-consum.aktiosdigitalservices.com\/tol\/consum\/media\/product\/img\/300x300\/7417603.jpg?t=20250312130137"
    },
    {
        "id": 33590,
        "name": "Cera Suelo Abrillantadora CONSUM",
        "price": 2.3,
        "price_kilo": 2.3,
        "slug": "cera-suelo-abrillantadora",
        "description": "Cera Suelo Abrillantadora 1 L",
        "image": "https:\/\/cdn-consum.aktiosdigitalservices.com\/tol\/consum\/media\/product\/img\/300x300\/7405095.jpg?t=20241217081243"
    },
    {
        "id": 33674,
        "name": "Porci\u00f3n de Rosada Del Cabo Congelada CONSUM",
        "price": 4.99,
        "price_kilo": 19.96,
        "slug": "porcion-de-rosada-del-cabo-congelada",
        "description": "Porci\u00f3n de Rosada Del Cabo Congelada 250 Gr",
        "image": "https:\/\/cdn-consum.aktiosdigitalservices.com\/tol\/consum\/media\/product\/img\/300x300\/7424468.jpg?t=20250301080048"
    },
    {
        "id": 33677,
        "name": "Lomitos Bacalao Congelado CONSUM",
        "price": 8.99,
        "price_kilo": 29.97,
        "slug": "lomitos-bacalao-congelado",
        "description": "Lomitos Bacalao Congelado 300 Gr",
        "image": "https:\/\/cdn-consum.aktiosdigitalservices.com\/tol\/consum\/media\/product\/img\/300x300\/7424463.jpg?t=20250301080046"
    },
    {
        "id": 33850,
        "name": "Lenguado Congelado DP CONSUM",
        "price": 2.3,
        "price_kilo": 11.5,
        "slug": "lenguado-congelado-dp",
        "description": "Lenguado Congelado DP",
        "image": "https:\/\/cdn-consum.aktiosdigitalservices.com\/tol\/consum\/media\/product\/img\/300x300\/7426120.jpg?t=20250301080052"
    },
    {
        "id": 33870,
        "name": "Estropajo con Esponja Desincrusta CONSUM",
        "price": 0.9,
        "price_kilo": 0.3,
        "slug": "estropajo-con-esponja-desincrusta",
        "description": "Estropajo con Esponja Desincrusta 3 U",
        "image": "https:\/\/cdn-consum.aktiosdigitalservices.com\/tol\/consum\/media\/product\/img\/300x300\/7410087.jpg?t=20241231080029"
    },
    {
        "id": 33948,
        "name": "Bruma Solar FP 50 KYREY",
        "price": 7.85,
        "price_kilo": 3.93,
        "slug": "bruma-solar-fp-50",
        "description": "Bruma Solar FP 50 200 ml",
        "image": "https:\/\/cdn-consum.aktiosdigitalservices.com\/tol\/consum\/media\/product\/img\/300x300\/7424190.jpg?t=20250312092836"
    },
    {
        "id": 33950,
        "name": "Caldo de Carne Arroces y Guisos con Sofrito CONSUM",
        "price": 2.25,
        "price_kilo": 2.25,
        "slug": "caldo-de-carne-arroces-y-guisos-con-sofrito",
        "description": "Caldo de Carne Arroces y Guisos con Sofrito 1 L",
        "image": "https:\/\/cdn-consum.aktiosdigitalservices.com\/tol\/consum\/media\/product\/img\/300x300\/7424562.jpg?t=20250109105953"
    },
    {
        "id": 34018,
        "name": "Sardinillas Picantes en Aceite de Girasol CONSUM",
        "price": 1.75,
        "price_kilo": 13.46,
        "slug": "sardinillas-picantes-en-aceite-de-girasol",
        "description": "Sardinillas Picantes en Aceite de Girasol 2 x 65 Gr",
        "image": "https:\/\/cdn-consum.aktiosdigitalservices.com\/tol\/consum\/media\/product\/img\/300x300\/7429806.jpg?t=20250125075933"
    },
    {
        "id": 34070,
        "name": "Longaniza Criolla CONSUM",
        "price": 4.05,
        "price_kilo": 8.99,
        "slug": "longaniza-criolla",
        "description": "Longaniza Criolla",
        "image": "https:\/\/cdn-consum.aktiosdigitalservices.com\/tol\/consum\/media\/product\/img\/300x300\/7435162.jpg?t=20250304114831"
    },
    {
        "id": 34224,
        "name": "Harina de Trigo Fritos CONSUM",
        "price": 1.2,
        "price_kilo": 1.2,
        "slug": "harina-de-trigo-fritos",
        "description": "Harina de Trigo Fritos 1 Kg",
        "image": "https:\/\/cdn-consum.aktiosdigitalservices.com\/tol\/consum\/media\/product\/img\/300x300\/7426096.jpg?t=20250109110137"
    },
    {
        "id": 34226,
        "name": "Sardinillas con Lim\u00f3n Pack 2 CONSUM",
        "price": 1.75,
        "price_kilo": 13.46,
        "slug": "sardinillas-con-limon-pack-2",
        "description": "Sardinillas con Lim\u00f3n Pack 2 2 x 65 Gr",
        "image": "https:\/\/cdn-consum.aktiosdigitalservices.com\/tol\/consum\/media\/product\/img\/300x300\/7429801.jpg?t=20250312092838"
    },
    {
        "id": 34283,
        "name": "Crema Corporal Calmante Aloe Vera KYREY",
        "price": 2.99,
        "price_kilo": 0.75,
        "slug": "crema-corporal-calmante-aloe-vera",
        "description": "Crema Corporal Calmante Aloe Vera 400 ml",
        "image": "https:\/\/cdn-consum.aktiosdigitalservices.com\/tol\/consum\/media\/product\/img\/300x300\/7424174.jpg?t=20241217081313"
    },
    {
        "id": 34286,
        "name": "Caldo Vegetal 12 Pastillas CONSUM",
        "price": 0.85,
        "price_kilo": 7.08,
        "slug": "caldo-vegetal-12-pastillas",
        "description": "Caldo Vegetal 12 Pastillas 120 Gr",
        "image": "https:\/\/cdn-consum.aktiosdigitalservices.com\/tol\/consum\/media\/product\/img\/300x300\/7421407.jpg?t=20241217081310"
    },
    {
        "id": 34348,
        "name": "Bonito del Norte en Aceite de Oliva CONSUM",
        "price": 7.4,
        "price_kilo": 28.46,
        "slug": "bonito-del-norte-en-aceite-de-oliva",
        "description": "Bonito del Norte en Aceite de Oliva 260 Gr",
        "image": "https:\/\/cdn-consum.aktiosdigitalservices.com\/tol\/consum\/media\/product\/img\/300x300\/7417140.jpg?t=20241217081259"
    },
    {
        "id": 34349,
        "name": "Gel de Ba\u00f1o \u00c1cido Hialur\u00f3nico KYREY",
        "price": 1.5,
        "price_kilo": 3,
        "slug": "gel-de-bano-acido-hialuronico",
        "description": "Gel de Ba\u00f1o \u00c1cido Hialur\u00f3nico 500 ml",
        "image": "https:\/\/cdn-consum.aktiosdigitalservices.com\/tol\/consum\/media\/product\/img\/300x300\/7430551.jpg?t=20250227094914"
    },
    {
        "id": 34350,
        "name": "Gel de Ba\u00f1o Vitamina C KYREY",
        "price": 1.5,
        "price_kilo": 3,
        "slug": "gel-de-bano-vitamina-c",
        "description": "Gel de Ba\u00f1o Vitamina C 500 ml",
        "image": "https:\/\/cdn-consum.aktiosdigitalservices.com\/tol\/consum\/media\/product\/img\/300x300\/7430556.jpg?t=20250227094915"
    },
    {
        "id": 34352,
        "name": "Polo Mini Cola Lim\u00f3n 6 Unidades CONSUM",
        "price": 2.15,
        "price_kilo": 7.17,
        "slug": "polo-mini-cola-limon-6-unidades",
        "description": "Polo Mini Cola Lim\u00f3n 6 Unidades 300 Gr",
        "image": "https:\/\/cdn-consum.aktiosdigitalservices.com\/tol\/consum\/media\/product\/img\/300x300\/7432318.jpg?t=20240910080533"
    },
    {
        "id": 34353,
        "name": "Varitas de Merluza Empanada CONSUM",
        "price": 3.49,
        "price_kilo": 8.31,
        "slug": "varitas-de-merluza-empanada",
        "description": "Varitas de Merluza Empanada 420 Gr",
        "image": "https:\/\/cdn-consum.aktiosdigitalservices.com\/tol\/consum\/media\/product\/img\/300x300\/7432482.jpg?t=20250213080603"
    },
    {
        "id": 34390,
        "name": "Sardinillas en Escabeche 6\/10 Piezas CONSUM",
        "price": 1.85,
        "price_kilo": 15.42,
        "slug": "sardinillas-en-escabeche-6-10-piezas",
        "description": "Sardinillas en Escabeche 6\/10 Piezas 2 x 60 Gr",
        "image": "https:\/\/cdn-consum.aktiosdigitalservices.com\/tol\/consum\/media\/product\/img\/300x300\/7429798.jpg?t=20250125075931"
    },
    {
        "id": 35047,
        "name": "Harina de Trigo 100% Integral CONSUM",
        "price": 0.84,
        "price_kilo": 0.84,
        "slug": "harina-de-trigo-100-integral",
        "description": "Harina de Trigo 100% Integral 1 Kg",
        "image": "https:\/\/cdn-consum.aktiosdigitalservices.com\/tol\/consum\/media\/product\/img\/300x300\/7426104.jpg?t=20250109110141"
    },
    {
        "id": 35048,
        "name": "Edulcorante Stevia Comprimidos CONSUM",
        "price": 1.85,
        "price_kilo": 0.01,
        "slug": "edulcorante-stevia-comprimidos",
        "description": "Edulcorante Stevia Comprimidos 200 U",
        "image": "https:\/\/cdn-consum.aktiosdigitalservices.com\/tol\/consum\/media\/product\/img\/300x300\/7429780.jpg?t=20250311112901"
    },
    {
        "id": 35099,
        "name": "Filete Dorada Congelado CONSUM",
        "price": 4.51,
        "price_kilo": 22.55,
        "slug": "filete-dorada-congelado",
        "description": "Filete Dorada Congelado",
        "image": "https:\/\/cdn-consum.aktiosdigitalservices.com\/tol\/consum\/media\/product\/img\/300x300\/7426273.jpg?t=20250313081120"
    },
    {
        "id": 35100,
        "name": "At\u00fan en Aceite de Oliva CONSUM",
        "price": 8,
        "price_kilo": 12.31,
        "slug": "atun-en-aceite-de-oliva",
        "description": "At\u00fan en Aceite de Oliva 650 Gr",
        "image": "https:\/\/cdn-consum.aktiosdigitalservices.com\/tol\/consum\/media\/product\/img\/300x300\/7427818.jpg?t=20250206100856"
    },
    {
        "id": 35106,
        "name": "Edulcorante Sacarina en Comprimidos CONSUM",
        "price": 1.15,
        "price_kilo": 0.01,
        "slug": "edulcorante-sacarina-en-comprimidos",
        "description": "Edulcorante Sacarina en Comprimidos 850 U",
        "image": "https:\/\/cdn-consum.aktiosdigitalservices.com\/tol\/consum\/media\/product\/img\/300x300\/7438547.jpg?t=20250311113246"
    },
    {
        "id": 35177,
        "name": "Stevia Edulcorante Granulado CONSUM",
        "price": 3.45,
        "price_kilo": 17.25,
        "slug": "stevia-edulcorante-granulado",
        "description": "Stevia Edulcorante Granulado 200 Gr",
        "image": "https:\/\/cdn-consum.aktiosdigitalservices.com\/tol\/consum\/media\/product\/img\/300x300\/7429785.jpg?t=20250311112903"
    },
    {
        "id": 35182,
        "name": "Loco's Zebra 3 Unidades CONSUM",
        "price": 1,
        "price_kilo": 7.41,
        "slug": "locos-zebra-3-unidades",
        "description": "Loco's Zebra 3 Unidades 135 Gr",
        "image": "https:\/\/cdn-consum.aktiosdigitalservices.com\/tol\/consum\/media\/product\/img\/300x300\/7437494.jpg?t=20250311113227"
    },
    {
        "id": 35254,
        "name": "Bomb\u00f3n Vainilla  Sabor Choco proteico 3 unid. CONSUM",
        "price": 2.49,
        "price_kilo": 13.53,
        "slug": "bombon-vainilla-sabor-choco-proteico-3-unid",
        "description": "Bomb\u00f3n Vainilla  Sabor Choco proteico 3 unid. 184 Gr",
        "image": "https:\/\/cdn-consum.aktiosdigitalservices.com\/tol\/consum\/media\/product\/img\/300x300\/7431638.jpg?t=20250315075929"
    },
    {
        "id": 35257,
        "name": "Mini Loco's Zebra 4 Unidades CONSUM",
        "price": 1,
        "price_kilo": 12.5,
        "slug": "mini-locos-zebra-4-unidades",
        "description": "Mini Loco's Zebra 4 Unidades 80 Gr",
        "image": "https:\/\/cdn-consum.aktiosdigitalservices.com\/tol\/consum\/media\/product\/img\/300x300\/7437408.jpg?t=20250311113218"
    },
    {
        "id": 35258,
        "name": "Mini Loco's Cacao 4 Unidades CONSUM",
        "price": 1,
        "price_kilo": 12.82,
        "slug": "mini-locos-cacao-4-unidades",
        "description": "Mini Loco's Cacao 4 Unidades 78 Gr",
        "image": "https:\/\/cdn-consum.aktiosdigitalservices.com\/tol\/consum\/media\/product\/img\/300x300\/7437478.jpg?t=20250311113221"
    },
    {
        "id": 35297,
        "name": "Comida Seca Perro Adulto Rico en Buey VITALITY",
        "price": 10.25,
        "price_kilo": 0.85,
        "slug": "comida-seca-perro-adulto-rico-en-buey",
        "description": "Comida Seca Perro Adulto Rico en Buey 12 Kg",
        "image": "https:\/\/cdn-consum.aktiosdigitalservices.com\/tol\/consum\/media\/product\/img\/300x300\/7429496.jpg?t=20250312092838"
    },
    {
        "id": 35324,
        "name": "Filete Merluza Doble Congelado CONSUM",
        "price": 4.05,
        "price_kilo": 13.5,
        "slug": "filete-merluza-doble-congelado",
        "description": "Filete Merluza Doble Congelado",
        "image": "https:\/\/cdn-consum.aktiosdigitalservices.com\/tol\/consum\/media\/product\/img\/300x300\/7443310.jpg?t=20250301080201"
    },
    {
        "id": 35366,
        "name": "Macarr\u00f3n Integral CONSUM",
        "price": 1.21,
        "price_kilo": 2.42,
        "slug": "macarron-integral",
        "description": "Macarr\u00f3n Integral 500 Gr",
        "image": "https:\/\/cdn-consum.aktiosdigitalservices.com\/tol\/consum\/media\/product\/img\/300x300\/7430077.jpg?t=20250312092838"
    },
    {
        "id": 35467,
        "name": "Limpiacristales Espuma CONSUM",
        "price": 2.19,
        "price_kilo": 0.55,
        "slug": "limpiacristales-espuma",
        "description": "Limpiacristales Espuma 400 ml",
        "image": "https:\/\/cdn-consum.aktiosdigitalservices.com\/tol\/consum\/media\/product\/img\/300x300\/7427904.jpg?t=20250321080012"
    },
    {
        "id": 35471,
        "name": "Taboul\u00e9 Oriental CONSUM",
        "price": 2.75,
        "price_kilo": 6.88,
        "slug": "taboule-oriental",
        "description": "Taboul\u00e9 Oriental 400 Gr",
        "image": "https:\/\/cdn-consum.aktiosdigitalservices.com\/tol\/consum\/media\/product\/img\/300x300\/7437739.jpg?t=20241217081345"
    },
    {
        "id": 35472,
        "name": "Infusi\u00f3n Hinojo 20 Bolsitas CONSUM",
        "price": 1.05,
        "price_kilo": 0.05,
        "slug": "infusion-hinojo-20-bolsitas",
        "description": "Infusi\u00f3n Hinojo 20 Bolsitas 20 U",
        "image": "https:\/\/cdn-consum.aktiosdigitalservices.com\/tol\/consum\/media\/product\/img\/300x300\/7438455.jpg?t=20250311134953"
    },
    {
        "id": 35525,
        "name": "Recambio Ambientador El\u00e9ctrico Ropa Limpia CONSUM",
        "price": 1.7,
        "price_kilo": 1.7,
        "slug": "recambio-ambientador-electrico-ropa-limpia",
        "description": "Recambio Ambientador El\u00e9ctrico Ropa Limpia 1 U",
        "image": "https:\/\/cdn-consum.aktiosdigitalservices.com\/tol\/consum\/media\/product\/img\/300x300\/7432029.jpg?t=20241217081331"
    },
    {
        "id": 35526,
        "name": "Refresco Zero Lim\u00f3n Lata CONSUM",
        "price": 0.37,
        "price_kilo": 1.12,
        "slug": "refresco-zero-limon-lata",
        "description": "Refresco Zero Lim\u00f3n Lata 0,33 L",
        "image": "https:\/\/cdn-consum.aktiosdigitalservices.com\/tol\/consum\/media\/product\/img\/300x300\/7432701.jpg?t=20250207080425"
    },
    {
        "id": 35619,
        "name": "Refresco Zero Naranja Lata CONSUM",
        "price": 0.37,
        "price_kilo": 1.12,
        "slug": "refresco-zero-naranja-lata",
        "description": "Refresco Zero Naranja Lata 0,33 L",
        "image": "https:\/\/cdn-consum.aktiosdigitalservices.com\/tol\/consum\/media\/product\/img\/300x300\/7432698.jpg?t=20250207080423"
    },
    {
        "id": 35621,
        "name": "Limpiador Gel WC Desinfectante CONSUM",
        "price": 1.59,
        "price_kilo": 2.12,
        "slug": "limpiador-gel-wc-desinfectante",
        "description": "Limpiador Gel WC Desinfectante 0,75 L",
        "image": "https:\/\/cdn-consum.aktiosdigitalservices.com\/tol\/consum\/media\/product\/img\/300x300\/7440886.jpg?t=20241217081351"
    },
    {
        "id": 35677,
        "name": "Ambientador Recambio Ropa Limpia CONSUM",
        "price": 1.95,
        "price_kilo": 0.78,
        "slug": "ambientador-recambio-ropa-limpia",
        "description": "Ambientador Recambio Ropa Limpia 250 ml",
        "image": "https:\/\/cdn-consum.aktiosdigitalservices.com\/tol\/consum\/media\/product\/img\/300x300\/7406564.jpg?t=20241217081245"
    },
    {
        "id": 35678,
        "name": "Ambientador Recambio Colonia Infantil CONSUM",
        "price": 1.95,
        "price_kilo": 0.78,
        "slug": "ambientador-recambio-colonia-infantil",
        "description": "Ambientador Recambio Colonia Infantil 250 ml",
        "image": "https:\/\/cdn-consum.aktiosdigitalservices.com\/tol\/consum\/media\/product\/img\/300x300\/7406569.jpg?t=20241217081245"
    },
    {
        "id": 35679,
        "name": "Ambientador Recambio S\u00e1ndalo Jazm\u00edn CONSUM",
        "price": 1.95,
        "price_kilo": 0.78,
        "slug": "ambientador-recambio-sandalo-jazmin",
        "description": "Ambientador Recambio S\u00e1ndalo Jazm\u00edn 250 ml",
        "image": "https:\/\/cdn-consum.aktiosdigitalservices.com\/tol\/consum\/media\/product\/img\/300x300\/7406572.jpg?t=20241217081245"
    },
    {
        "id": 35680,
        "name": "Pat\u00e9 de At\u00fan Pack de Dos CONSUM",
        "price": 2.09,
        "price_kilo": 13.4,
        "slug": "pate-de-atun-pack-de-dos",
        "description": "Pat\u00e9 de At\u00fan Pack de Dos 2 x 78 Gr",
        "image": "https:\/\/cdn-consum.aktiosdigitalservices.com\/tol\/consum\/media\/product\/img\/300x300\/7440464.jpg?t=20250204082024"
    },
    {
        "id": 35681,
        "name": "Quitamanchas Ropa Blanca CONSUM",
        "price": 3.1,
        "price_kilo": 3.1,
        "slug": "quitamanchas-ropa-blanca",
        "description": "Quitamanchas Ropa Blanca 1 Kg",
        "image": "https:\/\/cdn-consum.aktiosdigitalservices.com\/tol\/consum\/media\/product\/img\/300x300\/7442416.jpg?t=20250227095347"
    },
    {
        "id": 35718,
        "name": "Quitamanchas Ropa Color CONSUM",
        "price": 3.1,
        "price_kilo": 3.1,
        "slug": "quitamanchas-ropa-color",
        "description": "Quitamanchas Ropa Color 1 Kg",
        "image": "https:\/\/cdn-consum.aktiosdigitalservices.com\/tol\/consum\/media\/product\/img\/300x300\/7442424.jpg?t=20250227095349"
    },
    {
        "id": 35720,
        "name": "Jab\u00f3n de Manos Burbujas KYREY",
        "price": 1.4,
        "price_kilo": 2.8,
        "slug": "jabon-de-manos-burbujas",
        "description": "Jab\u00f3n de Manos Burbujas 500 ml",
        "image": "https:\/\/cdn-consum.aktiosdigitalservices.com\/tol\/consum\/media\/product\/img\/300x300\/7442663.jpg?t=20250312092901"
    },
    {
        "id": 35813,
        "name": "Piment\u00f3n Dulce CONSUM",
        "price": 1.05,
        "price_kilo": 18.1,
        "slug": "pimenton-dulce",
        "description": "Piment\u00f3n Dulce 58 Gr",
        "image": "https:\/\/cdn-consum.aktiosdigitalservices.com\/tol\/consum\/media\/product\/img\/300x300\/7435829.jpg?t=20241217081341"
    },
    {
        "id": 35814,
        "name": "Eneldo CONSUM",
        "price": 2.05,
        "price_kilo": 10.25,
        "slug": "eneldo",
        "description": "Eneldo 20 Gr",
        "image": "https:\/\/cdn-consum.aktiosdigitalservices.com\/tol\/consum\/media\/product\/img\/300x300\/7435899.jpg?t=20250312092851"
    },
    {
        "id": 35829,
        "name": "Boquer\u00f3n del Cant\u00e1brico en Aceite de Oliva CONSUM",
        "price": 2.5,
        "price_kilo": 41.67,
        "slug": "boqueron-del-cantabrico-en-aceite-de-oliva",
        "description": "Boquer\u00f3n del Cant\u00e1brico en Aceite de Oliva 60 Gr",
        "image": "https:\/\/cdn-consum.aktiosdigitalservices.com\/tol\/consum\/media\/product\/img\/300x300\/7435969.jpg?t=20250312092851"
    },
    {
        "id": 35866,
        "name": "Acondicionador Bif\u00e1sico Rizos KYREY",
        "price": 2.95,
        "price_kilo": 7.38,
        "slug": "acondicionador-bifasico-rizos",
        "description": "Acondicionador Bif\u00e1sico Rizos 400 ml",
        "image": "https:\/\/cdn-consum.aktiosdigitalservices.com\/tol\/consum\/media\/product\/img\/300x300\/7398829.jpg?t=20250312092817"
    },
    {
        "id": 35867,
        "name": "Pan de Molde sin Gluten Cl\u00e1sico CONSUM",
        "price": 2.54,
        "price_kilo": 7.26,
        "slug": "pan-de-molde-sin-gluten-clasico",
        "description": "Pan de Molde sin Gluten Cl\u00e1sico 350 Gr",
        "image": "https:\/\/cdn-consum.aktiosdigitalservices.com\/tol\/consum\/media\/product\/img\/300x300\/7435142.jpg?t=20250312092847"
    },
    {
        "id": 35868,
        "name": "Pan de Molde Sin Gluten Cereales y Semillas CONSUM",
        "price": 2.54,
        "price_kilo": 7.26,
        "slug": "pan-de-molde-sin-gluten-cereales-y-semillas",
        "description": "Pan de Molde Sin Gluten Cereales y Semillas 350 Gr",
        "image": "https:\/\/cdn-consum.aktiosdigitalservices.com\/tol\/consum\/media\/product\/img\/300x300\/7435147.jpg?t=20250312092847"
    },
    {
        "id": 35871,
        "name": "Canela Molida CONSUM",
        "price": 0.89,
        "price_kilo": 1.98,
        "slug": "canela-molida",
        "description": "Canela Molida 45 Gr",
        "image": "https:\/\/cdn-consum.aktiosdigitalservices.com\/tol\/consum\/media\/product\/img\/300x300\/7435845.jpg?t=20250312092850"
    },
    {
        "id": 35872,
        "name": "Comino Molido CONSUM",
        "price": 1.25,
        "price_kilo": 20.83,
        "slug": "comino-molido",
        "description": "Comino Molido 60 Gr",
        "image": "https:\/\/cdn-consum.aktiosdigitalservices.com\/tol\/consum\/media\/product\/img\/300x300\/7435857.jpg?t=20250312092850"
    },
    {
        "id": 35873,
        "name": "Perejil CONSUM",
        "price": 0.9,
        "price_kilo": 5,
        "slug": "perejil",
        "description": "Perejil 18 Gr",
        "image": "https:\/\/cdn-consum.aktiosdigitalservices.com\/tol\/consum\/media\/product\/img\/300x300\/7435878.jpg?t=20250312092851"
    },
    {
        "id": 35874,
        "name": "Romero CONSUM",
        "price": 1.19,
        "price_kilo": 3.4,
        "slug": "romero",
        "description": "Romero 35 Gr",
        "image": "https:\/\/cdn-consum.aktiosdigitalservices.com\/tol\/consum\/media\/product\/img\/300x300\/7435886.jpg?t=20250312092851"
    },
    {
        "id": 35875,
        "name": "C\u00farcuma CONSUM",
        "price": 1.3,
        "price_kilo": 21.67,
        "slug": "curcuma",
        "description": "C\u00farcuma 60 Gr",
        "image": "https:\/\/cdn-consum.aktiosdigitalservices.com\/tol\/consum\/media\/product\/img\/300x300\/7435910.jpg?t=20250312092851"
    },
    {
        "id": 35876,
        "name": "Curry CONSUM",
        "price": 1.25,
        "price_kilo": 22.73,
        "slug": "curry",
        "description": "Curry 55 Gr",
        "image": "https:\/\/cdn-consum.aktiosdigitalservices.com\/tol\/consum\/media\/product\/img\/300x300\/7435915.jpg?t=20250312161454"
    },
    {
        "id": 35877,
        "name": "Nuez Moscada Molida CONSUM",
        "price": 1.7,
        "price_kilo": 28.33,
        "slug": "nuez-moscada-molida",
        "description": "Nuez Moscada Molida 60 Gr",
        "image": "https:\/\/cdn-consum.aktiosdigitalservices.com\/tol\/consum\/media\/product\/img\/300x300\/7435923.jpg?t=20250312092851"
    },
    {
        "id": 35878,
        "name": "Jengibre CONSUM",
        "price": 1.69,
        "price_kilo": 33.8,
        "slug": "jengibre",
        "description": "Jengibre 50 Gr",
        "image": "https:\/\/cdn-consum.aktiosdigitalservices.com\/tol\/consum\/media\/product\/img\/300x300\/7435928.jpg?t=20250312092851"
    },
    {
        "id": 35879,
        "name": "Sazonador Ajo y Perejil CONSUM",
        "price": 0.9,
        "price_kilo": 18,
        "slug": "sazonador-ajo-y-perejil",
        "description": "Sazonador Ajo y Perejil 50 Gr",
        "image": "https:\/\/cdn-consum.aktiosdigitalservices.com\/tol\/consum\/media\/product\/img\/300x300\/7435931.jpg?t=20250312092851"
    },
    {
        "id": 35901,
        "name": "Filetes de Lomo Extrafinos CONSUM",
        "price": 2.96,
        "price_kilo": 7.39,
        "slug": "filetes-de-lomo-extrafinos",
        "description": "Filetes de Lomo Extrafinos",
        "image": "https:\/\/cdn-consum.aktiosdigitalservices.com\/tol\/consum\/media\/product\/img\/300x300\/7450658.jpg?t=20250318081023"
    },
    {
        "id": 35920,
        "name": "Albahaca CONSUM",
        "price": 1.25,
        "price_kilo": 6.25,
        "slug": "albahaca",
        "description": "Albahaca 20 Gr",
        "image": "https:\/\/cdn-consum.aktiosdigitalservices.com\/tol\/consum\/media\/product\/img\/300x300\/7435873.jpg?t=20250312092850"
    },
    {
        "id": 35921,
        "name": "Hierbas Provenzales CONSUM",
        "price": 1.05,
        "price_kilo": 4.77,
        "slug": "hierbas-provenzales",
        "description": "Hierbas Provenzales 22 Gr",
        "image": "https:\/\/cdn-consum.aktiosdigitalservices.com\/tol\/consum\/media\/product\/img\/300x300\/7435881.jpg?t=20250312092851"
    },
    {
        "id": 35922,
        "name": "Guindilla Entera CONSUM",
        "price": 0.91,
        "price_kilo": 5.06,
        "slug": "guindilla-entera",
        "description": "Guindilla Entera 18 Gr",
        "image": "https:\/\/cdn-consum.aktiosdigitalservices.com\/tol\/consum\/media\/product\/img\/300x300\/7435902.jpg?t=20250312092851"
    },
    {
        "id": 35923,
        "name": "Pimienta Blanca Molida CONSUM",
        "price": 2.1,
        "price_kilo": 32.31,
        "slug": "pimienta-blanca-molida",
        "description": "Pimienta Blanca Molida 65 Gr",
        "image": "https:\/\/cdn-consum.aktiosdigitalservices.com\/tol\/consum\/media\/product\/img\/300x300\/7435907.jpg?t=20250312161452"
    },
    {
        "id": 35926,
        "name": "Azafr\u00e1n Molido CONSUM",
        "price": 2.8,
        "price_kilo": 451.61,
        "slug": "azafran-molido",
        "description": "Azafr\u00e1n Molido 0,62 Gr",
        "image": "https:\/\/cdn-consum.aktiosdigitalservices.com\/tol\/consum\/media\/product\/img\/300x300\/7435951.jpg?t=20250312092851"
    },
    {
        "id": 35929,
        "name": "Natillas con Canela Molida CONSUM",
        "price": 1.4,
        "price_kilo": 15.73,
        "slug": "natillas-con-canela-molida",
        "description": "Natillas con Canela Molida 89 Gr",
        "image": "https:\/\/cdn-consum.aktiosdigitalservices.com\/tol\/consum\/media\/product\/img\/300x300\/7445914.jpg?t=20250312092907"
    },
    {
        "id": 39328,
        "name": "Ambientador Floral Pistola CONSUM",
        "price": 2.29,
        "price_kilo": 0.92,
        "slug": "ambientador-floral-pistola",
        "description": "Ambientador Floral Pistola 250 ml",
        "image": "https:\/\/cdn-consum.aktiosdigitalservices.com\/tol\/consum\/media\/product\/img\/300x300\/7406549.jpg?t=20250312092820"
    },
    {
        "id": 39329,
        "name": "Limpia Muebles Parquet CONSUM",
        "price": 2,
        "price_kilo": 2.67,
        "slug": "limpia-muebles-parquet",
        "description": "Limpia Muebles Parquet 0,75 L",
        "image": "https:\/\/cdn-consum.aktiosdigitalservices.com\/tol\/consum\/media\/product\/img\/300x300\/7427917.jpg?t=20250312092838"
    },
    {
        "id": 39331,
        "name": "Anchoas del Cant\u00e1brico en Aceite de Oliva CONSUM",
        "price": 3.89,
        "price_kilo": 77.8,
        "slug": "anchoas-del-cantabrico-en-aceite-de-oliva",
        "description": "Anchoas del Cant\u00e1brico en Aceite de Oliva 50 Gr",
        "image": "https:\/\/cdn-consum.aktiosdigitalservices.com\/tol\/consum\/media\/product\/img\/300x300\/7433683.jpg?t=20250312092844"
    },
    {
        "id": 39332,
        "name": "Tomillo CONSUM",
        "price": 1.09,
        "price_kilo": 4.36,
        "slug": "tomillo",
        "description": "Tomillo 25 Gr",
        "image": "https:\/\/cdn-consum.aktiosdigitalservices.com\/tol\/consum\/media\/product\/img\/300x300\/7435824.jpg?t=20250312092850"
    },
    {
        "id": 39333,
        "name": "Canela en Rama CONSUM",
        "price": 1.5,
        "price_kilo": 7.5,
        "slug": "canela-en-rama",
        "description": "Canela en Rama 20 Gr",
        "image": "https:\/\/cdn-consum.aktiosdigitalservices.com\/tol\/consum\/media\/product\/img\/300x300\/7435852.jpg?t=20250312092850"
    },
    {
        "id": 39334,
        "name": "Piment\u00f3n Picante CONSUM",
        "price": 1.3,
        "price_kilo": 22.41,
        "slug": "pimenton-picante",
        "description": "Piment\u00f3n Picante 58 Gr",
        "image": "https:\/\/cdn-consum.aktiosdigitalservices.com\/tol\/consum\/media\/product\/img\/300x300\/7435860.jpg?t=20250312092850"
    },
    {
        "id": 39441,
        "name": "Ambientador Mini Spray Lim\u00f3n Aparato m\u00e1s Reca CONSUM",
        "price": 3.99,
        "price_kilo": 3.99,
        "slug": "ambientador-mini-spray-limon-aparato-mas-reca",
        "description": "Ambientador Mini Spray Lim\u00f3n Aparato m\u00e1s Reca 1 U",
        "image": "https:\/\/cdn-consum.aktiosdigitalservices.com\/tol\/consum\/media\/product\/img\/300x300\/7431880.jpg?t=20250312092841"
    },
    {
        "id": 39445,
        "name": "Croqueta Cocido CONSUM",
        "price": 1.99,
        "price_kilo": 5.69,
        "slug": "croqueta-cocido",
        "description": "Croqueta Cocido 350 Gr",
        "image": "https:\/\/cdn-consum.aktiosdigitalservices.com\/tol\/consum\/media\/product\/img\/300x300\/7444805.jpg?t=20250312092904"
    },
    {
        "id": 39470,
        "name": "Acondicionador Bif\u00e1sico Repara KYREY",
        "price": 2.5,
        "price_kilo": 6.25,
        "slug": "acondicionador-bifasico-repara",
        "description": "Acondicionador Bif\u00e1sico Repara 400 ml",
        "image": "https:\/\/cdn-consum.aktiosdigitalservices.com\/tol\/consum\/media\/product\/img\/300x300\/7398840.jpg?t=20250312161049"
    },
    {
        "id": 39471,
        "name": "Palitos Tradicionales CONSUM",
        "price": 0.61,
        "price_kilo": 10.89,
        "slug": "palitos-tradicionales",
        "description": "Palitos Tradicionales 56 Gr",
        "image": "https:\/\/cdn-consum.aktiosdigitalservices.com\/tol\/consum\/media\/product\/img\/300x300\/7435188.jpg?t=20250312092848"
    },
    {
        "id": 39473,
        "name": "Colorante Alimentario CONSUM",
        "price": 0.89,
        "price_kilo": 11.13,
        "slug": "colorante-alimentario",
        "description": "Colorante Alimentario 80 Gr",
        "image": "https:\/\/cdn-consum.aktiosdigitalservices.com\/tol\/consum\/media\/product\/img\/300x300\/7435811.jpg?t=20250312092850"
    },
    {
        "id": 39478,
        "name": "Queso Curado Mezcla Cu\u00f1a CONSUM",
        "price": 3.97,
        "price_kilo": 12.2,
        "slug": "queso-curado-mezcla-cuna",
        "description": "Queso Curado Mezcla Cu\u00f1a",
        "image": "https:\/\/cdn-consum.aktiosdigitalservices.com\/tol\/consum\/media\/product\/img\/300x300\/7450505.jpg?t=20250313081429"
    },
    {
        "id": 39507,
        "name": "Filetes Pechuga de Pavo Extra Tiernos CONSUM",
        "price": 5.24,
        "price_kilo": 9.49,
        "slug": "filetes-pechuga-de-pavo-extra-tiernos",
        "description": "Filetes Pechuga de Pavo Extra Tiernos",
        "image": "https:\/\/cdn-consum.aktiosdigitalservices.com\/tol\/consum\/media\/product\/img\/300x300\/7448280.jpg?t=20250318081020"
    },
    {
        "id": 39547,
        "name": "Gel Reductor Abdomen KYREY MEN",
        "price": 3.7,
        "price_kilo": 2.47,
        "slug": "gel-reductor-abdomen",
        "description": "Gel Reductor Abdomen 150 ml",
        "image": "https:\/\/cdn-consum.aktiosdigitalservices.com\/tol\/consum\/media\/product\/img\/300x300\/7444268.jpg?t=20250312092903"
    },
    {
        "id": 39574,
        "name": "Molinillo Pimienta 4 Bayas CONSUM",
        "price": 2.1,
        "price_kilo": 38.18,
        "slug": "molinillo-pimienta-4-bayas",
        "description": "Molinillo Pimienta 4 Bayas 55 Gr",
        "image": "https:\/\/cdn-consum.aktiosdigitalservices.com\/tol\/consum\/media\/product\/img\/300x300\/7435944.jpg?t=20250312161458"
    },
    {
        "id": 39575,
        "name": "Nuez Pecana Doypack CONSUM",
        "price": 3.9,
        "price_kilo": 19.5,
        "slug": "nuez-pecana-doypack",
        "description": "Nuez Pecana Doypack 200 Gr",
        "image": "https:\/\/cdn-consum.aktiosdigitalservices.com\/tol\/consum\/media\/product\/img\/300x300\/7439219.jpg?t=20250312130352"
    },
    {
        "id": 39596,
        "name": "Ambientador Vainilla Pistola CONSUM",
        "price": 2.29,
        "price_kilo": 0.92,
        "slug": "ambientador-vainilla-pistola",
        "description": "Ambientador Vainilla Pistola 250 ml",
        "image": "https:\/\/cdn-consum.aktiosdigitalservices.com\/tol\/consum\/media\/product\/img\/300x300\/7406551.jpg?t=20250312092820"
    },
    {
        "id": 39597,
        "name": "Ambientador Mini Spray Lav.Aparato m\u00e1s Recam CONSUM",
        "price": 3.99,
        "price_kilo": 3.99,
        "slug": "ambientador-mini-spray-lavaparato-mas-recam",
        "description": "Ambientador Mini Spray Lav.Aparato m\u00e1s Recam 1 U",
        "image": "https:\/\/cdn-consum.aktiosdigitalservices.com\/tol\/consum\/media\/product\/img\/300x300\/7431877.jpg?t=20250312092841"
    },
    {
        "id": 39627,
        "name": "Ma\u00edz Frito Gigante CONSUM",
        "price": 1.4,
        "price_kilo": 9.33,
        "slug": "maiz-frito-gigante",
        "description": "Ma\u00edz Frito Gigante 150 Gr",
        "image": "https:\/\/cdn-consum.aktiosdigitalservices.com\/tol\/consum\/media\/product\/img\/300x300\/7445815.jpg?t=20250313081336"
    },
    {
        "id": 39628,
        "name": "Nuez Troceada CONSUM",
        "price": 1.9,
        "price_kilo": 12.67,
        "slug": "nuez-troceada",
        "description": "Nuez Troceada Doypack 150 Gr",
        "image": "https:\/\/cdn-consum.aktiosdigitalservices.com\/tol\/consum\/media\/product\/img\/300x300\/7449382.jpg?t=20250312130449"
    },
    {
        "id": 39629,
        "name": "Queso Oveja Leche Cruda CONSUM",
        "price": 4.63,
        "price_kilo": 18.51,
        "slug": "queso-oveja-leche-cruda",
        "description": "Queso Oveja Leche Cruda",
        "image": "https:\/\/cdn-consum.aktiosdigitalservices.com\/tol\/consum\/media\/product\/img\/300x300\/7450406.jpg?t=20250312161631"
    },
    {
        "id": 39630,
        "name": "Queso Tierno Light Cu\u00f1a CONSUM",
        "price": 2.86,
        "price_kilo": 11.44,
        "slug": "queso-tierno-light-cuna",
        "description": "Queso Tierno Light Cu\u00f1a",
        "image": "https:\/\/cdn-consum.aktiosdigitalservices.com\/tol\/consum\/media\/product\/img\/300x300\/7450521.jpg?t=20250312092915"
    },
    {
        "id": 39631,
        "name": "Queso Tierno Bajo en Sal Cu\u00f1a CONSUM",
        "price": 2.86,
        "price_kilo": 11.44,
        "slug": "queso-tierno-bajo-en-sal-cuna",
        "description": "Queso Tierno Bajo en Sal Cu\u00f1a",
        "image": "https:\/\/cdn-consum.aktiosdigitalservices.com\/tol\/consum\/media\/product\/img\/300x300\/7450526.jpg?t=20250320080353"
    },
    {
        "id": 39727,
        "name": "Anacardos Crudos CONSUM",
        "price": 2.5,
        "price_kilo": 12.5,
        "slug": "anacardos-crudos",
        "description": "Anacardos Crudos 200 Gr",
        "image": "https:\/\/cdn-consum.aktiosdigitalservices.com\/tol\/consum\/media\/product\/img\/300x300\/7442135.jpg?t=20250312130402"
    },
    {
        "id": 39728,
        "name": "Guisante Muy Fino CONSUM",
        "price": 0.9,
        "price_kilo": 3.6,
        "slug": "guisante-muy-fino",
        "description": "Guisante Muy Fino 250 Gr",
        "image": "https:\/\/cdn-consum.aktiosdigitalservices.com\/tol\/consum\/media\/product\/img\/300x300\/7444370.jpg?t=20250312092903"
    },
    {
        "id": 39729,
        "name": "Ma\u00edz Dulce Pack 3 CONSUM",
        "price": 1.25,
        "price_kilo": 5.95,
        "slug": "maiz-dulce-pack-3",
        "description": "Ma\u00edz Dulce Pack 3 3 x 70 Gr",
        "image": "https:\/\/cdn-consum.aktiosdigitalservices.com\/tol\/consum\/media\/product\/img\/300x300\/7444375.jpg?t=20250312092903"
    },
    {
        "id": 39730,
        "name": "Cacahuete Collaret CONSUM",
        "price": 3.59,
        "price_kilo": 7.18,
        "slug": "cacahuete-collaret",
        "description": "Cacahuete Collaret 500 Gr",
        "image": "https:\/\/cdn-consum.aktiosdigitalservices.com\/tol\/consum\/media\/product\/img\/300x300\/7446094.jpg?t=20250320080347"
    },
    {
        "id": 39732,
        "name": "Queso Mezcla Viejo Cu\u00f1a CONSUM",
        "price": 4.27,
        "price_kilo": 14.22,
        "slug": "queso-mezcla-viejo-cuna",
        "description": "Queso Mezcla Viejo Cu\u00f1a",
        "image": "https:\/\/cdn-consum.aktiosdigitalservices.com\/tol\/consum\/media\/product\/img\/300x300\/7450518.jpg?t=20250319080052"
    },
    {
        "id": 39786,
        "name": "Ma\u00edz Frito Barbacoa CONSUM",
        "price": 1,
        "price_kilo": 5.88,
        "slug": "maiz-frito-barbacoa",
        "description": "Ma\u00edz Frito Barbacoa 170 Gr",
        "image": "https:\/\/cdn-consum.aktiosdigitalservices.com\/tol\/consum\/media\/product\/img\/300x300\/7445823.jpg?t=20250313081338"
    },
    {
        "id": 39833,
        "name": "Corazones Alcachofa 8\/12 CONSUM",
        "price": 1.99,
        "price_kilo": 11.37,
        "slug": "corazones-alcachofa-8-12",
        "description": "Corazones Alcachofa 8\/12 175 Gr",
        "image": "https:\/\/cdn-consum.aktiosdigitalservices.com\/tol\/consum\/media\/product\/img\/300x300\/7443182.jpg?t=20250318081018"
    },
    {
        "id": 39834,
        "name": "Cuartos de Alcachofa de Alcachofa CONSUM",
        "price": 2.35,
        "price_kilo": 9.79,
        "slug": "cuartos-de-alcachofa-de-alcachofa",
        "description": "Cuartos de Alcachofa de Alcachofa 240 Gr",
        "image": "https:\/\/cdn-consum.aktiosdigitalservices.com\/tol\/consum\/media\/product\/img\/300x300\/7443187.jpg?t=20250312092901"
    },
    {
        "id": 39835,
        "name": "Corazones Alcachofa 20\/30 Unidaes CONSUM",
        "price": 3.25,
        "price_kilo": 18.57,
        "slug": "corazones-alcachofa-20-30-unidaes",
        "description": "Corazones Alcachofa 20\/30 Unidaes 175 Gr",
        "image": "https:\/\/cdn-consum.aktiosdigitalservices.com\/tol\/consum\/media\/product\/img\/300x300\/7443190.jpg?t=20250318081018"
    },
    {
        "id": 39836,
        "name": "Corazones Alcachofa 6\/8 Unidades CONSUM",
        "price": 1.89,
        "price_kilo": 10.8,
        "slug": "corazones-alcachofa-6-8-unidades",
        "description": "Corazones Alcachofa 6\/8 Unidades 175 Gr",
        "image": "https:\/\/cdn-consum.aktiosdigitalservices.com\/tol\/consum\/media\/product\/img\/300x300\/7443195.jpg?t=20250318080832"
    },
    {
        "id": 39837,
        "name": "Almendra Tostada con C\u00e1scara CONSUM",
        "price": 3.59,
        "price_kilo": 14.36,
        "slug": "almendra-tostada-con-cascara",
        "description": "Almendra Tostada con C\u00e1scara 250 Gr",
        "image": "https:\/\/cdn-consum.aktiosdigitalservices.com\/tol\/consum\/media\/product\/img\/300x300\/7446086.jpg?t=20250318081020"
    },
    {
        "id": 39855,
        "name": "Coquitos en Grano Bolsa CONSUM",
        "price": 3.22,
        "price_kilo": 16.1,
        "slug": "coquitos-en-grano-bolsa",
        "description": "Coquitos en Grano Bolsa 200 Gr",
        "image": "https:\/\/cdn-consum.aktiosdigitalservices.com\/tol\/consum\/media\/product\/img\/300x300\/7439222.jpg?t=20250312092856"
    },
    {
        "id": 39856,
        "name": "Pipas Peladas Fritas Bolsa CONSUM",
        "price": 1.1,
        "price_kilo": 5.5,
        "slug": "pipas-peladas-fritas-bolsa",
        "description": "Pipas Peladas Fritas Bolsa 200 Gr",
        "image": "https:\/\/cdn-consum.aktiosdigitalservices.com\/tol\/consum\/media\/product\/img\/300x300\/7445810.jpg?t=20250318081020"
    },
    {
        "id": 43037,
        "name": "Cacahuetes Tostados con C\u00e1scara sin Sal CONSUM",
        "price": 1.19,
        "price_kilo": 3.97,
        "slug": "cacahuetes-tostados-con-cascara-sin-sal",
        "description": "Cacahuetes Tostados con C\u00e1scara sin Sal 300 Gr",
        "image": "https:\/\/cdn-consum.aktiosdigitalservices.com\/tol\/consum\/media\/product\/img\/300x300\/7445729.jpg?t=20250318081020"
    },
    {
        "id": 43084,
        "name": "Pat\u00e9 de Pimienta CONSUM",
        "price": 1,
        "price_kilo": 8,
        "slug": "pate-de-pimienta",
        "description": "Pat\u00e9 de Pimienta 125 Gr",
        "image": "https:\/\/cdn-consum.aktiosdigitalservices.com\/tol\/consum\/media\/product\/img\/300x300\/7452159.jpg?t=20250318081024"
    },
    {
        "id": 43085,
        "name": "Pat\u00e9 Finas Hierbas CONSUM",
        "price": 1,
        "price_kilo": 8,
        "slug": "pate-finas-hierbas",
        "description": "Pat\u00e9 Finas Hierbas 125 Gr",
        "image": "https:\/\/cdn-consum.aktiosdigitalservices.com\/tol\/consum\/media\/product\/img\/300x300\/7452175.jpg?t=20250318081026"
    },
    {
        "id": 5285,
        "name": "Filete Lomo de Cerdo CONSUM",
        "price": 3.6,
        "price_kilo": 7.19,
        "slug": "filete-lomo-de-cerdo",
        "description": "Filete Lomo de Cerdo",
        "image": "https:\/\/cdn-consum.aktiosdigitalservices.com\/tol\/consum\/media\/product\/img\/300x300\/3339983.jpg?t=20241231075710"
    },
    {
        "id": 5530,
        "name": "Aceitunas Rellenas de Anchoas CONSUM",
        "price": 1.15,
        "price_kilo": 7.67,
        "slug": "aceitunas-rellenas-de-anchoas",
        "description": "Aceitunas Rellenas de Anchoas 150 Gr",
        "image": "https:\/\/cdn-consum.aktiosdigitalservices.com\/tol\/consum\/media\/product\/img\/300x300\/7034056.jpg?t=20250318075904"
    },
    {
        "id": 5641,
        "name": "At\u00fan Claro Natural Pack de 3 CONSUM",
        "price": 2.3,
        "price_kilo": 13.69,
        "slug": "atun-claro-natural-pack-de-3",
        "description": "At\u00fan Claro Natural Pack de 3 3 x 56 Gr",
        "image": "https:\/\/cdn-consum.aktiosdigitalservices.com\/tol\/consum\/media\/product\/img\/300x300\/7046076.jpg?t=20250318080932"
    },
    {
        "id": 5676,
        "name": "Vinagre de Vino Blanco CONSUM",
        "price": 0.75,
        "price_kilo": 0.75,
        "slug": "vinagre-de-vino-blanco",
        "description": "Vinagre de Vino Blanco 1000 ml",
        "image": "https:\/\/cdn-consum.aktiosdigitalservices.com\/tol\/consum\/media\/product\/img\/300x300\/7049690.jpg?t=20250322075810"
    },
    {
        "id": 5683,
        "name": "Vinagre de Manzana CONSUM",
        "price": 0.9,
        "price_kilo": 0.9,
        "slug": "vinagre-de-manzana",
        "description": "Vinagre de Manzana 1000 ml",
        "image": "https:\/\/cdn-consum.aktiosdigitalservices.com\/tol\/consum\/media\/product\/img\/300x300\/7050644.jpg?t=20250322075812"
    },
    {
        "id": 5685,
        "name": "Vinagre Bals\u00e1mico de M\u00f3dena CONSUM",
        "price": 1.29,
        "price_kilo": 5.16,
        "slug": "vinagre-balsamico-de-modena",
        "description": "Vinagre Bals\u00e1mico de M\u00f3dena 250 ml",
        "image": "https:\/\/cdn-consum.aktiosdigitalservices.com\/tol\/consum\/media\/product\/img\/300x300\/7050680.jpg?t=20250322075819"
    },
    {
        "id": 5719,
        "name": "Patatas Fritas Lisas Bolsa Papel CONSUM",
        "price": 1.9,
        "price_kilo": 6.33,
        "slug": "patatas-fritas-lisas-bolsa-papel",
        "description": "Patatas Fritas Lisas Bolsa Papel 300 Gr",
        "image": "https:\/\/cdn-consum.aktiosdigitalservices.com\/tol\/consum\/media\/product\/img\/300x300\/7056406.jpg?t=20250319075746"
    },
    {
        "id": 5745,
        "name": "Tallarines Paquete CONSUM",
        "price": 0.8,
        "price_kilo": 1.6,
        "slug": "tallarines-paquete",
        "description": "Tallarines Paquete 500 Gr",
        "image": "https:\/\/cdn-consum.aktiosdigitalservices.com\/tol\/consum\/media\/product\/img\/300x300\/7060549.jpg?t=20250319075752"
    },
    {
        "id": 5887,
        "name": "Ensaimadas 6 Unidades CONSUM",
        "price": 1.15,
        "price_kilo": 5.23,
        "slug": "ensaimadas-6-unidades",
        "description": "Ensaimadas 6 Unidades 220 Gr",
        "image": "https:\/\/cdn-consum.aktiosdigitalservices.com\/tol\/consum\/media\/product\/img\/300x300\/7075393.jpg?t=20250320075810"
    },
    {
        "id": 5913,
        "name": "Zumo Pi\u00f1a,Uva, Manzana Concentrado Pack de 6 CONSUM",
        "price": 1.5,
        "price_kilo": 1.25,
        "slug": "zumo-pinauva-manzana-concentrado-pack-de-6",
        "description": "Zumo Pi\u00f1a,Uva, Manzana Concentrado Pack de 6 6 x 0,2 L",
        "image": "https:\/\/cdn-consum.aktiosdigitalservices.com\/tol\/consum\/media\/product\/img\/300x300\/7078285.jpg?t=20250321075748"
    },
    {
        "id": 5936,
        "name": "Sal Yodada Bolsa CONSUM",
        "price": 0.4,
        "price_kilo": 0.4,
        "slug": "sal-yodada-bolsa",
        "description": "Sal Yodada Bolsa 1000 Gr",
        "image": "https:\/\/cdn-consum.aktiosdigitalservices.com\/tol\/consum\/media\/product\/img\/300x300\/7080740.jpg?t=20250322075829"
    },
    {
        "id": 5937,
        "name": "Sal Fina Bolsa CONSUM",
        "price": 0.4,
        "price_kilo": 0.4,
        "slug": "sal-fina-bolsa",
        "description": "Sal Fina Bolsa 1000 Gr",
        "image": "https:\/\/cdn-consum.aktiosdigitalservices.com\/tol\/consum\/media\/product\/img\/300x300\/7080745.jpg?t=20250322075831"
    },
    {
        "id": 5938,
        "name": "Sal Gruesa Bolsa CONSUM",
        "price": 0.4,
        "price_kilo": 0.4,
        "slug": "sal-gruesa-bolsa",
        "description": "Sal Gruesa Bolsa 1000 Gr",
        "image": "https:\/\/cdn-consum.aktiosdigitalservices.com\/tol\/consum\/media\/product\/img\/300x300\/7080757.jpg?t=20250322075834"
    },
    {
        "id": 6955,
        "name": "Patatas Fritas Lisas Sabor Campesinas CONSUM",
        "price": 1.2,
        "price_kilo": 8,
        "slug": "patatas-fritas-lisas-sabor-campesinas",
        "description": "Patatas Fritas Lisas Sabor Campesinas 150 Gr",
        "image": "https:\/\/cdn-consum.aktiosdigitalservices.com\/tol\/consum\/media\/product\/img\/300x300\/7188725.jpg?t=20250319075838"
    },
    {
        "id": 7590,
        "name": "Verdura para Paella congelada CONSUM",
        "price": 1.07,
        "price_kilo": 2.38,
        "slug": "verdura-para-paella-congelada",
        "description": "Verdura para Paella congelada 450 Gr",
        "image": "https:\/\/cdn-consum.aktiosdigitalservices.com\/tol\/consum\/media\/product\/img\/300x300\/7222912.jpg?t=20250320075936"
    },
    {
        "id": 8529,
        "name": "Spaghetti Paquete CONSUM",
        "price": 1.25,
        "price_kilo": 1.25,
        "slug": "spaghetti-paquete",
        "description": "Spaghetti Paquete 1 Kg",
        "image": "https:\/\/cdn-consum.aktiosdigitalservices.com\/tol\/consum\/media\/product\/img\/300x300\/7262488.jpg?t=20250319075853"
    },
    {
        "id": 9247,
        "name": "Aderezo de Lim\u00f3n CONSUM",
        "price": 0.79,
        "price_kilo": 1.58,
        "slug": "aderezo-de-limon",
        "description": "Aderezo de Lim\u00f3n 500 ml",
        "image": "https:\/\/cdn-consum.aktiosdigitalservices.com\/tol\/consum\/media\/product\/img\/300x300\/7050649.jpg?t=20250322075815"
    },
    {
        "id": 9384,
        "name": "Vinagre de Vino Tinto CONSUM",
        "price": 0.55,
        "price_kilo": 1.1,
        "slug": "vinagre-de-vino-tinto",
        "description": "Vinagre de Vino Tinto 500 ml",
        "image": "https:\/\/cdn-consum.aktiosdigitalservices.com\/tol\/consum\/media\/product\/img\/300x300\/7225766.jpg?t=20250322075931"
    },
    {
        "id": 9491,
        "name": "Cono de Fresa Pack de 6 Unidades CONSUM",
        "price": 2.25,
        "price_kilo": 5.21,
        "slug": "cono-de-fresa-pack-de-6-unidades",
        "description": "Cono de Fresa Pack de 6 Unidades 432 Gr",
        "image": "https:\/\/cdn-consum.aktiosdigitalservices.com\/tol\/consum\/media\/product\/img\/300x300\/7081149.jpg?t=20250318080933"
    },
    {
        "id": 9514,
        "name": "Crema de Calabaza Brik CONSUM",
        "price": 1,
        "price_kilo": 2,
        "slug": "crema-de-calabaza-brik",
        "description": "Crema de Calabaza Brik 0,5 L",
        "image": "https:\/\/cdn-consum.aktiosdigitalservices.com\/tol\/consum\/media\/product\/img\/300x300\/7227788.jpg?t=20250318080935"
    },
    {
        "id": 23374,
        "name": "Tarrina Cappuccino 900 Ml. CONSUM",
        "price": 3.5,
        "price_kilo": 7.43,
        "slug": "tarrina-cappuccino-900-ml",
        "description": "Tarrina Cappuccino 900 Ml. 471 Gr",
        "image": "https:\/\/cdn-consum.aktiosdigitalservices.com\/tol\/consum\/media\/product\/img\/300x300\/7325504.jpg?t=20250320080115"
    },
    {
        "id": 26585,
        "name": "At\u00fan Aceite Girasol Lata CONSUM",
        "price": 6.45,
        "price_kilo": 9.92,
        "slug": "atun-aceite-girasol-lata",
        "description": "At\u00fan Aceite Girasol Lata 650 Gr",
        "image": "https:\/\/cdn-consum.aktiosdigitalservices.com\/tol\/consum\/media\/product\/img\/300x300\/7360352.jpg?t=20241217081206"
    },
    {
        "id": 26586,
        "name": "Relleno para Fajitas congelado CONSUM",
        "price": 1.95,
        "price_kilo": 6.5,
        "slug": "relleno-para-fajitas-congelado",
        "description": "Relleno para Fajitas congelado 300 Gr",
        "image": "https:\/\/cdn-consum.aktiosdigitalservices.com\/tol\/consum\/media\/product\/img\/300x300\/7360758.jpg?t=20241217081206"
    },
    {
        "id": 26805,
        "name": "Detergente L\u00edquido Marsella Rellenable CONSUM",
        "price": 2.99,
        "price_kilo": 0.07,
        "slug": "detergente-liquido-marsella-rellenable",
        "description": "Detergente L\u00edquido Marsella Rellenable 40 Lv",
        "image": "https:\/\/cdn-consum.aktiosdigitalservices.com\/tol\/consum\/media\/product\/img\/300x300\/7353134.jpg?t=20250312092804"
    },
    {
        "id": 26806,
        "name": "Detergente L\u00edquido Frescor Rellenable CONSUM",
        "price": 2.99,
        "price_kilo": 0.07,
        "slug": "detergente-liquido-frescor-rellenable",
        "description": "Detergente L\u00edquido Frescor Rellenable 40 Lv",
        "image": "https:\/\/cdn-consum.aktiosdigitalservices.com\/tol\/consum\/media\/product\/img\/300x300\/7353139.jpg?t=20241217081200"
    },
    {
        "id": 27024,
        "name": "Cacahuete Repelado Frito Paquete CONSUM",
        "price": 1,
        "price_kilo": 4,
        "slug": "cacahuete-repelado-frito-paquete",
        "description": "Cacahuete Repelado Frito Paquete 250 Gr",
        "image": "https:\/\/cdn-consum.aktiosdigitalservices.com\/tol\/consum\/media\/product\/img\/300x300\/7367022.jpg?t=20250312092805"
    },
    {
        "id": 27412,
        "name": "Almendra Natural Piel Doy Pack CONSUM",
        "price": 2.39,
        "price_kilo": 11.95,
        "slug": "almendra-natural-piel-doy-pack",
        "description": "Almendra Natural Piel Doy Pack 200 Gr",
        "image": "https:\/\/cdn-consum.aktiosdigitalservices.com\/tol\/consum\/media\/product\/img\/300x300\/7368699.jpg?t=20250312092805"
    },
    {
        "id": 27460,
        "name": "Salsa Bolognesa Frasco CONSUM",
        "price": 1.6,
        "price_kilo": 5.33,
        "slug": "salsa-bolognesa-frasco",
        "description": "Salsa Bolognesa Frasco 300 Gr",
        "image": "https:\/\/cdn-consum.aktiosdigitalservices.com\/tol\/consum\/media\/product\/img\/300x300\/7372162.jpg?t=20241217081215"
    },
    {
        "id": 27507,
        "name": "Nuez Grano Doypack CONSUM",
        "price": 2.7,
        "price_kilo": 13.5,
        "slug": "nuez-grano-doypack",
        "description": "Nuez Grano Doypack 200 Gr",
        "image": "https:\/\/cdn-consum.aktiosdigitalservices.com\/tol\/consum\/media\/product\/img\/300x300\/7375595.jpg?t=20250208075911"
    },
    {
        "id": 27539,
        "name": "Bandas Depilatorias Faciales Piel Sensible KYREY",
        "price": 1.2,
        "price_kilo": 0.08,
        "slug": "bandas-depilatorias-faciales-piel-sensible",
        "description": "Bandas Depilatorias Faciales Piel Sensible 16 U",
        "image": "https:\/\/cdn-consum.aktiosdigitalservices.com\/tol\/consum\/media\/product\/img\/300x300\/7369861.jpg?t=20250314121614"
    },
    {
        "id": 27540,
        "name": "Bandas Depilatorias Corporales KYREY",
        "price": 1.65,
        "price_kilo": 0.08,
        "slug": "bandas-depilatorias-corporales",
        "description": "Bandas Depilatorias Corporales 20 U",
        "image": "https:\/\/cdn-consum.aktiosdigitalservices.com\/tol\/consum\/media\/product\/img\/300x300\/7369866.jpg?t=20250314121617"
    },
    {
        "id": 27545,
        "name": "Galletas Cookies con Pepitas de Chocolate CONSUM",
        "price": 1.4,
        "price_kilo": 6.22,
        "slug": "galletas-cookies-con-pepitas-de-chocolate",
        "description": "Galletas Cookies con Pepitas de Chocolate 225 Gr",
        "image": "https:\/\/cdn-consum.aktiosdigitalservices.com\/tol\/consum\/media\/product\/img\/300x300\/7376700.jpg?t=20250312092806"
    },
    {
        "id": 27943,
        "name": "Higi\u00e9nico Resistente Cuatro Capas CONSUM",
        "price": 3.65,
        "price_kilo": 0.46,
        "slug": "higienico-resistente-cuatro-capas",
        "description": "Higi\u00e9nico Resistente Cuatro Capas 8 U",
        "image": "https:\/\/cdn-consum.aktiosdigitalservices.com\/tol\/consum\/media\/product\/img\/300x300\/7383834.jpg?t=20241217081223"
    },
    {
        "id": 28012,
        "name": "Callos a la Madrile\u00f1a Bote CONSUM",
        "price": 2.45,
        "price_kilo": 6.45,
        "slug": "callos-a-la-madrilena-bote",
        "description": "Callos a la Madrile\u00f1a Bote 380 Gr",
        "image": "https:\/\/cdn-consum.aktiosdigitalservices.com\/tol\/consum\/media\/product\/img\/300x300\/7380491.jpg?t=20250225080133"
    },
    {
        "id": 28014,
        "name": "Fabada Asturiana Bote CONSUM",
        "price": 1.56,
        "price_kilo": 3.55,
        "slug": "fabada-asturiana-bote",
        "description": "Fabada Asturiana Bote 440 Gr",
        "image": "https:\/\/cdn-consum.aktiosdigitalservices.com\/tol\/consum\/media\/product\/img\/300x300\/7380512.jpg?t=20250225080135"
    },
    {
        "id": 28015,
        "name": "Lentejas con Chorizo Bote CONSUM",
        "price": 1.38,
        "price_kilo": 3.21,
        "slug": "lentejas-con-chorizo-bote",
        "description": "Lentejas con Chorizo Bote 430 Gr",
        "image": "https:\/\/cdn-consum.aktiosdigitalservices.com\/tol\/consum\/media\/product\/img\/300x300\/7380525.jpg?t=20250225080137"
    },
    {
        "id": 28024,
        "name": "Alb\u00f3ndigas con Guisantes CONSUM",
        "price": 1.78,
        "price_kilo": 4.29,
        "slug": "albondigas-con-guisantes",
        "description": "Alb\u00f3ndigas con Guisantes 415 Gr",
        "image": "https:\/\/cdn-consum.aktiosdigitalservices.com\/tol\/consum\/media\/product\/img\/300x300\/7384584.jpg?t=20250225080140"
    },
    {
        "id": 28178,
        "name": "Filetes de Caballa en Aceite de Oliva CONSUM",
        "price": 1.35,
        "price_kilo": 16.07,
        "slug": "filetes-de-caballa-en-aceite-de-oliva",
        "description": "Filetes de Caballa en Aceite de Oliva 84 Gr",
        "image": "https:\/\/cdn-consum.aktiosdigitalservices.com\/tol\/consum\/media\/product\/img\/300x300\/7387595.jpg?t=20250125075907"
    },
    {
        "id": 28441,
        "name": "Toallitas Fresh KYREY",
        "price": 1.19,
        "price_kilo": 0.05,
        "slug": "toallitas-fresh",
        "description": "Toallitas Fresh 24 U",
        "image": "https:\/\/cdn-consum.aktiosdigitalservices.com\/tol\/consum\/media\/product\/img\/300x300\/7380418.jpg?t=20241217081221"
    },
    {
        "id": 28582,
        "name": "Galleta con Tableta de Chocolate con Leche CONSUM",
        "price": 1.4,
        "price_kilo": 9.33,
        "slug": "galleta-con-tableta-de-chocolate-con-leche",
        "description": "Galleta con Tableta de Chocolate con Leche 150 Gr",
        "image": "https:\/\/cdn-consum.aktiosdigitalservices.com\/tol\/consum\/media\/product\/img\/300x300\/7383172.jpg?t=20250311134440"
    },
    {
        "id": 28775,
        "name": "Galleta con Tableta Chocolate Negro CONSUM",
        "price": 1.4,
        "price_kilo": 9.33,
        "slug": "galleta-con-tableta-chocolate-negro",
        "description": "Galleta con Tableta Chocolate Negro 150 Gr",
        "image": "https:\/\/cdn-consum.aktiosdigitalservices.com\/tol\/consum\/media\/product\/img\/300x300\/7383177.jpg?t=20250311134442"
    },
    {
        "id": 29064,
        "name": "Arroz 3 Delicias congelado CONSUM",
        "price": 2.75,
        "price_kilo": 2.75,
        "slug": "arroz-3-delicias-congelado",
        "description": "Arroz 3 Delicias congelado 1 Kg",
        "image": "https:\/\/cdn-consum.aktiosdigitalservices.com\/tol\/consum\/media\/product\/img\/300x300\/7367969.jpg?t=20241217081213"
    },
    {
        "id": 29206,
        "name": "Quitagrasas CONSUM",
        "price": 1.5,
        "price_kilo": 2,
        "slug": "quitagrasas",
        "description": "Quitagrasas 0,75 L",
        "image": "https:\/\/cdn-consum.aktiosdigitalservices.com\/tol\/consum\/media\/product\/img\/300x300\/7393833.jpg?t=20250312092816"
    },
    {
        "id": 29364,
        "name": "Detergente L\u00edquido Rosa Mosqueta CONSUM",
        "price": 5.59,
        "price_kilo": 0.07,
        "slug": "detergente-liquido-rosa-mosqueta",
        "description": "Detergente L\u00edquido Rosa Mosqueta 75 Lv",
        "image": "https:\/\/cdn-consum.aktiosdigitalservices.com\/tol\/consum\/media\/product\/img\/300x300\/7400229.jpg?t=20241217081239"
    },
    {
        "id": 29365,
        "name": "Detergente L\u00edquido Lavanda CONSUM",
        "price": 5.59,
        "price_kilo": 0.07,
        "slug": "detergente-liquido-lavanda",
        "description": "Detergente L\u00edquido Lavanda 75 Lv",
        "image": "https:\/\/cdn-consum.aktiosdigitalservices.com\/tol\/consum\/media\/product\/img\/300x300\/7400232.jpg?t=20241217081239"
    },
    {
        "id": 29454,
        "name": "Gel Infantil Extrasuave CONSUM KIDS",
        "price": 2.45,
        "price_kilo": 0.33,
        "slug": "gel-infantil-extrasuave",
        "description": "Gel Infantil Extrasuave 750 ml",
        "image": "https:\/\/cdn-consum.aktiosdigitalservices.com\/tol\/consum\/media\/product\/img\/300x300\/7375699.jpg?t=20241217081218"
    },
    {
        "id": 29540,
        "name": "Tarrina Cookie dough 500 ml CONSUM",
        "price": 3.45,
        "price_kilo": 9.86,
        "slug": "tarrina-cookie-dough-500-ml",
        "description": "Tarrina Cookie dough 500 ml 350 Gr",
        "image": "https:\/\/cdn-consum.aktiosdigitalservices.com\/tol\/consum\/media\/product\/img\/300x300\/7391097.jpg?t=20241217081228"
    },
    {
        "id": 29609,
        "name": "Pistachos Tostados Paquete CONSUM",
        "price": 4.69,
        "price_kilo": 15.63,
        "slug": "pistachos-tostados-paquete",
        "description": "Pistachos Tostados Paquete 300 Gr",
        "image": "https:\/\/cdn-consum.aktiosdigitalservices.com\/tol\/consum\/media\/product\/img\/300x300\/7392066.jpg?t=20250312092808"
    },
    {
        "id": 29891,
        "name": "Pan Molde Cereales y Semillas CONSUM",
        "price": 1.6,
        "price_kilo": 2.37,
        "slug": "pan-molde-cereales-y-semillas",
        "description": "Pan Molde Cereales y Semillas 675 Gr",
        "image": "https:\/\/cdn-consum.aktiosdigitalservices.com\/tol\/consum\/media\/product\/img\/300x300\/7403272.jpg?t=20250311134611"
    },
    {
        "id": 30078,
        "name": "Fres\u00f3n Relleno CONSUM",
        "price": 0.89,
        "price_kilo": 5.93,
        "slug": "freson-relleno",
        "description": "Fres\u00f3n Relleno 150 Gr",
        "image": "https:\/\/cdn-consum.aktiosdigitalservices.com\/tol\/consum\/media\/product\/img\/300x300\/7390347.jpg?t=20250312092808"
    },
    {
        "id": 30152,
        "name": "Caf\u00e9 con Leche 16 C\u00e1psulas CONSUM",
        "price": 3.3,
        "price_kilo": 0.21,
        "slug": "cafe-con-leche-16-capsulas",
        "description": "Caf\u00e9 con Leche 16 C\u00e1psulas 16 U",
        "image": "https:\/\/cdn-consum.aktiosdigitalservices.com\/tol\/consum\/media\/product\/img\/300x300\/7404457.jpg?t=20250311134623"
    },
    {
        "id": 30154,
        "name": "Caf\u00e9 Extra Intenso 16 C\u00e1psulas CONSUM",
        "price": 3.3,
        "price_kilo": 0.21,
        "slug": "cafe-extra-intenso-16-capsulas",
        "description": "Caf\u00e9 Extra Intenso 16 C\u00e1psulas 16 U",
        "image": "https:\/\/cdn-consum.aktiosdigitalservices.com\/tol\/consum\/media\/product\/img\/300x300\/7404486.jpg?t=20250311134630"
    },
    {
        "id": 30171,
        "name": "Salchichas Frankfurt sabor Ahumado CONSUM",
        "price": 1.3,
        "price_kilo": 2.63,
        "slug": "salchichas-frankfurt-sabor-ahumado",
        "description": "Salchichas Frankfurt sabor Ahumado 3 x 165 Gr",
        "image": "https:\/\/cdn-consum.aktiosdigitalservices.com\/tol\/consum\/media\/product\/img\/300x300\/7404408.jpg?t=20241217081242"
    },
    {
        "id": 30374,
        "name": "Anchoa del Cant\u00e1brico en Aceite Oliva CONSUM",
        "price": 1.65,
        "price_kilo": 7.17,
        "slug": "anchoa-del-cantabrico-en-aceite-oliva",
        "description": "Anchoa del Cant\u00e1brico en Aceite Oliva 23 Gr",
        "image": "https:\/\/cdn-consum.aktiosdigitalservices.com\/tol\/consum\/media\/product\/img\/300x300\/7404197.jpg?t=20241217081242"
    },
    {
        "id": 30499,
        "name": "Compresa Incontinencia Extra KYREY PHARMA",
        "price": 3.35,
        "price_kilo": 0.17,
        "slug": "compresa-incontinencia-extra",
        "description": "Compresa Incontinencia Extra 20 U",
        "image": "https:\/\/cdn-consum.aktiosdigitalservices.com\/tol\/consum\/media\/product\/img\/300x300\/7377802.jpg?t=20250312092806"
    },
    {
        "id": 30500,
        "name": "Hummus Cl\u00e1sico sin Gluten Vegano CONSUM",
        "price": 1,
        "price_kilo": 5,
        "slug": "hummus-clasico-sin-gluten-vegano",
        "description": "Hummus Cl\u00e1sico sin Gluten Vegano 200 Gr",
        "image": "https:\/\/cdn-consum.aktiosdigitalservices.com\/tol\/consum\/media\/product\/img\/300x300\/7396781.jpg?t=20250312130005"
    },
    {
        "id": 30503,
        "name": "Lavavajillas Concentrado Ultra CONSUM",
        "price": 1.6,
        "price_kilo": 1.6,
        "slug": "lavavajillas-concentrado-ultra",
        "description": "Lavavajillas Concentrado Ultra 1 L",
        "image": "https:\/\/cdn-consum.aktiosdigitalservices.com\/tol\/consum\/media\/product\/img\/300x300\/7406619.jpg?t=20250312092820"
    },
    {
        "id": 30641,
        "name": "Lavavajillas Concentrado Ultra Aloe CONSUM",
        "price": 1.8,
        "price_kilo": 1.8,
        "slug": "lavavajillas-concentrado-ultra-aloe",
        "description": "Lavavajillas Concentrado Ultra Aloe 1 L",
        "image": "https:\/\/cdn-consum.aktiosdigitalservices.com\/tol\/consum\/media\/product\/img\/300x300\/7406614.jpg?t=20250312092820"
    },
    {
        "id": 30664,
        "name": "Fuet Espetec Extra CONSUM",
        "price": 1.99,
        "price_kilo": 11.71,
        "slug": "fuet-espetec-extra",
        "description": "Fuet Espetec Extra 170 Gr",
        "image": "https:\/\/cdn-consum.aktiosdigitalservices.com\/tol\/consum\/media\/product\/img\/300x300\/7409357.jpg?t=20241217081248"
    },
    {
        "id": 30857,
        "name": "Limpiador Forte CONSUM",
        "price": 1.65,
        "price_kilo": 2.2,
        "slug": "limpiador-forte",
        "description": "Limpiador Forte 0,75 L",
        "image": "https:\/\/cdn-consum.aktiosdigitalservices.com\/tol\/consum\/media\/product\/img\/300x300\/7396617.jpg?t=20241217081236"
    },
    {
        "id": 31196,
        "name": "Tortillas de Trigo 8 Unidades CONSUM",
        "price": 0.94,
        "price_kilo": 2.94,
        "slug": "tortillas-de-trigo-8-unidades",
        "description": "Tortillas de Trigo 8 Unidades 320 Gr",
        "image": "https:\/\/cdn-consum.aktiosdigitalservices.com\/tol\/consum\/media\/product\/img\/300x300\/7392249.jpg?t=20250312092808"
    },
    {
        "id": 31198,
        "name": "Tortillas Wrap de Trigo 6 Unidades CONSUM",
        "price": 1.51,
        "price_kilo": 4.08,
        "slug": "tortillas-wrap-de-trigo-6-unidades",
        "description": "Tortillas Wrap de Trigo 6 Unidades 370 Gr",
        "image": "https:\/\/cdn-consum.aktiosdigitalservices.com\/tol\/consum\/media\/product\/img\/300x300\/7392264.jpg?t=20250311134517"
    },
    {
        "id": 31201,
        "name": "Patatas Churrer\u00eda Bolsa CONSUM",
        "price": 1.1,
        "price_kilo": 7.33,
        "slug": "patatas-churreria-bolsa",
        "description": "Patatas Churrer\u00eda Bolsa 150 Gr",
        "image": "https:\/\/cdn-consum.aktiosdigitalservices.com\/tol\/consum\/media\/product\/img\/300x300\/7404887.jpg?t=20241217081243"
    },
    {
        "id": 31241,
        "name": "Nachos Blancos Bolsa CONSUM",
        "price": 0.9,
        "price_kilo": 6,
        "slug": "nachos-blancos-bolsa",
        "description": "Nachos Blancos Bolsa 150 Gr",
        "image": "https:\/\/cdn-consum.aktiosdigitalservices.com\/tol\/consum\/media\/product\/img\/300x300\/7391829.jpg?t=20250101082541"
    },
    {
        "id": 31243,
        "name": "Tortillas Integrales 8 Unidades CONSUM",
        "price": 1.37,
        "price_kilo": 4.28,
        "slug": "tortillas-integrales-8-unidades",
        "description": "Tortillas Integrales 8 Unidades 320 Gr",
        "image": "https:\/\/cdn-consum.aktiosdigitalservices.com\/tol\/consum\/media\/product\/img\/300x300\/7392251.jpg?t=20250311134512"
    },
    {
        "id": 31287,
        "name": "Palitos de Surimi CONSUM",
        "price": 1.95,
        "price_kilo": 4.33,
        "slug": "palitos-de-surimi",
        "description": "Palitos de Surimi 450 Gr",
        "image": "https:\/\/cdn-consum.aktiosdigitalservices.com\/tol\/consum\/media\/product\/img\/300x300\/7410509.jpg?t=20250211080347"
    },
    {
        "id": 31319,
        "name": "Crema Solar FP 50+ Facial Antiedad KYREY",
        "price": 6.95,
        "price_kilo": 9.27,
        "slug": "crema-solar-fp-50-facial-antiedad",
        "description": "Crema Solar FP 50+ Facial Antiedad 75 ml",
        "image": "https:\/\/cdn-consum.aktiosdigitalservices.com\/tol\/consum\/media\/product\/img\/300x300\/7393734.jpg?t=20250204082238"
    },
    {
        "id": 31540,
        "name": "Yogur Griego con Lim\u00f3n Azucarado CONSUM",
        "price": 1.2,
        "price_kilo": 2.4,
        "slug": "yogur-griego-con-limon-azucarado",
        "description": "Yogur Griego con Lim\u00f3n Azucarado 4 x 125 Gr",
        "image": "https:\/\/cdn-consum.aktiosdigitalservices.com\/tol\/consum\/media\/product\/img\/300x300\/7406440.jpg?t=20250312130104"
    },
    {
        "id": 32297,
        "name": " Caf\u00e9 Extra Intenso 20 C\u00e1psulas CONSUM",
        "price": 3.65,
        "price_kilo": 0.18,
        "slug": "-cafe-extra-intenso-20-capsulas",
        "description": " Caf\u00e9 Extra Intenso 20 C\u00e1psulas 20 U",
        "image": "https:\/\/cdn-consum.aktiosdigitalservices.com\/tol\/consum\/media\/product\/img\/300x300\/7407695.jpg?t=20250311112243"
    },
    {
        "id": 32299,
        "name": "Caf\u00e9 Colombia 20 C\u00e1psulas CONSUM",
        "price": 3.65,
        "price_kilo": 0.18,
        "slug": "cafe-colombia-20-capsulas",
        "description": "Caf\u00e9 Colombia 20 C\u00e1psulas 20 U",
        "image": "https:\/\/cdn-consum.aktiosdigitalservices.com\/tol\/consum\/media\/product\/img\/300x300\/7407708.jpg?t=20250311112247"
    },
    {
        "id": 32352,
        "name": "Champ\u00fa Reparaci\u00f3n KYREY",
        "price": 1.8,
        "price_kilo": 0.45,
        "slug": "champu-reparacion",
        "description": "Champ\u00fa Reparaci\u00f3n 400 ml",
        "image": "https:\/\/cdn-consum.aktiosdigitalservices.com\/tol\/consum\/media\/product\/img\/300x300\/7398832.jpg?t=20250312161047"
    },
    {
        "id": 32353,
        "name": "Mascarilla Reparaci\u00f3n KYREY",
        "price": 1.4,
        "price_kilo": 0.56,
        "slug": "mascarilla-reparacion",
        "description": "Mascarilla Reparaci\u00f3n 250 ml",
        "image": "https:\/\/cdn-consum.aktiosdigitalservices.com\/tol\/consum\/media\/product\/img\/300x300\/7398837.jpg?t=20241217081237"
    },
    {
        "id": 32360,
        "name": "Cacahuete Tostado Sin Sal Bolsa CONSUM",
        "price": 1.15,
        "price_kilo": 5.75,
        "slug": "cacahuete-tostado-sin-sal-bolsa",
        "description": "Cacahuete Tostado Sin Sal Bolsa 200 Gr",
        "image": "https:\/\/cdn-consum.aktiosdigitalservices.com\/tol\/consum\/media\/product\/img\/300x300\/7408474.jpg?t=20250219080508"
    },
    {
        "id": 32491,
        "name": "Mix de Brotes Con Espinaca y R\u00facula CONSUM",
        "price": 1.2,
        "price_kilo": 12,
        "slug": "mix-de-brotes-con-espinaca-y-rucula",
        "description": "Mix de Brotes Con Espinaca y R\u00facula 100 Gr",
        "image": "https:\/\/cdn-consum.aktiosdigitalservices.com\/tol\/consum\/media\/product\/img\/300x300\/7415367.jpg?t=20250121080756"
    },
    {
        "id": 32527,
        "name": "Choco Aritos Ba\u00f1ados de Chocolate Blanco CONSUM",
        "price": 0.95,
        "price_kilo": 7.42,
        "slug": "choco-aritos-banados-de-chocolate-blanco",
        "description": "Choco Aritos Ba\u00f1ados de Chocolate Blanco 128 Gr",
        "image": "https:\/\/cdn-consum.aktiosdigitalservices.com\/tol\/consum\/media\/product\/img\/300x300\/7418614.jpg?t=20250311112550"
    },
    {
        "id": 32675,
        "name": "Bolsa Basura Compostable 10 Litros CONSUM",
        "price": 1.75,
        "price_kilo": 0.12,
        "slug": "bolsa-basura-compostable-10-litros",
        "description": "Bolsa Basura Compostable 10 Litros 15 U",
        "image": "https:\/\/cdn-consum.aktiosdigitalservices.com\/tol\/consum\/media\/product\/img\/300x300\/7410900.jpg?t=20241217081250"
    },
    {
        "id": 32707,
        "name": "Champ\u00fa Familiar KYREY",
        "price": 1.5,
        "price_kilo": 0.15,
        "slug": "champu-familiar",
        "description": "Champ\u00fa Familiar 1000 ml",
        "image": "https:\/\/cdn-consum.aktiosdigitalservices.com\/tol\/consum\/media\/product\/img\/300x300\/7398915.jpg?t=20241217081238"
    },
    {
        "id": 32736,
        "name": "Gel Dermo Familiar KYREY",
        "price": 1.15,
        "price_kilo": 1.15,
        "slug": "gel-dermo-familiar",
        "description": "Gel Dermo Familiar 1 L",
        "image": "https:\/\/cdn-consum.aktiosdigitalservices.com\/tol\/consum\/media\/product\/img\/300x300\/7411627.jpg?t=20250206095841"
    },
    {
        "id": 32807,
        "name": "Nuggets de Pollo CONSUM",
        "price": 2.15,
        "price_kilo": 5.38,
        "slug": "nuggets-de-pollo",
        "description": "Nuggets de Pollo 400 Gr",
        "image": "https:\/\/cdn-consum.aktiosdigitalservices.com\/tol\/consum\/media\/product\/img\/300x300\/7423122.jpg?t=20241217081311"
    },
    {
        "id": 32841,
        "name": "Filete Merluza Argentina Sin piel CONSUM",
        "price": 6.29,
        "price_kilo": 8.39,
        "slug": "filete-merluza-argentina-sin-piel",
        "description": "Filete Merluza Argentina Sin piel 750 Gr",
        "image": "https:\/\/cdn-consum.aktiosdigitalservices.com\/tol\/consum\/media\/product\/img\/300x300\/7416530.jpg?t=20250301080014"
    },
    {
        "id": 33166,
        "name": "Copa Cacao y Nata CONSUM",
        "price": 1.35,
        "price_kilo": 2.93,
        "slug": "copa-cacao-y-nata",
        "description": "Copa Cacao y Nata 4 x 115 Gr",
        "image": "https:\/\/cdn-consum.aktiosdigitalservices.com\/tol\/consum\/media\/product\/img\/300x300\/7423036.jpg?t=20241228075824"
    },
    {
        "id": 33248,
        "name": "Queso Maasdam Cu\u00f1a CONSUM",
        "price": 3.4,
        "price_kilo": 9.07,
        "slug": "queso-maasdam-cuna",
        "description": "Queso Maasdam Cu\u00f1a 375 Gr",
        "image": "https:\/\/cdn-consum.aktiosdigitalservices.com\/tol\/consum\/media\/product\/img\/300x300\/7419039.jpg?t=20250103082531"
    },
    {
        "id": 33328,
        "name": "Lavavajillas a Mano Dilu\u00eddo CONSUM",
        "price": 1.25,
        "price_kilo": 0.96,
        "slug": "lavavajillas-a-mano-diluido",
        "description": "Lavavajillas a Mano Dilu\u00eddo 1,3 L",
        "image": "https:\/\/cdn-consum.aktiosdigitalservices.com\/tol\/consum\/media\/product\/img\/300x300\/7407492.jpg?t=20250219080505"
    },
    {
        "id": 33329,
        "name": "Medallones Merluza del Cabo MSC CONSUM",
        "price": 4.49,
        "price_kilo": 9.45,
        "slug": "medallones-merluza-del-cabo-msc",
        "description": "Medallones Merluza del Cabo MSC 475 Gr",
        "image": "https:\/\/cdn-consum.aktiosdigitalservices.com\/tol\/consum\/media\/product\/img\/300x300\/7416485.jpg?t=20250312092829"
    },
    {
        "id": 33368,
        "name": "Pan Tostado 100%Integra 45 Rebanadas CONSUM",
        "price": 1.37,
        "price_kilo": 3.38,
        "slug": "pan-tostado-100integra-45-rebanadas",
        "description": "Pan Tostado 100%Integra 45 Rebanadas 405 Gr",
        "image": "https:\/\/cdn-consum.aktiosdigitalservices.com\/tol\/consum\/media\/product\/img\/300x300\/7426232.jpg?t=20250312092836"
    },
    {
        "id": 33425,
        "name": "Queso Rallado 4 Quesos CONSUM",
        "price": 1.96,
        "price_kilo": 9.8,
        "slug": "queso-rallado-4-quesos",
        "description": "Queso Rallado 4 Quesos 200 Gr",
        "image": "https:\/\/cdn-consum.aktiosdigitalservices.com\/tol\/consum\/media\/product\/img\/300x300\/7412773.jpg?t=20250103082435"
    },
    {
        "id": 33495,
        "name": "Saladitos CONSUM",
        "price": 1.13,
        "price_kilo": 4.52,
        "slug": "saladitos",
        "description": "Saladitos 250 Gr",
        "image": "https:\/\/cdn-consum.aktiosdigitalservices.com\/tol\/consum\/media\/product\/img\/300x300\/7432917.jpg?t=20250312092842"
    },
    {
        "id": 33549,
        "name": "Lavavajillas Concentrado Ultra CONSUM",
        "price": 1.15,
        "price_kilo": 1.92,
        "slug": "lavavajillas-concentrado-ultra",
        "description": "Lavavajillas Concentrado Ultra 600 ml",
        "image": "https:\/\/cdn-consum.aktiosdigitalservices.com\/tol\/consum\/media\/product\/img\/300x300\/7423882.jpg?t=20250312092836"
    },
    {
        "id": 34091,
        "name": "Harina de Trigo Cl\u00e1sica CONSUM",
        "price": 0.72,
        "price_kilo": 0.72,
        "slug": "harina-de-trigo-clasica",
        "description": "Harina de Trigo Cl\u00e1sica 1 Kg",
        "image": "https:\/\/cdn-consum.aktiosdigitalservices.com\/tol\/consum\/media\/product\/img\/300x300\/7426091.jpg?t=20250312092836"
    },
    {
        "id": 34227,
        "name": "Magdalenas Redondas Bolsa 15 Unidades CONSUM",
        "price": 1.85,
        "price_kilo": 3.43,
        "slug": "magdalenas-redondas-bolsa-15-unidades",
        "description": "Magdalenas Redondas Bolsa 15 Unidades 540 Gr",
        "image": "https:\/\/cdn-consum.aktiosdigitalservices.com\/tol\/consum\/media\/product\/img\/300x300\/7435139.jpg?t=20250311113116"
    },
    {
        "id": 35408,
        "name": "Jam\u00f3n Gran Reserva Curaci\u00f3n 15 Meses CONSUM",
        "price": 4.1,
        "price_kilo": 16.4,
        "slug": "jamon-gran-reserva-curacion-15-meses",
        "description": "Jam\u00f3n Gran Reserva Curaci\u00f3n 15 Meses 250 Gr",
        "image": "https:\/\/cdn-consum.aktiosdigitalservices.com\/tol\/consum\/media\/product\/img\/300x300\/7446107.jpg?t=20250304115344"
    },
    {
        "id": 5837,
        "name": "Magdalena Cuadrada CONSUM",
        "price": 1.29,
        "price_kilo": 3.69,
        "slug": "magdalena-cuadrada",
        "description": "Magdalena Cuadrada 350 Gr",
        "image": "https:\/\/cdn-consum.aktiosdigitalservices.com\/tol\/consum\/media\/product\/img\/300x300\/7069771.jpg?t=20250311104059"
    },
    {
        "id": 6381,
        "name": "Queso Tierno Mezcla Lonchas CONSUM",
        "price": 1.89,
        "price_kilo": 9.45,
        "slug": "queso-tierno-mezcla-lonchas",
        "description": "Queso Tierno Mezcla Lonchas 200 Gr",
        "image": "https:\/\/cdn-consum.aktiosdigitalservices.com\/tol\/consum\/media\/product\/img\/300x300\/7142052.jpg?t=20250227090856"
    },
    {
        "id": 8763,
        "name": "Briochoco 6 unidades CONSUM",
        "price": 1.58,
        "price_kilo": 6.58,
        "slug": "briochoco-6-unidades",
        "description": "Briochoco 6 unidades 240 Gr",
        "image": "https:\/\/cdn-consum.aktiosdigitalservices.com\/tol\/consum\/media\/product\/img\/300x300\/7075406.jpg?t=20250311104144"
    },
    {
        "id": 9750,
        "name": "Ensalada Gourmet Bolsa CONSUM",
        "price": 1.06,
        "price_kilo": 6.06,
        "slug": "ensalada-gourmet-bolsa",
        "description": "Ensalada Gourmet Bolsa 175 Gr",
        "image": "https:\/\/cdn-consum.aktiosdigitalservices.com\/tol\/consum\/media\/product\/img\/300x300\/7100667.jpg?t=20250312125117"
    },
    {
        "id": 13459,
        "name": "Lomo de Cebo de Campo 50% Raza Ib\u00e9rica MONTARAZ",
        "price": 45.9,
        "price_kilo": 45.9,
        "slug": "lomo-de-cebo-de-campo-50-raza-iberica",
        "description": "Lomo de Cebo de Campo 50% Raza Ib\u00e9rica",
        "image": "https:\/\/cdn-consum.aktiosdigitalservices.com\/tol\/consum\/media\/product\/img\/300x300\/7190940.jpg?t=20250319075839"
    },
    {
        "id": 19257,
        "name": "Bebida Pi\u00f1a Coco CONSUM",
        "price": 1.29,
        "price_kilo": 1.29,
        "slug": "bebida-pina-coco",
        "description": "Bebida Pi\u00f1a Coco 1 L",
        "image": "https:\/\/cdn-consum.aktiosdigitalservices.com\/tol\/consum\/media\/product\/img\/300x300\/7291110.jpg?t=20250312092757"
    },
    {
        "id": 25681,
        "name": "Tarrina Pat\u00e9 Adulto Rico en Buey Higado VITALITY",
        "price": 0.95,
        "price_kilo": 3.17,
        "slug": "tarrina-pate-adulto-rico-en-buey-higado",
        "description": "Tarrina Pat\u00e9 Adulto Rico en Buey Higado 300 Gr",
        "image": "https:\/\/cdn-consum.aktiosdigitalservices.com\/tol\/consum\/media\/product\/img\/300x300\/7353758.jpg?t=20250312092804"
    },
    {
        "id": 25994,
        "name": "Croquetas de Cocido ",
        "price": 0.65,
        "price_kilo": 10.4,
        "slug": "croquetas-de-cocido",
        "description": "Croquetas de Cocido 62,5 Gr",
        "image": "https:\/\/cdn-consum.aktiosdigitalservices.com\/tol\/consum\/media\/product\/img\/300x300\/7370992.jpg?t=20250318080443"
    },
    {
        "id": 28988,
        "name": "Ensalada Wraps Completa CONSUM",
        "price": 2.99,
        "price_kilo": 10.49,
        "slug": "ensalada-wraps-completa",
        "description": "Ensalada Wraps Completa 285 Gr",
        "image": "https:\/\/cdn-consum.aktiosdigitalservices.com\/tol\/consum\/media\/product\/img\/300x300\/7398563.jpg?t=20250312130021"
    },
    {
        "id": 29734,
        "name": "Croqueta Carrillera ",
        "price": 0.65,
        "price_kilo": 13,
        "slug": "croqueta-carrillera",
        "description": "Croqueta Carrillera 50 Gr",
        "image": "https:\/\/cdn-consum.aktiosdigitalservices.com\/tol\/consum\/media\/product\/img\/300x300\/7403632.jpg?t=20250318080538"
    },
    {
        "id": 29736,
        "name": "Croqueta de la Abuela Pollo y Jam\u00f3n ",
        "price": 0.65,
        "price_kilo": 10.4,
        "slug": "croqueta-de-la-abuela-pollo-y-jamon",
        "description": "Croqueta de la Abuela Pollo y Jam\u00f3n 62 Gr",
        "image": "https:\/\/cdn-consum.aktiosdigitalservices.com\/tol\/consum\/media\/product\/img\/300x300\/7403640.jpg?t=20250318080540"
    },
    {
        "id": 33652,
        "name": "Ensalada Cangrejo CONSUM",
        "price": 3.15,
        "price_kilo": 7,
        "slug": "ensalada-cangrejo",
        "description": "Ensalada Cangrejo 450 Gr",
        "image": "https:\/\/cdn-consum.aktiosdigitalservices.com\/tol\/consum\/media\/product\/img\/300x300\/7428196.jpg?t=20250227094848"
    },
    {
        "id": 35303,
        "name": "Mejill\u00f3n Peso Aproximado 1 kg ",
        "price": 3.39,
        "price_kilo": 3.39,
        "slug": "mejillon-peso-aproximado-1-kg",
        "description": "Mejill\u00f3n Peso Aproximado 1 kg 1 Kg",
        "image": "https:\/\/cdn-consum.aktiosdigitalservices.com\/tol\/consum\/media\/product\/img\/300x300\/7445039.jpg?t=20250318080842"
    },
    {
        "id": 43057,
        "name": "Keos Ensalada Queso de Vaca Cremoso G.BAQUERO",
        "price": 1.99,
        "price_kilo": 19.9,
        "slug": "keos-ensalada-queso-de-vaca-cremoso",
        "description": "Keos Ensalada Queso de Vaca Cremoso 2 x 50 Gr",
        "image": "https:\/\/cdn-consum.aktiosdigitalservices.com\/tol\/consum\/media\/product\/img\/300x300\/7455413.jpg?t=20250322080150"
    },
    {
        "id": 43108,
        "name": "Dados de Pot\u00f3n M.MORENO",
        "price": 7.5,
        "price_kilo": 15,
        "slug": "dados-de-poton",
        "description": "Dados de Pot\u00f3n",
        "image": "https:\/\/cdn-consum.aktiosdigitalservices.com\/tol\/consum\/media\/product\/img\/300x300\/7456163.jpg?t=20250321080048"
    },
    {
        "id": 43124,
        "name": "Chocobom Crunchy Hoop Chocolate Blanco GULLON",
        "price": 1.5,
        "price_kilo": 11.72,
        "slug": "chocobom-crunchy-hoop-chocolate-blanco",
        "description": "Chocobom Crunchy Hoop Chocolate Blanco 128 Gr",
        "image": "https:\/\/cdn-consum.aktiosdigitalservices.com\/tol\/consum\/media\/product\/img\/300x300\/7456861.jpg?t=20250321080048"
    },
    {
        "id": 43125,
        "name": "Chocobom Crunchy Hoop Chocolate con Leche GULLON",
        "price": 1.5,
        "price_kilo": 11.72,
        "slug": "chocobom-crunchy-hoop-chocolate-con-leche",
        "description": "Chocobom Crunchy Hoop Chocolate con Leche 128 Gr",
        "image": "https:\/\/cdn-consum.aktiosdigitalservices.com\/tol\/consum\/media\/product\/img\/300x300\/7456866.jpg?t=20250321080049"
    },
    {
        "id": 39868,
        "name": "Bomb\u00f3n Craking Macadamia Nut x3 HAAGEN DAZS",
        "price": 4.99,
        "price_kilo": 24.95,
        "slug": "bombon-craking-macadamia-nut-x3",
        "description": "Bomb\u00f3n Craking Macadamia Nut x3 200 Gr",
        "image": "https:\/\/cdn-consum.aktiosdigitalservices.com\/tol\/consum\/media\/product\/img\/300x300\/7454093.jpg?t=20250318081029"
    },
    {
        "id": 39869,
        "name": "Bomb\u00f3n Chunky Salted Caramel x 3 HAAGEN DAZS",
        "price": 4.99,
        "price_kilo": 24.95,
        "slug": "bombon-chunky-salted-caramel-x-3",
        "description": "Bomb\u00f3n Chunky Salted Caramel x 3 200 Gr",
        "image": "https:\/\/cdn-consum.aktiosdigitalservices.com\/tol\/consum\/media\/product\/img\/300x300\/7454101.jpg?t=20250318081029"
    },
    {
        "id": 43093,
        "name": "Refresco Cola Zero Cherry Pet PEPSI-COLA",
        "price": 1.69,
        "price_kilo": 0.97,
        "slug": "refresco-cola-zero-cherry-pet",
        "description": "Refresco Cola Zero Cherry Pet 1,75 L",
        "image": "https:\/\/cdn-consum.aktiosdigitalservices.com\/tol\/consum\/media\/product\/img\/300x300\/7455699.jpg?t=20250318081040"
    },
    {
        "id": 43097,
        "name": "Pa\u00f1uelos Bolsillo Sonic CLEAN PAPER",
        "price": 1.5,
        "price_kilo": 0.06,
        "slug": "panuelos-bolsillo-sonic",
        "description": "Pa\u00f1uelos Bolsillo Sonic 24 U",
        "image": "https:\/\/cdn-consum.aktiosdigitalservices.com\/tol\/consum\/media\/product\/img\/300x300\/7455892.jpg?t=20250318081044"
    },
    {
        "id": 39846,
        "name": "Croissant Nutella 4 Unidades NUTELLA",
        "price": 4.49,
        "price_kilo": 13.21,
        "slug": "croissant-nutella-4-unidades",
        "description": "Croissant Nutella 4 Unidades 340 Gr",
        "image": "https:\/\/cdn-consum.aktiosdigitalservices.com\/tol\/consum\/media\/product\/img\/300x300\/7454382.jpg?t=20250318081030"
    },
    {
        "id": 39850,
        "name": "Leche Barista ASTURIANA",
        "price": 1.49,
        "price_kilo": 1.49,
        "slug": "leche-barista",
        "description": "Leche Barista 1 L",
        "image": "https:\/\/cdn-consum.aktiosdigitalservices.com\/tol\/consum\/media\/product\/img\/300x300\/7455058.jpg?t=20250314121839"
    },
    {
        "id": 43062,
        "name": "Laca Fijaci\u00f3n Fuerte Brillo Sublime NELLY",
        "price": 3.69,
        "price_kilo": 0.92,
        "slug": "laca-fijacion-fuerte-brillo-sublime",
        "description": "Laca Fijaci\u00f3n Fuerte Brillo Sublime 400 ml",
        "image": "https:\/\/cdn-consum.aktiosdigitalservices.com\/tol\/consum\/media\/product\/img\/300x300\/7455707.jpg?t=20250318081040"
    },
    {
        "id": 26084,
        "name": "Bebida de Arroz Con Calcio Brik CONSUM",
        "price": 1.1,
        "price_kilo": 1.1,
        "slug": "bebida-de-arroz-con-calcio-brik",
        "description": "Bebida de Arroz Con Calcio Brik 1 L",
        "image": "https:\/\/cdn-consum.aktiosdigitalservices.com\/tol\/consum\/media\/product\/img\/300x300\/7355985.jpg?t=20250312092804"
    },
    {
        "id": 34692,
        "name": "Protein Wafer Chocolate VITALDIN",
        "price": 4.5,
        "price_kilo": 1.5,
        "slug": "protein-wafer-chocolate",
        "description": "Protein Wafer Chocolate 3 U",
        "image": "https:\/\/cdn-consum.aktiosdigitalservices.com\/tol\/consum\/media\/product\/img\/300x300\/7442036.jpg?t=20250318081014"
    },
    {
        "id": 39872,
        "name": "Gummies sin Az\u00facar VITALDIN",
        "price": 6.25,
        "price_kilo": 0.17,
        "slug": "gummies-sin-azucar",
        "description": "Gummies sin Az\u00facar 36 U",
        "image": "https:\/\/cdn-consum.aktiosdigitalservices.com\/tol\/consum\/media\/product\/img\/300x300\/7454960.jpg?t=20250318081033"
    },
    {
        "id": 26977,
        "name": "Limonada con Jengibre FRUTAE",
        "price": 2.69,
        "price_kilo": 2.69,
        "slug": "limonada-con-jengibre",
        "description": "Limonada con Jengibre 1 L",
        "image": "https:\/\/cdn-consum.aktiosdigitalservices.com\/tol\/consum\/media\/product\/img\/300x300\/7377919.jpg?t=20250311164619"
    },
    {
        "id": 31204,
        "name": "Patatas Fritas Extra Crujientes TOSFRIT",
        "price": 1.39,
        "price_kilo": 10.69,
        "slug": "patatas-fritas-extra-crujientes",
        "description": "Patatas Fritas Extra Crujientes 130 Gr",
        "image": "https:\/\/cdn-consum.aktiosdigitalservices.com\/tol\/consum\/media\/product\/img\/300x300\/7413750.jpg?t=20250318080959"
    },
    {
        "id": 32071,
        "name": "Limonada FRUTAE",
        "price": 0.99,
        "price_kilo": 3,
        "slug": "limonada",
        "description": "Limonada 330 ml",
        "image": "https:\/\/cdn-consum.aktiosdigitalservices.com\/tol\/consum\/media\/product\/img\/300x300\/7418072.jpg?t=20250312092832"
    },
    {
        "id": 4667,
        "name": "Rabanito Bolsa EL DULZE",
        "price": 1.14,
        "price_kilo": 4.56,
        "slug": "rabanito-bolsa",
        "description": "Rabanito Bolsa 250 Gr",
        "image": "https:\/\/cdn-consum.aktiosdigitalservices.com\/tol\/consum\/media\/product\/img\/300x300\/1669.jpg?t=20250225075551"
    },
    {
        "id": 4668,
        "name": "Nuez C\u00e1scara Granel ",
        "price": 6.23,
        "price_kilo": 6.23,
        "slug": "nuez-cascara-granel",
        "description": "Nuez C\u00e1scara Granel",
        "image": "https:\/\/cdn-consum.aktiosdigitalservices.com\/tol\/consum\/media\/product\/img\/300x300\/1826.jpg?t=20250103075720"
    },
    {
        "id": 4669,
        "name": "Ciruela Roja ",
        "price": 0.42,
        "price_kilo": 3.99,
        "slug": "ciruela-roja",
        "description": "Ciruela Roja",
        "image": "https:\/\/cdn-consum.aktiosdigitalservices.com\/tol\/consum\/media\/product\/img\/300x300\/1834.jpg?t=20250322075606"
    },
    {
        "id": 4671,
        "name": "Tomate Canario ",
        "price": 0.24,
        "price_kilo": 1.89,
        "slug": "tomate-canario",
        "description": "Tomate Canario",
        "image": "https:\/\/cdn-consum.aktiosdigitalservices.com\/tol\/consum\/media\/product\/img\/300x300\/2139.jpg?t=20250322075609"
    },
    {
        "id": 4672,
        "name": "Manzana Fuji ",
        "price": 0.59,
        "price_kilo": 2.35,
        "slug": "manzana-fuji",
        "description": "Manzana Fuji",
        "image": "https:\/\/cdn-consum.aktiosdigitalservices.com\/tol\/consum\/media\/product\/img\/300x300\/2360.jpg?t=20250322075611"
    },
    {
        "id": 4673,
        "name": "Pimiento Verde ",
        "price": 0.75,
        "price_kilo": 2.79,
        "slug": "pimiento-verde",
        "description": "Pimiento Verde",
        "image": "https:\/\/cdn-consum.aktiosdigitalservices.com\/tol\/consum\/media\/product\/img\/300x300\/3020.jpg?t=20250322075617"
    },
    {
        "id": 4674,
        "name": "Jud\u00eda Redonda Bandeja ",
        "price": 1.89,
        "price_kilo": 7.56,
        "slug": "judia-redonda-bandeja",
        "description": "Jud\u00eda Redonda Bandeja 250 Gr",
        "image": "https:\/\/cdn-consum.aktiosdigitalservices.com\/tol\/consum\/media\/product\/img\/300x300\/6007.jpg?t=20250204075651"
    },
    {
        "id": 4675,
        "name": "Pomelo rojo ",
        "price": 0.78,
        "price_kilo": 2.19,
        "slug": "pomelo-rojo",
        "description": "Pomelo rojo",
        "image": "https:\/\/cdn-consum.aktiosdigitalservices.com\/tol\/consum\/media\/product\/img\/300x300\/6304.jpg?t=20250322075621"
    },
    {
        "id": 4677,
        "name": "Manzana Golden ",
        "price": 0.46,
        "price_kilo": 2.1,
        "slug": "manzana-golden",
        "description": "Manzana Golden",
        "image": "https:\/\/cdn-consum.aktiosdigitalservices.com\/tol\/consum\/media\/product\/img\/300x300\/11155.jpg?t=20250322075624"
    },
    {
        "id": 4678,
        "name": "Manzana Red  Delicious ",
        "price": 0.6,
        "price_kilo": 2.29,
        "slug": "manzana-red-delicious",
        "description": "Manzana Red  Delicious",
        "image": "https:\/\/cdn-consum.aktiosdigitalservices.com\/tol\/consum\/media\/product\/img\/300x300\/11452.jpg?t=20250322075626"
    },
    {
        "id": 4679,
        "name": "Leche Semidesnatada Brik PASCUAL",
        "price": 1.29,
        "price_kilo": 1.29,
        "slug": "leche-semidesnatada-brik",
        "description": "Leche Semidesnatada Brik 1 L",
        "image": "https:\/\/cdn-consum.aktiosdigitalservices.com\/tol\/consum\/media\/product\/img\/300x300\/12542.jpg?t=20250319075553"
    },
    {
        "id": 4680,
        "name": "Leche Entera Brik PASCUAL",
        "price": 1.35,
        "price_kilo": 1.35,
        "slug": "leche-entera-brik",
        "description": "Leche Entera Brik 1 L",
        "image": "https:\/\/cdn-consum.aktiosdigitalservices.com\/tol\/consum\/media\/product\/img\/300x300\/12559.jpg?t=20250311102932"
    },
    {
        "id": 4683,
        "name": "Pera Conferencia ",
        "price": 0.61,
        "price_kilo": 2.55,
        "slug": "pera-conferencia",
        "description": "Pera Conferencia",
        "image": "https:\/\/cdn-consum.aktiosdigitalservices.com\/tol\/consum\/media\/product\/img\/300x300\/17210.jpg?t=20250322075627"
    },
    {
        "id": 4684,
        "name": "Leche Desnatada Brik PASCUAL",
        "price": 1.25,
        "price_kilo": 1.25,
        "slug": "leche-desnatada-brik",
        "description": "Leche Desnatada Brik 1 L",
        "image": "https:\/\/cdn-consum.aktiosdigitalservices.com\/tol\/consum\/media\/product\/img\/300x300\/17525.jpg?t=20250311102936"
    },
    {
        "id": 4687,
        "name": "Pl\u00e1tano Canario ",
        "price": 0.55,
        "price_kilo": 2.95,
        "slug": "platano-canario",
        "description": "Pl\u00e1tano Canario",
        "image": "https:\/\/cdn-consum.aktiosdigitalservices.com\/tol\/consum\/media\/product\/img\/300x300\/26104.jpg?t=20250322075628"
    },
    {
        "id": 4688,
        "name": "Gaseosa Botella LA CASERA",
        "price": 0.84,
        "price_kilo": 1.68,
        "slug": "gaseosa-botella",
        "description": "Gaseosa Botella 0,5 L",
        "image": "https:\/\/cdn-consum.aktiosdigitalservices.com\/tol\/consum\/media\/product\/img\/300x300\/27102.jpg?t=20250311132647"
    },
    {
        "id": 4689,
        "name": "Cacao Instant\u00e1neo Bolsa NESQUIK",
        "price": 6.95,
        "price_kilo": 6.95,
        "slug": "cacao-instantaneo-bolsa",
        "description": "Cacao Instant\u00e1neo Bolsa 1 Kg",
        "image": "https:\/\/cdn-consum.aktiosdigitalservices.com\/tol\/consum\/media\/product\/img\/300x300\/33274.jpg?t=20250312092737"
    },
    {
        "id": 4691,
        "name": "Lentejas a La Riojana Bote LITORAL",
        "price": 2.2,
        "price_kilo": 5.18,
        "slug": "lentejas-a-la-riojana-bote",
        "description": "Lentejas a La Riojana Bote 425 Gr",
        "image": "https:\/\/cdn-consum.aktiosdigitalservices.com\/tol\/consum\/media\/product\/img\/300x300\/41087.jpg?t=20250204075702"
    },
    {
        "id": 4692,
        "name": "Mel\u00f3n Piel de Sapo Entero ",
        "price": 4.95,
        "price_kilo": 2.03,
        "slug": "melon-piel-de-sapo-entero",
        "description": "Mel\u00f3n Piel de Sapo Entero",
        "image": "https:\/\/cdn-consum.aktiosdigitalservices.com\/tol\/consum\/media\/product\/img\/300x300\/41111.jpg?t=20250322075629"
    },
    {
        "id": 4693,
        "name": "Laurel en Hojas Caja SABATER",
        "price": 0.99,
        "price_kilo": 6.6,
        "slug": "laurel-en-hojas-caja",
        "description": "Laurel en Hojas Caja 15 Gr",
        "image": "https:\/\/cdn-consum.aktiosdigitalservices.com\/tol\/consum\/media\/product\/img\/300x300\/47092.jpg?t=20250312092737"
    },
    {
        "id": 4695,
        "name": "Postre Sabor Trufa Pack de 2 Unidades LA LECHERA",
        "price": 1.65,
        "price_kilo": 6.6,
        "slug": "postre-sabor-trufa-pack-de-2-unidades",
        "description": "Postre Sabor Trufa Pack de 2 Unidades 2 x 125 Gr",
        "image": "https:\/\/cdn-consum.aktiosdigitalservices.com\/tol\/consum\/media\/product\/img\/300x300\/48710.jpg?t=20250227085602"
    },
    {
        "id": 4697,
        "name": "Aguacate  Premadurado. ",
        "price": 1.02,
        "price_kilo": 5.1,
        "slug": "aguacate-premadurado",
        "description": "Aguacate  Premadurado.",
        "image": "https:\/\/cdn-consum.aktiosdigitalservices.com\/tol\/consum\/media\/product\/img\/300x300\/53017.jpg?t=20250321075559"
    },
    {
        "id": 4698,
        "name": "Pepino ",
        "price": 0.36,
        "price_kilo": 1.99,
        "slug": "pepino",
        "description": "Pepino",
        "image": "https:\/\/cdn-consum.aktiosdigitalservices.com\/tol\/consum\/media\/product\/img\/300x300\/53512.jpg?t=20250322075631"
    },
    {
        "id": 4700,
        "name": "Mango ",
        "price": 1.65,
        "price_kilo": 3.29,
        "slug": "mango",
        "description": "Mango",
        "image": "https:\/\/cdn-consum.aktiosdigitalservices.com\/tol\/consum\/media\/product\/img\/300x300\/54346.jpg?t=20250312124632"
    },
    {
        "id": 4701,
        "name": "Pimiento Tipo Padr\u00f3n Bandeja ",
        "price": 1.55,
        "price_kilo": 7.75,
        "slug": "pimiento-tipo-padron-bandeja",
        "description": "Pimiento Tipo Padr\u00f3n Bandeja 200 Gr",
        "image": "https:\/\/cdn-consum.aktiosdigitalservices.com\/tol\/consum\/media\/product\/img\/300x300\/56713.jpg?t=20250207075618"
    },
    {
        "id": 4702,
        "name": "Patata Selecci\u00f3n Granel ",
        "price": 0.67,
        "price_kilo": 2.15,
        "slug": "patata-seleccion-granel",
        "description": "Patata Selecci\u00f3n Granel",
        "image": "https:\/\/cdn-consum.aktiosdigitalservices.com\/tol\/consum\/media\/product\/img\/300x300\/56911.jpg?t=20250204075715"
    },
    {
        "id": 4703,
        "name": "Tomate Ensalada ",
        "price": 0.4,
        "price_kilo": 1.99,
        "slug": "tomate-ensalada",
        "description": "Tomate Ensalada",
        "image": "https:\/\/cdn-consum.aktiosdigitalservices.com\/tol\/consum\/media\/product\/img\/300x300\/60012.jpg?t=20250319075603"
    },
    {
        "id": 4705,
        "name": "Tomate Pera ",
        "price": 0.25,
        "price_kilo": 1.95,
        "slug": "tomate-pera",
        "description": "Tomate Pera",
        "image": "https:\/\/cdn-consum.aktiosdigitalservices.com\/tol\/consum\/media\/product\/img\/300x300\/63016.jpg?t=20250322075634"
    },
    {
        "id": 4706,
        "name": "Caf\u00e9 Express Molido Mezcla MARCILLA",
        "price": 4.95,
        "price_kilo": 19.8,
        "slug": "cafe-express-molido-mezcla",
        "description": "Caf\u00e9 Express Molido Mezcla 250 Gr",
        "image": "https:\/\/cdn-consum.aktiosdigitalservices.com\/tol\/consum\/media\/product\/img\/300x300\/64170.jpg?t=20250312155616"
    },
    {
        "id": 4708,
        "name": "Pimiento Rojo ",
        "price": 0.93,
        "price_kilo": 2.9,
        "slug": "pimiento-rojo",
        "description": "Pimiento Rojo",
        "image": "https:\/\/cdn-consum.aktiosdigitalservices.com\/tol\/consum\/media\/product\/img\/300x300\/66290.jpg?t=20250322075638"
    },
    {
        "id": 4710,
        "name": "Lechuga Iceberg Peso Aproximado 350 gr ",
        "price": 1.15,
        "price_kilo": 3.29,
        "slug": "lechuga-iceberg-peso-aproximado-350-gr",
        "description": "Lechuga Iceberg Peso Aproximado 350 gr 0,35 Kg",
        "image": "https:\/\/cdn-consum.aktiosdigitalservices.com\/tol\/consum\/media\/product\/img\/300x300\/71126.jpg?t=20250311154609"
    },
    {
        "id": 4711,
        "name": "Lechuga Romana Peso Aprox. 320 G. ",
        "price": 1.25,
        "price_kilo": 4.46,
        "slug": "lechuga-romana-peso-aprox-320-g",
        "description": "Lechuga Romana Peso Aprox. 320 G. 0,28 Kg",
        "image": "https:\/\/cdn-consum.aktiosdigitalservices.com\/tol\/consum\/media\/product\/img\/300x300\/71332.jpg?t=20250204075727"
    },
    {
        "id": 4712,
        "name": "Mistela Moscatel D.O. Valencia TURIS",
        "price": 4.25,
        "price_kilo": 5.67,
        "slug": "mistela-moscatel-do-valencia",
        "description": "Mistela Moscatel D.O. Valencia 0,75 L",
        "image": "https:\/\/cdn-consum.aktiosdigitalservices.com\/tol\/consum\/media\/product\/img\/300x300\/72280.jpg?t=20241217080941"
    },
    {
        "id": 4713,
        "name": "Cebolla Seca Malla ",
        "price": 2.05,
        "price_kilo": 2.05,
        "slug": "cebolla-seca-malla",
        "description": "Cebolla Seca Malla 1 Kg",
        "image": "https:\/\/cdn-consum.aktiosdigitalservices.com\/tol\/consum\/media\/product\/img\/300x300\/76018.jpg?t=20250319080109"
    },
    {
        "id": 4716,
        "name": "Chocolate en Polvo MEIVEL",
        "price": 1.15,
        "price_kilo": 4.6,
        "slug": "chocolate-en-polvo",
        "description": "Chocolate en Polvo 250 Gr",
        "image": "https:\/\/cdn-consum.aktiosdigitalservices.com\/tol\/consum\/media\/product\/img\/300x300\/82263.jpg?t=20250311164527"
    },
    {
        "id": 4717,
        "name": "Refresco Cola Botella COCA-COLA",
        "price": 1.49,
        "price_kilo": 2.98,
        "slug": "refresco-cola-botella",
        "description": "Refresco Cola Botella 0,5 L",
        "image": "https:\/\/cdn-consum.aktiosdigitalservices.com\/tol\/consum\/media\/product\/img\/300x300\/87528.jpg?t=20250228075630"
    },
    {
        "id": 4720,
        "name": "Lej\u00eda Multiusos Floral CONEJO",
        "price": 2.99,
        "price_kilo": 1.5,
        "slug": "lejia-multiusos-floral",
        "description": "Lej\u00eda Multiusos Floral 2 L",
        "image": "https:\/\/cdn-consum.aktiosdigitalservices.com\/tol\/consum\/media\/product\/img\/300x300\/97956.jpg?t=20250204075733"
    },
    {
        "id": 4721,
        "name": "Cebolla Tierna Manojo Peso Aproximado 300 gr ",
        "price": 1.35,
        "price_kilo": 4.5,
        "slug": "cebolla-tierna-manojo-peso-aproximado-300-gr",
        "description": "Cebolla Tierna Manojo Peso Aproximado 300 gr 0,3 Kg",
        "image": "https:\/\/cdn-consum.aktiosdigitalservices.com\/tol\/consum\/media\/product\/img\/300x300\/98467.jpg?t=20250205075638"
    },
    {
        "id": 4722,
        "name": "Vino Tinto Joven D.O.Valencia BARON TURIS",
        "price": 2.29,
        "price_kilo": 3.05,
        "slug": "vino-tinto-joven-dovalencia",
        "description": "Vino Tinto Joven D.O.Valencia 0,75 L",
        "image": "https:\/\/cdn-consum.aktiosdigitalservices.com\/tol\/consum\/media\/product\/img\/300x300\/99143.jpg?t=20241217080942"
    },
    {
        "id": 4727,
        "name": "Mejillones en Escabeche Pack de 3 CALVO",
        "price": 3.75,
        "price_kilo": 31.25,
        "slug": "mejillones-en-escabeche-pack-de-3",
        "description": "Mejillones en Escabeche Pack de 3 3 x 40 Gr",
        "image": "https:\/\/cdn-consum.aktiosdigitalservices.com\/tol\/consum\/media\/product\/img\/300x300\/134031.jpg?t=20250226075620"
    },
    {
        "id": 4729,
        "name": "Pechuga de Pollo CONSUM",
        "price": 4.21,
        "price_kilo": 6.99,
        "slug": "pechuga-de-pollo",
        "description": "Pechuga de Pollo",
        "image": "https:\/\/cdn-consum.aktiosdigitalservices.com\/tol\/consum\/media\/product\/img\/300x300\/140814.jpg?t=20250211075644"
    },
    {
        "id": 4733,
        "name": "Croquetas de Cocido Casero con Jam\u00f3n LA COCINERA",
        "price": 4.99,
        "price_kilo": 9.98,
        "slug": "croquetas-de-cocido-casero-con-jamon",
        "description": "Croquetas de Cocido Casero con Jam\u00f3n 500 Gr",
        "image": "https:\/\/cdn-consum.aktiosdigitalservices.com\/tol\/consum\/media\/product\/img\/300x300\/143263.jpg?t=20250320075619"
    },
    {
        "id": 4737,
        "name": "Ginebra LARIOS",
        "price": 12.45,
        "price_kilo": 12.45,
        "slug": "ginebra",
        "description": "Ginebra 1 L",
        "image": "https:\/\/cdn-consum.aktiosdigitalservices.com\/tol\/consum\/media\/product\/img\/300x300\/149484.jpg?t=20250311132722"
    },
    {
        "id": 4739,
        "name": "Vino Tinto Crianza D.O.Rioja EL COTO",
        "price": 6.5,
        "price_kilo": 8.67,
        "slug": "vino-tinto-crianza-dorioja",
        "description": "Vino Tinto Crianza D.O.Rioja 0,75 L",
        "image": "https:\/\/cdn-consum.aktiosdigitalservices.com\/tol\/consum\/media\/product\/img\/300x300\/151399.jpg?t=20250303075628"
    },
    {
        "id": 4741,
        "name": "Leche Entera Brik PULEVA",
        "price": 1.15,
        "price_kilo": 1.15,
        "slug": "leche-entera-brik",
        "description": "Leche Entera Brik 1 L",
        "image": "https:\/\/cdn-consum.aktiosdigitalservices.com\/tol\/consum\/media\/product\/img\/300x300\/157388.jpg?t=20250311103011"
    },
    {
        "id": 4744,
        "name": "Vino Blanco Vino de la Tiera de C\u00e1diz A.BARBADILLO",
        "price": 4.5,
        "price_kilo": 6,
        "slug": "vino-blanco-vino-de-la-tiera-de-cadiz",
        "description": "Vino Blanco Vino de la Tiera de C\u00e1diz 0,75 L",
        "image": "https:\/\/cdn-consum.aktiosdigitalservices.com\/tol\/consum\/media\/product\/img\/300x300\/169037.jpg?t=20250311123803"
    },
    {
        "id": 4746,
        "name": "Vino Blanco D.O.Valdepe\u00f1as LOS MOLINOS",
        "price": 2.39,
        "price_kilo": 3.19,
        "slug": "vino-blanco-dovaldepenas",
        "description": "Vino Blanco D.O.Valdepe\u00f1as 0,75 L",
        "image": "https:\/\/cdn-consum.aktiosdigitalservices.com\/tol\/consum\/media\/product\/img\/300x300\/170340.jpg?t=20250311123805"
    },
    {
        "id": 4747,
        "name": "Leche Desnatada Brik PULEVA",
        "price": 1.05,
        "price_kilo": 1.05,
        "slug": "leche-desnatada-brik",
        "description": "Leche Desnatada Brik 1 L",
        "image": "https:\/\/cdn-consum.aktiosdigitalservices.com\/tol\/consum\/media\/product\/img\/300x300\/172023.jpg?t=20250312124712"
    },
    {
        "id": 4748,
        "name": "Actimel L\u00edquido Natural Pack 6 Ud. DANONE",
        "price": 3.79,
        "price_kilo": 6.32,
        "slug": "actimel-liquido-natural-pack-6-ud",
        "description": "Actimel L\u00edquido Natural Pack 6 Ud. 6 x 100 Gr",
        "image": "https:\/\/cdn-consum.aktiosdigitalservices.com\/tol\/consum\/media\/product\/img\/300x300\/174219.jpg?t=20250312124715"
    },
    {
        "id": 4749,
        "name": "Cebolla Seca Malla ",
        "price": 3.9,
        "price_kilo": 1.95,
        "slug": "cebolla-seca-malla",
        "description": "Cebolla Seca Malla 2 Kg",
        "image": "https:\/\/cdn-consum.aktiosdigitalservices.com\/tol\/consum\/media\/product\/img\/300x300\/174490.jpg?t=20250319080109"
    },
    {
        "id": 4753,
        "name": "Leche Semidesnatada Brik PULEVA",
        "price": 1.09,
        "price_kilo": 1.09,
        "slug": "leche-semidesnatada-brik",
        "description": "Leche Semidesnatada Brik 1 L",
        "image": "https:\/\/cdn-consum.aktiosdigitalservices.com\/tol\/consum\/media\/product\/img\/300x300\/176974.jpg?t=20250312124717"
    },
    {
        "id": 4754,
        "name": "Boniato Rojo ",
        "price": 0.77,
        "price_kilo": 2.49,
        "slug": "boniato-rojo",
        "description": "Boniato Rojo",
        "image": "https:\/\/cdn-consum.aktiosdigitalservices.com\/tol\/consum\/media\/product\/img\/300x300\/179481.jpg?t=20250312124719"
    },
    {
        "id": 4759,
        "name": "Agua Mineral Natural de Mineralizaci\u00f3n Muy d\u00e9bil BEZOYA",
        "price": 0.74,
        "price_kilo": 0.49,
        "slug": "agua-mineral-natural-de-mineralizacion-muy-debil",
        "description": "Agua Mineral Natural de Mineralizaci\u00f3n Muy d\u00e9bil Bezoya 1,5 L",
        "image": "https:\/\/cdn-consum.aktiosdigitalservices.com\/tol\/consum\/media\/product\/img\/300x300\/200642.jpg?t=20250227085652"
    },
    {
        "id": 4762,
        "name": "Fuet Espetec TARRADELLAS",
        "price": 2.55,
        "price_kilo": 14.17,
        "slug": "fuet-espetec",
        "description": "Fuet Espetec 180 Gr",
        "image": "https:\/\/cdn-consum.aktiosdigitalservices.com\/tol\/consum\/media\/product\/img\/300x300\/201970.jpg?t=20250313075730"
    },
    {
        "id": 4765,
        "name": "Leche Entera Botella ASTURIANA",
        "price": 1.94,
        "price_kilo": 1.29,
        "slug": "leche-entera-botella",
        "description": "Leche Entera Botella 1,5 L",
        "image": "https:\/\/cdn-consum.aktiosdigitalservices.com\/tol\/consum\/media\/product\/img\/300x300\/203562.jpg?t=20250314121217"
    },
    {
        "id": 4766,
        "name": "Leche Semidesnatada Botella ASTURIANA",
        "price": 1.82,
        "price_kilo": 1.21,
        "slug": "leche-semidesnatada-botella",
        "description": "Leche Semidesnatada Botella 1,5 L",
        "image": "https:\/\/cdn-consum.aktiosdigitalservices.com\/tol\/consum\/media\/product\/img\/300x300\/203745.jpg?t=20250314121220"
    },
    {
        "id": 4767,
        "name": "Leche Desnatada Botella ASTURIANA",
        "price": 1.76,
        "price_kilo": 1.17,
        "slug": "leche-desnatada-botella",
        "description": "Leche Desnatada Botella 1,5 L",
        "image": "https:\/\/cdn-consum.aktiosdigitalservices.com\/tol\/consum\/media\/product\/img\/300x300\/203927.jpg?t=20250314121222"
    },
    {
        "id": 4769,
        "name": "Yogur Sabor Lim\u00f3n Pack de 4 Unidades DANONE",
        "price": 0.95,
        "price_kilo": 1.98,
        "slug": "yogur-sabor-limon-pack-de-4-unidades",
        "description": "Yogur Sabor Lim\u00f3n Pack de 4 Unidades 4 x 120 Gr",
        "image": "https:\/\/cdn-consum.aktiosdigitalservices.com\/tol\/consum\/media\/product\/img\/300x300\/204230.jpg?t=20241223075632"
    },
    {
        "id": 4770,
        "name": "Yogur Sabor Fresa Pack de 4 Unidades DANONE",
        "price": 0.95,
        "price_kilo": 1.98,
        "slug": "yogur-sabor-fresa-pack-de-4-unidades",
        "description": "Yogur Sabor Fresa Pack de 4 Unidades 4 x 120 Gr",
        "image": "https:\/\/cdn-consum.aktiosdigitalservices.com\/tol\/consum\/media\/product\/img\/300x300\/204420.jpg?t=20241223075634"
    },
    {
        "id": 4777,
        "name": "Empanadillas de At\u00fan congeladas 10 Unidades LA COCINERA",
        "price": 4.99,
        "price_kilo": 15.99,
        "slug": "empanadillas-de-atun-congeladas-10-unidades",
        "description": "Empanadillas de At\u00fan congeladas 10 Unidades 312 Gr",
        "image": "https:\/\/cdn-consum.aktiosdigitalservices.com\/tol\/consum\/media\/product\/img\/300x300\/212563.jpg?t=20250218075717"
    },
    {
        "id": 4779,
        "name": "Salchichas Jumbo OSCAR MAYER",
        "price": 2.45,
        "price_kilo": 7,
        "slug": "salchichas-jumbo",
        "description": "Salchichas Jumbo 350 Gr",
        "image": "https:\/\/cdn-consum.aktiosdigitalservices.com\/tol\/consum\/media\/product\/img\/300x300\/213421.jpg?t=20250311164528"
    },
    {
        "id": 4780,
        "name": "Jam\u00f3n Cocido Finas Lonchas TARRADELLAS",
        "price": 2.25,
        "price_kilo": 18,
        "slug": "jamon-cocido-finas-lonchas",
        "description": "Jam\u00f3n Cocido Finas Lonchas 125 Gr",
        "image": "https:\/\/cdn-consum.aktiosdigitalservices.com\/tol\/consum\/media\/product\/img\/300x300\/215632.jpg?t=20241217080943"
    },
    {
        "id": 4781,
        "name": "Habas Baby congeladas FINDUS",
        "price": 5.19,
        "price_kilo": 12.98,
        "slug": "habas-baby-congeladas",
        "description": "Habas Baby congeladas 400 Gr",
        "image": "https:\/\/cdn-consum.aktiosdigitalservices.com\/tol\/consum\/media\/product\/img\/300x300\/216275.jpg?t=20250227085657"
    },
    {
        "id": 4782,
        "name": "Bac\u00f3n en Lonchas OSCAR MAYER",
        "price": 2.29,
        "price_kilo": 15.27,
        "slug": "bacon-en-lonchas",
        "description": "Bac\u00f3n en Lonchas 150 Gr",
        "image": "https:\/\/cdn-consum.aktiosdigitalservices.com\/tol\/consum\/media\/product\/img\/300x300\/216309.jpg?t=20250211080549"
    },
    {
        "id": 4783,
        "name": "Lomos de Merluza congelados PESCANOVA",
        "price": 7.19,
        "price_kilo": 19.97,
        "slug": "lomos-de-merluza-congelados",
        "description": "Lomos de Merluza congelados 360 Gr",
        "image": "https:\/\/cdn-consum.aktiosdigitalservices.com\/tol\/consum\/media\/product\/img\/300x300\/216713.jpg?t=20250311164530"
    },
    {
        "id": 4785,
        "name": "Pollo Limpio CONSUM",
        "price": 6.5,
        "price_kilo": 3.25,
        "slug": "pollo-limpio",
        "description": "Pollo Limpio",
        "image": "https:\/\/cdn-consum.aktiosdigitalservices.com\/tol\/consum\/media\/product\/img\/300x300\/218115.jpg?t=20241217080943"
    },
    {
        "id": 4786,
        "name": "Obleas 16  Unidades BUITONI",
        "price": 1.25,
        "price_kilo": 7.81,
        "slug": "obleas-16-unidades",
        "description": "Obleas 16  Unidades 160 Gr",
        "image": "https:\/\/cdn-consum.aktiosdigitalservices.com\/tol\/consum\/media\/product\/img\/300x300\/219253.jpg?t=20250211080550"
    },
    {
        "id": 4787,
        "name": "Cintas de Bac\u00f3n TARRADELLAS",
        "price": 1.99,
        "price_kilo": 13.27,
        "slug": "cintas-de-bacon",
        "description": "Cintas de Bac\u00f3n 150 Gr",
        "image": "https:\/\/cdn-consum.aktiosdigitalservices.com\/tol\/consum\/media\/product\/img\/300x300\/219477.jpg?t=20241217080943"
    },
    {
        "id": 4789,
        "name": "Muslitos de Pollo CONSUM",
        "price": 2.95,
        "price_kilo": 4.19,
        "slug": "muslitos-de-pollo",
        "description": "Muslitos de Pollo",
        "image": "https:\/\/cdn-consum.aktiosdigitalservices.com\/tol\/consum\/media\/product\/img\/300x300\/220707.jpg?t=20250318080929"
    },
    {
        "id": 4790,
        "name": "Queso Fundido Porciones EL CASERIO",
        "price": 2.99,
        "price_kilo": 11.96,
        "slug": "queso-fundido-porciones",
        "description": "Queso Fundido Porciones 250 Gr",
        "image": "https:\/\/cdn-consum.aktiosdigitalservices.com\/tol\/consum\/media\/product\/img\/300x300\/221309.jpg?t=20250312124727"
    },
    {
        "id": 4791,
        "name": "Contramuslos sin Piel CONSUM",
        "price": 3.16,
        "price_kilo": 4.49,
        "slug": "contramuslos-sin-piel",
        "description": "Contramuslos sin Piel",
        "image": "https:\/\/cdn-consum.aktiosdigitalservices.com\/tol\/consum\/media\/product\/img\/300x300\/221606.jpg?t=20241217080943"
    },
    {
        "id": 4794,
        "name": "Activia Natural Yogur B\u00edfidus Pack 4 Un DANONE",
        "price": 2.69,
        "price_kilo": 5.6,
        "slug": "activia-natural-yogur-bifidus-pack-4-un",
        "description": "Activia Natural Yogur B\u00edfidus Pack 4 Un 4 x 120 Gr",
        "image": "https:\/\/cdn-consum.aktiosdigitalservices.com\/tol\/consum\/media\/product\/img\/300x300\/224642.jpg?t=20250213075641"
    },
    {
        "id": 4795,
        "name": "Carcasas de Pollo CONSUM",
        "price": 1.55,
        "price_kilo": 1.55,
        "slug": "carcasas-de-pollo",
        "description": "Carcasas de Pollo",
        "image": "https:\/\/cdn-consum.aktiosdigitalservices.com\/tol\/consum\/media\/product\/img\/300x300\/224972.jpg?t=20241217080943"
    },
    {
        "id": 4797,
        "name": "Yogur Natural Pack de 8 Unidades DANONE",
        "price": 1.89,
        "price_kilo": 1.97,
        "slug": "yogur-natural-pack-de-8-unidades",
        "description": "Yogur Natural Pack de 8 Unidades 8 x 120 Gr",
        "image": "https:\/\/cdn-consum.aktiosdigitalservices.com\/tol\/consum\/media\/product\/img\/300x300\/227652.jpg?t=20250220075707"
    },
    {
        "id": 4798,
        "name": "Vital\u00ednea 0%0% Sabor Lim\u00f3n DANONE",
        "price": 2.09,
        "price_kilo": 4.35,
        "slug": "vitalinea-00-sabor-limon",
        "description": "Vital\u00ednea 0%0% Sabor Lim\u00f3n 4 x 120 Gr",
        "image": "https:\/\/cdn-consum.aktiosdigitalservices.com\/tol\/consum\/media\/product\/img\/300x300\/227793.jpg?t=20250213075649"
    },
    {
        "id": 4800,
        "name": "Yogur Natural Azucarado Pack de 8 Unidades DANONE",
        "price": 1.89,
        "price_kilo": 1.97,
        "slug": "yogur-natural-azucarado-pack-de-8-unidades",
        "description": "Yogur Natural Azucarado Pack de 8 Unidades 8 x 120 Gr",
        "image": "https:\/\/cdn-consum.aktiosdigitalservices.com\/tol\/consum\/media\/product\/img\/300x300\/230920.jpg?t=20250220075709"
    },
    {
        "id": 4801,
        "name": "Arroz 3 Delicias Salto Tradicional FINDUS",
        "price": 3.99,
        "price_kilo": 7.98,
        "slug": "arroz-3-delicias-salto-tradicional",
        "description": "Arroz 3 Delicias Salto Tradicional 500 Gr",
        "image": "https:\/\/cdn-consum.aktiosdigitalservices.com\/tol\/consum\/media\/product\/img\/300x300\/231357.jpg?t=20250227085711"
    },
    {
        "id": 4802,
        "name": "Queso Fundido 16 Porciones VACA QUE RIE",
        "price": 2.99,
        "price_kilo": 11.96,
        "slug": "queso-fundido-16-porciones",
        "description": "Queso Fundido 16 Porciones 250 Gr",
        "image": "https:\/\/cdn-consum.aktiosdigitalservices.com\/tol\/consum\/media\/product\/img\/300x300\/231514.jpg?t=20250312155645"
    },
    {
        "id": 4804,
        "name": "Margarina Vegetal Tarrina LIGERESA",
        "price": 1.79,
        "price_kilo": 7.16,
        "slug": "margarina-vegetal-tarrina",
        "description": "Margarina Vegetal Tarrina 250 Gr",
        "image": "https:\/\/cdn-consum.aktiosdigitalservices.com\/tol\/consum\/media\/product\/img\/300x300\/234807.jpg?t=20250315075615"
    },
    {
        "id": 4805,
        "name": "Salchichas Wieners OSCAR MAYER",
        "price": 1.35,
        "price_kilo": 6.75,
        "slug": "salchichas-wieners",
        "description": "Salchichas Wieners 200 Gr",
        "image": "https:\/\/cdn-consum.aktiosdigitalservices.com\/tol\/consum\/media\/product\/img\/300x300\/235010.jpg?t=20250311164530"
    },
    {
        "id": 4810,
        "name": "Bitter sin Alcohol Lata KAS",
        "price": 0.99,
        "price_kilo": 3,
        "slug": "bitter-sin-alcohol-lata",
        "description": "Bitter sin Alcohol Lata 0,33 L",
        "image": "https:\/\/cdn-consum.aktiosdigitalservices.com\/tol\/consum\/media\/product\/img\/300x300\/239087.jpg?t=20241217080944"
    },
    {
        "id": 4811,
        "name": "Fres\u00f3n Bandeja ",
        "price": 3,
        "price_kilo": 6,
        "slug": "freson-bandeja",
        "description": "Fres\u00f3n Bandeja 500 Gr",
        "image": "https:\/\/cdn-consum.aktiosdigitalservices.com\/tol\/consum\/media\/product\/img\/300x300\/242081.jpg?t=20250322075700"
    },
    {
        "id": 4815,
        "name": "Sopa Deshidratada de Cebolla Sobre KNORR",
        "price": 0.89,
        "price_kilo": 17.8,
        "slug": "sopa-deshidratada-de-cebolla-sobre",
        "description": "Sopa Deshidratada de Cebolla Sobre 50 Gr",
        "image": "https:\/\/cdn-consum.aktiosdigitalservices.com\/tol\/consum\/media\/product\/img\/300x300\/249730.jpg?t=20250205075658"
    },
    {
        "id": 4817,
        "name": "Tinte N\u00ba5.6 Caoba LLONGUERAS",
        "price": 7.49,
        "price_kilo": 7.49,
        "slug": "tinte-n56-caoba",
        "description": "Tinte N\u00ba5.6 Caoba 1 U",
        "image": "https:\/\/cdn-consum.aktiosdigitalservices.com\/tol\/consum\/media\/product\/img\/300x300\/251694.jpg?t=20250304103804"
    },
    {
        "id": 4819,
        "name": "Cerveza Lata SAN MIGUEL",
        "price": 1.19,
        "price_kilo": 2.38,
        "slug": "cerveza-lata",
        "description": "Cerveza Lata 0,5 L",
        "image": "https:\/\/cdn-consum.aktiosdigitalservices.com\/tol\/consum\/media\/product\/img\/300x300\/256461.jpg?t=20250312155654"
    },
    {
        "id": 4827,
        "name": "Leche Calcio Desnatada Brik PULEVA",
        "price": 1.59,
        "price_kilo": 1.59,
        "slug": "leche-calcio-desnatada-brik",
        "description": "Leche Calcio Desnatada Brik 1 L",
        "image": "https:\/\/cdn-consum.aktiosdigitalservices.com\/tol\/consum\/media\/product\/img\/300x300\/289512.jpg?t=20250311103042"
    },
    {
        "id": 4828,
        "name": "Salchichas Wieners Queso OSCAR MAYER",
        "price": 1.35,
        "price_kilo": 6.75,
        "slug": "salchichas-wieners-queso",
        "description": "Salchichas Wieners Queso 200 Gr",
        "image": "https:\/\/cdn-consum.aktiosdigitalservices.com\/tol\/consum\/media\/product\/img\/300x300\/294181.jpg?t=20250311164530"
    },
    {
        "id": 4829,
        "name": "Vital\u00ednea 0%0% Sabor Fresa DANONE",
        "price": 2.09,
        "price_kilo": 4.35,
        "slug": "vitalinea-00-sabor-fresa",
        "description": "Vital\u00ednea 0%0% Sabor Fresa 4 x 120 Gr",
        "image": "https:\/\/cdn-consum.aktiosdigitalservices.com\/tol\/consum\/media\/product\/img\/300x300\/294439.jpg?t=20250213075658"
    },
    {
        "id": 4831,
        "name": "Vino Blanco Aguja B. PESCADOR",
        "price": 4.45,
        "price_kilo": 5.93,
        "slug": "vino-blanco-aguja",
        "description": "Vino Blanco Aguja 0,75 L",
        "image": "https:\/\/cdn-consum.aktiosdigitalservices.com\/tol\/consum\/media\/product\/img\/300x300\/300525.jpg?t=20250204075814"
    },
    {
        "id": 4833,
        "name": "Vino Tinto de Mesa Brik DON SIMON",
        "price": 1.6,
        "price_kilo": 1.6,
        "slug": "vino-tinto-de-mesa-brik",
        "description": "Vino Tinto de Mesa Brik 1 L",
        "image": "https:\/\/cdn-consum.aktiosdigitalservices.com\/tol\/consum\/media\/product\/img\/300x300\/300798.jpg?t=20241217080944"
    },
    {
        "id": 4837,
        "name": "Salsa Pimienta Verde Sobre G.BLANCA",
        "price": 1.99,
        "price_kilo": 39.8,
        "slug": "salsa-pimienta-verde-sobre",
        "description": "Salsa Pimienta Verde Sobre 50 Gr",
        "image": "https:\/\/cdn-consum.aktiosdigitalservices.com\/tol\/consum\/media\/product\/img\/300x300\/301614.jpg?t=20241217080944"
    },
    {
        "id": 4838,
        "name": "Arroz Redondo LA FALLERA",
        "price": 1.68,
        "price_kilo": 1.68,
        "slug": "arroz-redondo",
        "description": "Arroz Redondo 1 Kg",
        "image": "https:\/\/cdn-consum.aktiosdigitalservices.com\/tol\/consum\/media\/product\/img\/300x300\/302489.jpg?t=20250204075818"
    },
    {
        "id": 4839,
        "name": "Refresco Cola Botella COCA-COLA",
        "price": 2.1,
        "price_kilo": 1.05,
        "slug": "refresco-cola-botella",
        "description": "Refresco Cola Botella 2 L",
        "image": "https:\/\/cdn-consum.aktiosdigitalservices.com\/tol\/consum\/media\/product\/img\/300x300\/302745.jpg?t=20250319075628"
    },
    {
        "id": 4840,
        "name": "Refresco Naranja Lata FANTA",
        "price": 0.8,
        "price_kilo": 2.42,
        "slug": "refresco-naranja-lata",
        "description": "Refresco Naranja Lata 0,33 L",
        "image": "https:\/\/cdn-consum.aktiosdigitalservices.com\/tol\/consum\/media\/product\/img\/300x300\/302778.jpg?t=20250220075719"
    },
    {
        "id": 4841,
        "name": "Refresco Naranja Botella FANTA",
        "price": 1.85,
        "price_kilo": 0.93,
        "slug": "refresco-naranja-botella",
        "description": "Refresco Naranja Botella 2 L",
        "image": "https:\/\/cdn-consum.aktiosdigitalservices.com\/tol\/consum\/media\/product\/img\/300x300\/302786.jpg?t=20250116075704"
    },
    {
        "id": 4843,
        "name": "Refresco Lim\u00f3n Lata FANTA",
        "price": 0.8,
        "price_kilo": 2.42,
        "slug": "refresco-limon-lata",
        "description": "Refresco Lim\u00f3n Lata 0,33 L",
        "image": "https:\/\/cdn-consum.aktiosdigitalservices.com\/tol\/consum\/media\/product\/img\/300x300\/302885.jpg?t=20250220075721"
    },
    {
        "id": 4845,
        "name": "Leche Calcio Entera Brik PULEVA",
        "price": 1.59,
        "price_kilo": 1.59,
        "slug": "leche-calcio-entera-brik",
        "description": "Leche Calcio Entera Brik 1 L",
        "image": "https:\/\/cdn-consum.aktiosdigitalservices.com\/tol\/consum\/media\/product\/img\/300x300\/303370.jpg?t=20250311103050"
    },
    {
        "id": 4852,
        "name": "Cuarto Trasero de Pollo CONSUM",
        "price": 2.46,
        "price_kilo": 3.49,
        "slug": "cuarto-trasero-de-pollo",
        "description": "Cuarto Trasero de Pollo",
        "image": "https:\/\/cdn-consum.aktiosdigitalservices.com\/tol\/consum\/media\/product\/img\/300x300\/305474.jpg?t=20241217080944"
    },
    {
        "id": 4854,
        "name": "Cerveza Danesa Lata CARLSBERG",
        "price": 0.89,
        "price_kilo": 2.7,
        "slug": "cerveza-danesa-lata",
        "description": "Cerveza Danesa Lata 0,33 L",
        "image": "https:\/\/cdn-consum.aktiosdigitalservices.com\/tol\/consum\/media\/product\/img\/300x300\/308619.jpg?t=20250312124750"
    },
    {
        "id": 4856,
        "name": "Poleo Menta 25 Bolsitas POMPADOUR",
        "price": 2.15,
        "price_kilo": 0.09,
        "slug": "poleo-menta-25-bolsitas",
        "description": "Poleo Menta 25 Bolsitas 25 U",
        "image": "https:\/\/cdn-consum.aktiosdigitalservices.com\/tol\/consum\/media\/product\/img\/300x300\/310664.jpg?t=20250311103100"
    },
    {
        "id": 4857,
        "name": "Manzanilla con An\u00eds 25 Bolsitas POMPADOUR",
        "price": 2.15,
        "price_kilo": 0.09,
        "slug": "manzanilla-con-anis-25-bolsitas",
        "description": "Manzanilla con An\u00eds 25 Bolsitas 25 U",
        "image": "https:\/\/cdn-consum.aktiosdigitalservices.com\/tol\/consum\/media\/product\/img\/300x300\/310672.jpg?t=20250311132740"
    },
    {
        "id": 4860,
        "name": "Cerveza Lata MAHOU CLASIC",
        "price": 0.77,
        "price_kilo": 2.33,
        "slug": "cerveza-lata",
        "description": "Cerveza Lata 0,33 L",
        "image": "https:\/\/cdn-consum.aktiosdigitalservices.com\/tol\/consum\/media\/product\/img\/300x300\/311712.jpg?t=20250312124752"
    },
    {
        "id": 4862,
        "name": "Refresco Cola Sin Cafe\u00edna Lata COCA-COLA",
        "price": 0.92,
        "price_kilo": 2.79,
        "slug": "refresco-cola-sin-cafeina-lata",
        "description": "Refresco Cola Sin Cafe\u00edna Lata 0,33 L",
        "image": "https:\/\/cdn-consum.aktiosdigitalservices.com\/tol\/consum\/media\/product\/img\/300x300\/311837.jpg?t=20250227085803"
    },
    {
        "id": 4863,
        "name": "Refresco Cola sin Cafe\u00edna Botella COCA-COLA",
        "price": 2.1,
        "price_kilo": 1.05,
        "slug": "refresco-cola-sin-cafeina-botella",
        "description": "Refresco Cola sin Cafe\u00edna Botella 2 L",
        "image": "https:\/\/cdn-consum.aktiosdigitalservices.com\/tol\/consum\/media\/product\/img\/300x300\/311845.jpg?t=20250319075630"
    },
    {
        "id": 4864,
        "name": "Refresco Lim\u00f3n Botella FANTA",
        "price": 1.85,
        "price_kilo": 0.93,
        "slug": "refresco-limon-botella",
        "description": "Refresco Lim\u00f3n Botella 2 L",
        "image": "https:\/\/cdn-consum.aktiosdigitalservices.com\/tol\/consum\/media\/product\/img\/300x300\/311969.jpg?t=20250212075650"
    },
    {
        "id": 4865,
        "name": "Ginebra BEEFEATER",
        "price": 14.25,
        "price_kilo": 20.36,
        "slug": "ginebra",
        "description": "Ginebra 0,7 L",
        "image": "https:\/\/cdn-consum.aktiosdigitalservices.com\/tol\/consum\/media\/product\/img\/300x300\/313577.jpg?t=20250322075703"
    },
    {
        "id": 4866,
        "name": "Centenario TERRY",
        "price": 9.3,
        "price_kilo": 9.3,
        "slug": "centenario",
        "description": "Centenario 1 L",
        "image": "https:\/\/cdn-consum.aktiosdigitalservices.com\/tol\/consum\/media\/product\/img\/300x300\/315408.jpg?t=20250318075716"
    },
    {
        "id": 4867,
        "name": "Aperitivo de Ma\u00edz Pelotazos Sabor Queso CHEETOS",
        "price": 1.89,
        "price_kilo": 14.54,
        "slug": "aperitivo-de-maiz-pelotazos-sabor-queso",
        "description": "Aperitivo de Ma\u00edz Pelotazos Sabor Queso 130 Gr",
        "image": "https:\/\/cdn-consum.aktiosdigitalservices.com\/tol\/consum\/media\/product\/img\/300x300\/315499.jpg?t=20250313075756"
    },
    {
        "id": 4869,
        "name": "Ron NEGRITA",
        "price": 8.75,
        "price_kilo": 12.5,
        "slug": "ron",
        "description": "Ron 0,7 L",
        "image": "https:\/\/cdn-consum.aktiosdigitalservices.com\/tol\/consum\/media\/product\/img\/300x300\/315754.jpg?t=20250318075718"
    },
    {
        "id": 4875,
        "name": "Vino Tinto Crianza D.O.Rioja CUNE",
        "price": 6.95,
        "price_kilo": 9.27,
        "slug": "vino-tinto-crianza-dorioja",
        "description": "Vino Tinto Crianza D.O.Rioja 0,75 L",
        "image": "https:\/\/cdn-consum.aktiosdigitalservices.com\/tol\/consum\/media\/product\/img\/300x300\/318303.jpg?t=20250312092739"
    },
    {
        "id": 4876,
        "name": "Vino Tinto Joven D.O.Valdepe\u00f1as LOS MOLINOS",
        "price": 2.39,
        "price_kilo": 3.19,
        "slug": "vino-tinto-joven-dovaldepenas",
        "description": "Vino Tinto Joven D.O.Valdepe\u00f1as 0,75 L",
        "image": "https:\/\/cdn-consum.aktiosdigitalservices.com\/tol\/consum\/media\/product\/img\/300x300\/318808.jpg?t=20250311123827"
    },
    {
        "id": 4880,
        "name": "Cerveza Holandesa Lata HEINEKEN",
        "price": 0.86,
        "price_kilo": 2.61,
        "slug": "cerveza-holandesa-lata",
        "description": "Cerveza Holandesa Lata 0,33 L",
        "image": "https:\/\/cdn-consum.aktiosdigitalservices.com\/tol\/consum\/media\/product\/img\/300x300\/319400.jpg?t=20250227085852"
    },
    {
        "id": 4881,
        "name": "Bebida Isot\u00f3nica Lim\u00f3n Lata AQUARIUS",
        "price": 0.95,
        "price_kilo": 2.88,
        "slug": "bebida-isotonica-limon-lata",
        "description": "Bebida Isot\u00f3nica Lim\u00f3n Lata 0,33 L",
        "image": "https:\/\/cdn-consum.aktiosdigitalservices.com\/tol\/consum\/media\/product\/img\/300x300\/319640.jpg?t=20250220075808"
    },
    {
        "id": 4883,
        "name": "Vino Blanco de Mesa Brik DON SIMON",
        "price": 1.6,
        "price_kilo": 1.6,
        "slug": "vino-blanco-de-mesa-brik",
        "description": "Vino Blanco de Mesa Brik 1 L",
        "image": "https:\/\/cdn-consum.aktiosdigitalservices.com\/tol\/consum\/media\/product\/img\/300x300\/320754.jpg?t=20241217080946"
    },
    {
        "id": 4888,
        "name": "Vino Rosado Aguja V.T.Castilla y Le\u00f3n PE\u00d1ASCAL",
        "price": 3.95,
        "price_kilo": 5.27,
        "slug": "vino-rosado-aguja-vtcastilla-y-leon",
        "description": "Vino Rosado Aguja V.T.Castilla y Le\u00f3n 0,75 L",
        "image": "https:\/\/cdn-consum.aktiosdigitalservices.com\/tol\/consum\/media\/product\/img\/300x300\/324848.jpg?t=20250304104023"
    },
    {
        "id": 4890,
        "name": "Laca NELLY",
        "price": 2.15,
        "price_kilo": 1.72,
        "slug": "laca",
        "description": "Laca 125 ml",
        "image": "https:\/\/cdn-consum.aktiosdigitalservices.com\/tol\/consum\/media\/product\/img\/300x300\/327247.jpg?t=20241217080946"
    },
    {
        "id": 4892,
        "name": "Vino Tinto Reserva D.O.Utiel-Requena V.ENTERIZO",
        "price": 4.99,
        "price_kilo": 6.65,
        "slug": "vino-tinto-reserva-doutiel-requena",
        "description": "Vino Tinto Reserva D.O.Utiel-Requena 0,75 L",
        "image": "https:\/\/cdn-consum.aktiosdigitalservices.com\/tol\/consum\/media\/product\/img\/300x300\/328567.jpg?t=20250220075811"
    },
    {
        "id": 4893,
        "name": "Tila 25 Bolsitas POMPADOUR",
        "price": 2.15,
        "price_kilo": 0.09,
        "slug": "tila-25-bolsitas",
        "description": "Tila 25 Bolsitas 25 U",
        "image": "https:\/\/cdn-consum.aktiosdigitalservices.com\/tol\/consum\/media\/product\/img\/300x300\/329276.jpg?t=20250311132747"
    },
    {
        "id": 4896,
        "name": "Raviolis en Salsa Bote HERO",
        "price": 2.99,
        "price_kilo": 7.12,
        "slug": "raviolis-en-salsa-bote",
        "description": "Raviolis en Salsa Bote 420 Gr",
        "image": "https:\/\/cdn-consum.aktiosdigitalservices.com\/tol\/consum\/media\/product\/img\/300x300\/330555.jpg?t=20241217080946"
    },
    {
        "id": 4898,
        "name": "Lim\u00f3n ",
        "price": 0.53,
        "price_kilo": 2.19,
        "slug": "limon",
        "description": "Lim\u00f3n",
        "image": "https:\/\/cdn-consum.aktiosdigitalservices.com\/tol\/consum\/media\/product\/img\/300x300\/332130.jpg?t=20250322075704"
    },
    {
        "id": 4902,
        "name": "Cerveza Extra Lata VOLL DAMM",
        "price": 1.02,
        "price_kilo": 3.09,
        "slug": "cerveza-extra-lata",
        "description": "Cerveza Extra Lata 0,33 L",
        "image": "https:\/\/cdn-consum.aktiosdigitalservices.com\/tol\/consum\/media\/product\/img\/300x300\/336073.jpg?t=20250228075655"
    },
    {
        "id": 4903,
        "name": "Cocido Madrile\u00f1o Bote LITORAL",
        "price": 2.99,
        "price_kilo": 7.04,
        "slug": "cocido-madrileno-bote",
        "description": "Cocido Madrile\u00f1o Bote 425 Gr",
        "image": "https:\/\/cdn-consum.aktiosdigitalservices.com\/tol\/consum\/media\/product\/img\/300x300\/336180.jpg?t=20250312092739"
    },
    {
        "id": 4905,
        "name": "Salvado All Bran KELLOGG'S",
        "price": 3.99,
        "price_kilo": 10.64,
        "slug": "salvado-all-bran",
        "description": "Salvado All Bran 375 Gr",
        "image": "https:\/\/cdn-consum.aktiosdigitalservices.com\/tol\/consum\/media\/product\/img\/300x300\/337493.jpg?t=20250312092739"
    },
    {
        "id": 4906,
        "name": "Sopinstant Verdura Caja G.BLANCA",
        "price": 1.45,
        "price_kilo": 3.02,
        "slug": "sopinstant-verdura-caja",
        "description": "Sopinstant Verdura Caja 48 Gr",
        "image": "https:\/\/cdn-consum.aktiosdigitalservices.com\/tol\/consum\/media\/product\/img\/300x300\/337956.jpg?t=20241217080947"
    },
    {
        "id": 4909,
        "name": "Caldo de Carne Deshidratado 16 Pastillas KNORR",
        "price": 1.65,
        "price_kilo": 10.31,
        "slug": "caldo-de-carne-deshidratado-16-pastillas",
        "description": "Caldo de Carne Deshidratado 16 Pastillas 160 Gr",
        "image": "https:\/\/cdn-consum.aktiosdigitalservices.com\/tol\/consum\/media\/product\/img\/300x300\/339747.jpg?t=20250312092739"
    },
    {
        "id": 4913,
        "name": "Chocolate Puro VALOR",
        "price": 4.95,
        "price_kilo": 16.5,
        "slug": "chocolate-puro",
        "description": "Chocolate Puro 300 Gr",
        "image": "https:\/\/cdn-consum.aktiosdigitalservices.com\/tol\/consum\/media\/product\/img\/300x300\/344358.jpg?t=20250311132755"
    },
    {
        "id": 4914,
        "name": "Chocolate Puro con Almendras VALOR",
        "price": 4.95,
        "price_kilo": 19.8,
        "slug": "chocolate-puro-con-almendras",
        "description": "Chocolate Puro con Almendras 250 Gr",
        "image": "https:\/\/cdn-consum.aktiosdigitalservices.com\/tol\/consum\/media\/product\/img\/300x300\/344366.jpg?t=20250313075804"
    },
    {
        "id": 4915,
        "name": "Bombones Caja Roja NESTLE",
        "price": 12.95,
        "price_kilo": 32.54,
        "slug": "bombones-caja-roja",
        "description": "Bombones Caja Roja 398 Gr",
        "image": "https:\/\/cdn-consum.aktiosdigitalservices.com\/tol\/consum\/media\/product\/img\/300x300\/344630.jpg?t=20250311132800"
    },
    {
        "id": 4917,
        "name": "Cacao Instant\u00e1neo NESQUIK",
        "price": 3.95,
        "price_kilo": 10.13,
        "slug": "cacao-instantaneo",
        "description": "Cacao Instant\u00e1neo 390 Gr",
        "image": "https:\/\/cdn-consum.aktiosdigitalservices.com\/tol\/consum\/media\/product\/img\/300x300\/348235.jpg?t=20250319075638"
    },
    {
        "id": 4919,
        "name": "Caf\u00e9 Soluble Natural Tarro NESCAFE",
        "price": 7.85,
        "price_kilo": 39.25,
        "slug": "cafe-soluble-natural-tarro",
        "description": "Caf\u00e9 Soluble Natural Tarro 200 Gr",
        "image": "https:\/\/cdn-consum.aktiosdigitalservices.com\/tol\/consum\/media\/product\/img\/300x300\/350165.jpg?t=20250312155705"
    },
    {
        "id": 4920,
        "name": "Caf\u00e9 Soluble Natural Tarro NESCAFE",
        "price": 4.95,
        "price_kilo": 49.5,
        "slug": "cafe-soluble-natural-tarro",
        "description": "Caf\u00e9 Soluble Natural Tarro 100 Gr",
        "image": "https:\/\/cdn-consum.aktiosdigitalservices.com\/tol\/consum\/media\/product\/img\/300x300\/350173.jpg?t=20250317075613"
    },
    {
        "id": 4921,
        "name": "Caf\u00e9 Descafeinado Soluble NESCAFE",
        "price": 7.85,
        "price_kilo": 39.25,
        "slug": "cafe-descafeinado-soluble",
        "description": "Caf\u00e9 Descafeinado Soluble 200 Gr",
        "image": "https:\/\/cdn-consum.aktiosdigitalservices.com\/tol\/consum\/media\/product\/img\/300x300\/350223.jpg?t=20250312155707"
    },
    {
        "id": 4922,
        "name": "Caf\u00e9 Descafeinado Soluble NESCAFE",
        "price": 4.95,
        "price_kilo": 49.5,
        "slug": "cafe-descafeinado-soluble",
        "description": "Caf\u00e9 Descafeinado Soluble 100 Gr",
        "image": "https:\/\/cdn-consum.aktiosdigitalservices.com\/tol\/consum\/media\/product\/img\/300x300\/350231.jpg?t=20250317075615"
    },
    {
        "id": 4926,
        "name": "Huevo Kinder Sorpresa Unidad KINDER",
        "price": 1.41,
        "price_kilo": 7.05,
        "slug": "huevo-kinder-sorpresa-unidad",
        "description": "Huevo Kinder Sorpresa Unidad 20 Gr",
        "image": "https:\/\/cdn-consum.aktiosdigitalservices.com\/tol\/consum\/media\/product\/img\/300x300\/354266.jpg?t=20250311132815"
    },
    {
        "id": 4927,
        "name": "Preparado de Cuajada 4 Sobres ROYAL",
        "price": 1.45,
        "price_kilo": 3.02,
        "slug": "preparado-de-cuajada-4-sobres",
        "description": "Preparado de Cuajada 4 Sobres 48 Gr",
        "image": "https:\/\/cdn-consum.aktiosdigitalservices.com\/tol\/consum\/media\/product\/img\/300x300\/356154.jpg?t=20250311103234"
    },
    {
        "id": 4928,
        "name": "Flan de Vainilla 8 Unidades ROYAL",
        "price": 1.8,
        "price_kilo": 9.68,
        "slug": "flan-de-vainilla-8-unidades",
        "description": "Flan de Vainilla 8 Unidades 186 Gr",
        "image": "https:\/\/cdn-consum.aktiosdigitalservices.com\/tol\/consum\/media\/product\/img\/300x300\/356162.jpg?t=20250313075809"
    },
    {
        "id": 4931,
        "name": "Caf\u00e9 Descafeinado Soluble NESCAFE",
        "price": 1.5,
        "price_kilo": 7.5,
        "slug": "cafe-descafeinado-soluble",
        "description": "Caf\u00e9 Descafeinado Soluble 20 Gr",
        "image": "https:\/\/cdn-consum.aktiosdigitalservices.com\/tol\/consum\/media\/product\/img\/300x300\/357640.jpg?t=20250311132817"
    },
    {
        "id": 4934,
        "name": "Valencianas 12 Unidades DULCESOL",
        "price": 1.99,
        "price_kilo": 5.69,
        "slug": "valencianas-12-unidades",
        "description": "Valencianas 12 Unidades 350 Gr",
        "image": "https:\/\/cdn-consum.aktiosdigitalservices.com\/tol\/consum\/media\/product\/img\/300x300\/360347.jpg?t=20250320075627"
    },
    {
        "id": 4941,
        "name": "Caldo de Pescado Deshidratado12 Pastillas KNORR",
        "price": 1.65,
        "price_kilo": 13.75,
        "slug": "caldo-de-pescado-deshidratado12-pastillas",
        "description": "Caldo de Pescado Deshidratado12 Pastillas 120 Gr",
        "image": "https:\/\/cdn-consum.aktiosdigitalservices.com\/tol\/consum\/media\/product\/img\/300x300\/363754.jpg?t=20250319075643"
    },
    {
        "id": 4943,
        "name": "Sopa Deshidratada Pollo y Fideos Sobre G.BLANCA",
        "price": 0.85,
        "price_kilo": 11.97,
        "slug": "sopa-deshidratada-pollo-y-fideos-sobre",
        "description": "Sopa Deshidratada Pollo y Fideos Sobre 71 Gr",
        "image": "https:\/\/cdn-consum.aktiosdigitalservices.com\/tol\/consum\/media\/product\/img\/300x300\/364323.jpg?t=20250206090005"
    },
    {
        "id": 4944,
        "name": "Sopa Deshidratada Ave y Fideos Sobre G.BLANCA",
        "price": 0.85,
        "price_kilo": 11.18,
        "slug": "sopa-deshidratada-ave-y-fideos-sobre",
        "description": "Sopa Deshidratada Ave y Fideos Sobre 76 Gr",
        "image": "https:\/\/cdn-consum.aktiosdigitalservices.com\/tol\/consum\/media\/product\/img\/300x300\/364331.jpg?t=20241217080947"
    },
    {
        "id": 4945,
        "name": "Sopa Deshidratada Ternera  Estrellitas G.BLANCA",
        "price": 0.85,
        "price_kilo": 11.49,
        "slug": "sopa-deshidratada-ternera-estrellitas",
        "description": "Sopa Deshidratada Ternera  Estrellitas 74 Gr",
        "image": "https:\/\/cdn-consum.aktiosdigitalservices.com\/tol\/consum\/media\/product\/img\/300x300\/364380.jpg?t=20241217080947"
    },
    {
        "id": 4946,
        "name": "Chocolate Crujiente CRUNCH",
        "price": 1.99,
        "price_kilo": 19.9,
        "slug": "chocolate-crujiente",
        "description": "Chocolate Crujiente 100 Gr",
        "image": "https:\/\/cdn-consum.aktiosdigitalservices.com\/tol\/consum\/media\/product\/img\/300x300\/364786.jpg?t=20250311132820"
    },
    {
        "id": 4947,
        "name": "Caldo de Pollo Deshidratado 12 Pastillas AVECREM",
        "price": 1.85,
        "price_kilo": 15.42,
        "slug": "caldo-de-pollo-deshidratado-12-pastillas",
        "description": "Caldo de Pollo Deshidratado 12 Pastillas 120 Gr",
        "image": "https:\/\/cdn-consum.aktiosdigitalservices.com\/tol\/consum\/media\/product\/img\/300x300\/366112.jpg?t=20250206090010"
    },
    {
        "id": 4948,
        "name": "Agua Mineral con Gas Botella Vidrio VICHY",
        "price": 1.49,
        "price_kilo": 1.49,
        "slug": "agua-mineral-con-gas-botella-vidrio",
        "description": "Agua Mineral con Gas Botella Vidrio 1 L",
        "image": "https:\/\/cdn-consum.aktiosdigitalservices.com\/tol\/consum\/media\/product\/img\/300x300\/366807.jpg?t=20250111075648"
    },
    {
        "id": 4951,
        "name": "Manzanilla 25 Bolsitas POMPADOUR",
        "price": 2.15,
        "price_kilo": 0.09,
        "slug": "manzanilla-25-bolsitas",
        "description": "Manzanilla 25 Bolsitas 25 U",
        "image": "https:\/\/cdn-consum.aktiosdigitalservices.com\/tol\/consum\/media\/product\/img\/300x300\/368563.jpg?t=20250311132822"
    },
    {
        "id": 4952,
        "name": "Sopinstant Champi\u00f1\u00f3n Caja G.BLANCA",
        "price": 1.45,
        "price_kilo": 24.79,
        "slug": "sopinstant-champinon-caja",
        "description": "Sopinstant Champi\u00f1\u00f3n Caja 58,5 Gr",
        "image": "https:\/\/cdn-consum.aktiosdigitalservices.com\/tol\/consum\/media\/product\/img\/300x300\/369132.jpg?t=20241217080948"
    },
    {
        "id": 4953,
        "name": "Sopinstant Esp\u00e1rragos Caja G.BLANCA",
        "price": 1.45,
        "price_kilo": 25.44,
        "slug": "sopinstant-esparragos-caja",
        "description": "Sopinstant Esp\u00e1rragos Caja 54 Gr",
        "image": "https:\/\/cdn-consum.aktiosdigitalservices.com\/tol\/consum\/media\/product\/img\/300x300\/369140.jpg?t=20241217080948"
    },
    {
        "id": 4954,
        "name": "Gaseosa. Botella LA CASERA",
        "price": 1.25,
        "price_kilo": 0.83,
        "slug": "gaseosa-botella",
        "description": "Gaseosa. Botella 1,5 L",
        "image": "https:\/\/cdn-consum.aktiosdigitalservices.com\/tol\/consum\/media\/product\/img\/300x300\/371120.jpg?t=20250312124807"
    },
    {
        "id": 4956,
        "name": "C.Semi Nevada P3 D.O.Cava FREIXENET",
        "price": 7.99,
        "price_kilo": 13.32,
        "slug": "csemi-nevada-p3-docava",
        "description": "C.Semi Nevada P3 D.O.Cava 3 x 0,2 L",
        "image": "https:\/\/cdn-consum.aktiosdigitalservices.com\/tol\/consum\/media\/product\/img\/300x300\/373449.jpg?t=20250225075655"
    },
    {
        "id": 4957,
        "name": "Cerveza Lata SAN MIGUEL",
        "price": 0.74,
        "price_kilo": 2.24,
        "slug": "cerveza-lata",
        "description": "Cerveza Lata 0,33 L",
        "image": "https:\/\/cdn-consum.aktiosdigitalservices.com\/tol\/consum\/media\/product\/img\/300x300\/373498.jpg?t=20250312124812"
    },
    {
        "id": 4958,
        "name": "Huesitos Multipack 10 Unidades HUESITOS",
        "price": 2.59,
        "price_kilo": 12.95,
        "slug": "huesitos-multipack-10-unidades",
        "description": "Huesitos Multipack 10 Unidades 10 x 20 Gr",
        "image": "https:\/\/cdn-consum.aktiosdigitalservices.com\/tol\/consum\/media\/product\/img\/300x300\/373829.jpg?t=20250311132828"
    },
    {
        "id": 4959,
        "name": "Kit Kat Pack de 3 NESTLE",
        "price": 2.69,
        "price_kilo": 21.61,
        "slug": "kit-kat-pack-de-3",
        "description": "Kit Kat Pack de 3 3 x 41,5 Gr",
        "image": "https:\/\/cdn-consum.aktiosdigitalservices.com\/tol\/consum\/media\/product\/img\/300x300\/373902.jpg?t=20250321075633"
    },
    {
        "id": 4962,
        "name": "Bombones Caja Roja NESTLE",
        "price": 6.95,
        "price_kilo": 35.1,
        "slug": "bombones-caja-roja",
        "description": "Bombones Caja Roja 198 Gr",
        "image": "https:\/\/cdn-consum.aktiosdigitalservices.com\/tol\/consum\/media\/product\/img\/300x300\/380212.jpg?t=20250311132835"
    },
    {
        "id": 4963,
        "name": "Mostaza Dij\u00f3n Originale Frasco MAILLE",
        "price": 3.65,
        "price_kilo": 16.98,
        "slug": "mostaza-dijon-originale-frasco",
        "description": "Mostaza Dij\u00f3n Originale Frasco 215 Gr",
        "image": "https:\/\/cdn-consum.aktiosdigitalservices.com\/tol\/consum\/media\/product\/img\/300x300\/382226.jpg?t=20241217080948"
    },
    {
        "id": 4964,
        "name": "Tarrito 3 Frutas HERO",
        "price": 1.4,
        "price_kilo": 7.37,
        "slug": "tarrito-3-frutas",
        "description": "Tarrito 3 Frutas 190 Gr",
        "image": "https:\/\/cdn-consum.aktiosdigitalservices.com\/tol\/consum\/media\/product\/img\/300x300\/384693.jpg?t=20250311132837"
    },
    {
        "id": 4965,
        "name": "Mejillones en Escabeche 8\/12 Piezas CALVO",
        "price": 4.69,
        "price_kilo": 67.97,
        "slug": "mejillones-en-escabeche-8-12-piezas",
        "description": "Mejillones en Escabeche 8\/12 Piezas 69 Gr",
        "image": "https:\/\/cdn-consum.aktiosdigitalservices.com\/tol\/consum\/media\/product\/img\/300x300\/384792.jpg?t=20250227085939"
    },
    {
        "id": 4968,
        "name": "Kinder Bueno KINDER",
        "price": 1.25,
        "price_kilo": 2.91,
        "slug": "kinder-bueno",
        "description": "Kinder Bueno 43 Gr",
        "image": "https:\/\/cdn-consum.aktiosdigitalservices.com\/tol\/consum\/media\/product\/img\/300x300\/391151.jpg?t=20250311132840"
    },
    {
        "id": 4969,
        "name": "Vino espumoso Semi Seco DUBOIS",
        "price": 3.45,
        "price_kilo": 4.6,
        "slug": "vino-espumoso-semi-seco",
        "description": "Vino espumoso Semi Seco 0,75 L",
        "image": "https:\/\/cdn-consum.aktiosdigitalservices.com\/tol\/consum\/media\/product\/img\/300x300\/392209.jpg?t=20250225075657"
    },
    {
        "id": 4972,
        "name": "Tarrito Lenguado con Bechamel HERO",
        "price": 1.75,
        "price_kilo": 7.45,
        "slug": "tarrito-lenguado-con-bechamel",
        "description": "Tarrito Lenguado con Bechamel 235 Gr",
        "image": "https:\/\/cdn-consum.aktiosdigitalservices.com\/tol\/consum\/media\/product\/img\/300x300\/396622.jpg?t=20250311132843"
    },
    {
        "id": 4973,
        "name": "Tarrito Verdura con Jam\u00f3n y Ternera HERO",
        "price": 1.75,
        "price_kilo": 7.45,
        "slug": "tarrito-verdura-con-jamon-y-ternera",
        "description": "Tarrito Verdura con Jam\u00f3n y Ternera 235 Gr",
        "image": "https:\/\/cdn-consum.aktiosdigitalservices.com\/tol\/consum\/media\/product\/img\/300x300\/396648.jpg?t=20250311132845"
    },
    {
        "id": 4974,
        "name": "Tarrito Arroz con Pollo HERO",
        "price": 1.75,
        "price_kilo": 7.45,
        "slug": "tarrito-arroz-con-pollo",
        "description": "Tarrito Arroz con Pollo 235 Gr",
        "image": "https:\/\/cdn-consum.aktiosdigitalservices.com\/tol\/consum\/media\/product\/img\/300x300\/396663.jpg?t=20250311132847"
    },
    {
        "id": 4975,
        "name": "Tarrito Verduras con Pollo y Ternera HERO",
        "price": 1.75,
        "price_kilo": 7.45,
        "slug": "tarrito-verduras-con-pollo-y-ternera",
        "description": "Tarrito Verduras con Pollo y Ternera 235 Gr",
        "image": "https:\/\/cdn-consum.aktiosdigitalservices.com\/tol\/consum\/media\/product\/img\/300x300\/396671.jpg?t=20250311132849"
    },
    {
        "id": 4980,
        "name": "Detergente L\u00edquido Prendas Delicadas PERLAN",
        "price": 3.25,
        "price_kilo": 0.13,
        "slug": "detergente-liquido-prendas-delicadas",
        "description": "Detergente L\u00edquido Prendas Delicadas 25 Lv",
        "image": "https:\/\/cdn-consum.aktiosdigitalservices.com\/tol\/consum\/media\/product\/img\/300x300\/401356.jpg?t=20250204075915"
    },
    {
        "id": 4984,
        "name": "Dent\u00edfrico Antisarro Blanqueador COLGATE",
        "price": 1.99,
        "price_kilo": 2.65,
        "slug": "dentifrico-antisarro-blanqueador",
        "description": "Dent\u00edfrico Antisarro Blanqueador 75 ml",
        "image": "https:\/\/cdn-consum.aktiosdigitalservices.com\/tol\/consum\/media\/product\/img\/300x300\/404277.jpg?t=20250206090045"
    },
    {
        "id": 4985,
        "name": "Protector Labial LIPOSAN",
        "price": 2.89,
        "price_kilo": 2.89,
        "slug": "protector-labial",
        "description": "Protector Labial 1 U",
        "image": "https:\/\/cdn-consum.aktiosdigitalservices.com\/tol\/consum\/media\/product\/img\/300x300\/405076.jpg?t=20250206090048"
    },
    {
        "id": 4987,
        "name": "Desodorante Roll-On Brisa MUM",
        "price": 2.45,
        "price_kilo": 4.9,
        "slug": "desodorante-roll-on-brisa",
        "description": "Desodorante Roll-On Brisa 50 ml",
        "image": "https:\/\/cdn-consum.aktiosdigitalservices.com\/tol\/consum\/media\/product\/img\/300x300\/405845.jpg?t=20250304104223"
    },
    {
        "id": 4988,
        "name": "Rosquilletas VELARTE",
        "price": 1.03,
        "price_kilo": 11.44,
        "slug": "rosquilletas",
        "description": "Rosquilletas 90 Gr",
        "image": "https:\/\/cdn-consum.aktiosdigitalservices.com\/tol\/consum\/media\/product\/img\/300x300\/407114.jpg?t=20250311103315"
    },
    {
        "id": 4998,
        "name": "Tarrito Zanahoria y Arroz con Caldo de Ave HERO",
        "price": 1.75,
        "price_kilo": 7.45,
        "slug": "tarrito-zanahoria-y-arroz-con-caldo-de-ave",
        "description": "Tarrito Zanahoria y Arroz con Caldo de Ave 235 Gr",
        "image": "https:\/\/cdn-consum.aktiosdigitalservices.com\/tol\/consum\/media\/product\/img\/300x300\/414870.jpg?t=20250311132852"
    },
    {
        "id": 4999,
        "name": "Desodorante Roll-On Original Sensitive BYLY",
        "price": 1.9,
        "price_kilo": 3.8,
        "slug": "desodorante-roll-on-original-sensitive",
        "description": "Desodorante Roll-On Original Sensitive 50 ml",
        "image": "https:\/\/cdn-consum.aktiosdigitalservices.com\/tol\/consum\/media\/product\/img\/300x300\/415042.jpg?t=20241217080949"
    },
    {
        "id": 5002,
        "name": "Dent\u00edfrico Antimanchas DENIVIT",
        "price": 2.3,
        "price_kilo": 4.6,
        "slug": "dentifrico-antimanchas",
        "description": "Dent\u00edfrico Antimanchas 50 ml",
        "image": "https:\/\/cdn-consum.aktiosdigitalservices.com\/tol\/consum\/media\/product\/img\/300x300\/416628.jpg?t=20250311123844"
    },
    {
        "id": 5008,
        "name": "Dent\u00edfrico Blanco Original KEMPHOR",
        "price": 2.25,
        "price_kilo": 3,
        "slug": "dentifrico-blanco-original",
        "description": "Dent\u00edfrico Blanco Original 75 ml",
        "image": "https:\/\/cdn-consum.aktiosdigitalservices.com\/tol\/consum\/media\/product\/img\/300x300\/418798.jpg?t=20241217080949"
    },
    {
        "id": 5012,
        "name": "Lej\u00eda Multiusos CONEJO",
        "price": 2.99,
        "price_kilo": 1.5,
        "slug": "lejia-multiusos",
        "description": "Lej\u00eda Multiusos 2 L",
        "image": "https:\/\/cdn-consum.aktiosdigitalservices.com\/tol\/consum\/media\/product\/img\/300x300\/419069.jpg?t=20250204075920"
    },
    {
        "id": 5015,
        "name": "Crema Protectora Beb\u00e9 Acci\u00f3n R\u00e1pida JOHNSON",
        "price": 4.55,
        "price_kilo": 4.55,
        "slug": "crema-protectora-bebe-accion-rapida",
        "description": "Crema Protectora Beb\u00e9 Acci\u00f3n R\u00e1pida 100 ml",
        "image": "https:\/\/cdn-consum.aktiosdigitalservices.com\/tol\/consum\/media\/product\/img\/300x300\/421545.jpg?t=20250312155711"
    },
    {
        "id": 5017,
        "name": "Maquinilla Basculante Slalom Plus Desechable GILLETTE",
        "price": 2.89,
        "price_kilo": 0.58,
        "slug": "maquinilla-basculante-slalom-plus-desechable",
        "description": "Maquinilla Basculante Slalom Plus Desechable 5 U",
        "image": "https:\/\/cdn-consum.aktiosdigitalservices.com\/tol\/consum\/media\/product\/img\/300x300\/423822.jpg?t=20241217080949"
    },
    {
        "id": 5024,
        "name": "Desodorante Roll-On Tacto Puro N.B PALMOLIVE",
        "price": 1.99,
        "price_kilo": 3.98,
        "slug": "desodorante-roll-on-tacto-puro-nb",
        "description": "Desodorante Roll-On Tacto Puro N.B 50 ml",
        "image": "https:\/\/cdn-consum.aktiosdigitalservices.com\/tol\/consum\/media\/product\/img\/300x300\/428136.jpg?t=20241217080949"
    },
    {
        "id": 5025,
        "name": "Desodorante Spray HENO PRAVIA",
        "price": 3.25,
        "price_kilo": 1.3,
        "slug": "desodorante-spray",
        "description": "Desodorante Spray 250 ml",
        "image": "https:\/\/cdn-consum.aktiosdigitalservices.com\/tol\/consum\/media\/product\/img\/300x300\/437095.jpg?t=20250312092739"
    },
    {
        "id": 5030,
        "name": "Tinte N\u00ba3 Casta\u00f1o Oscuro EXCELLENCE",
        "price": 8.9,
        "price_kilo": 8.9,
        "slug": "tinte-n3-castano-oscuro",
        "description": "Tinte N\u00ba3 Casta\u00f1o Oscuro 1 U",
        "image": "https:\/\/cdn-consum.aktiosdigitalservices.com\/tol\/consum\/media\/product\/img\/300x300\/441139.jpg?t=20241217080949"
    },
    {
        "id": 5031,
        "name": "Tinte N\u00ba4 Casta\u00f1o EXCELLENCE",
        "price": 8.9,
        "price_kilo": 8.9,
        "slug": "tinte-n4-castano",
        "description": "Tinte N\u00ba4 Casta\u00f1o 1 U",
        "image": "https:\/\/cdn-consum.aktiosdigitalservices.com\/tol\/consum\/media\/product\/img\/300x300\/441147.jpg?t=20241217080949"
    },
    {
        "id": 5032,
        "name": "Tinte N\u00ba5 Casta\u00f1o Claro EXCELLENCE",
        "price": 8.9,
        "price_kilo": 8.9,
        "slug": "tinte-n5-castano-claro",
        "description": "Tinte N\u00ba5 Casta\u00f1o Claro 1 U",
        "image": "https:\/\/cdn-consum.aktiosdigitalservices.com\/tol\/consum\/media\/product\/img\/300x300\/441162.jpg?t=20241217080949"
    },
    {
        "id": 5033,
        "name": "Tinte N\u00ba6 Rubio Oscuro EXCELLENCE",
        "price": 8.9,
        "price_kilo": 8.9,
        "slug": "tinte-n6-rubio-oscuro",
        "description": "Tinte N\u00ba6 Rubio Oscuro 1 U",
        "image": "https:\/\/cdn-consum.aktiosdigitalservices.com\/tol\/consum\/media\/product\/img\/300x300\/441188.jpg?t=20241217080949"
    },
    {
        "id": 5034,
        "name": "Tinte N\u00ba7 Rubio EXCELLENCE",
        "price": 8.9,
        "price_kilo": 8.9,
        "slug": "tinte-n7-rubio",
        "description": "Tinte N\u00ba7 Rubio 1 U",
        "image": "https:\/\/cdn-consum.aktiosdigitalservices.com\/tol\/consum\/media\/product\/img\/300x300\/441204.jpg?t=20250311164531"
    },
    {
        "id": 5035,
        "name": "Tinte N\u00ba8 Rubio Claro EXCELLENCE",
        "price": 8.9,
        "price_kilo": 8.9,
        "slug": "tinte-n8-rubio-claro",
        "description": "Tinte N\u00ba8 Rubio Claro 1 U",
        "image": "https:\/\/cdn-consum.aktiosdigitalservices.com\/tol\/consum\/media\/product\/img\/300x300\/441220.jpg?t=20241217080949"
    },
    {
        "id": 5036,
        "name": "Tinte N\u00ba7.1 Rubio Ceniza EXCELLENCE",
        "price": 8.9,
        "price_kilo": 8.9,
        "slug": "tinte-n71-rubio-ceniza",
        "description": "Tinte N\u00ba7.1 Rubio Ceniza 1 U",
        "image": "https:\/\/cdn-consum.aktiosdigitalservices.com\/tol\/consum\/media\/product\/img\/300x300\/441345.jpg?t=20250311164531"
    },
    {
        "id": 5037,
        "name": "Tinte N\u00ba8.1 Claro Ceniza EXCELLENCE",
        "price": 8.9,
        "price_kilo": 8.9,
        "slug": "tinte-n81-claro-ceniza",
        "description": "Tinte N\u00ba8.1 Claro Ceniza 1 U",
        "image": "https:\/\/cdn-consum.aktiosdigitalservices.com\/tol\/consum\/media\/product\/img\/300x300\/441360.jpg?t=20241217080949"
    },
    {
        "id": 5038,
        "name": "Tinte N\u00ba9 Rubio Muy Claro EXCELLENCE",
        "price": 8.9,
        "price_kilo": 8.9,
        "slug": "tinte-n9-rubio-muy-claro",
        "description": "Tinte N\u00ba9 Rubio Muy Claro 1 U",
        "image": "https:\/\/cdn-consum.aktiosdigitalservices.com\/tol\/consum\/media\/product\/img\/300x300\/441378.jpg?t=20241217080949"
    },
    {
        "id": 5039,
        "name": "Tinte N\u00ba9.1 Rubio Muy Claro Ceniza EXCELLENCE",
        "price": 8.9,
        "price_kilo": 8.9,
        "slug": "tinte-n91-rubio-muy-claro-ceniza",
        "description": "Tinte N\u00ba9.1 Rubio Muy Claro Ceniza 1 U",
        "image": "https:\/\/cdn-consum.aktiosdigitalservices.com\/tol\/consum\/media\/product\/img\/300x300\/441394.jpg?t=20241217080949"
    },
    {
        "id": 5040,
        "name": "Tinte N.7.3 Rubio Dorado EXCELLENCE",
        "price": 8.9,
        "price_kilo": 8.9,
        "slug": "tinte-n73-rubio-dorado",
        "description": "Tinte N.7.3 Rubio Dorado 1 U",
        "image": "https:\/\/cdn-consum.aktiosdigitalservices.com\/tol\/consum\/media\/product\/img\/300x300\/441402.jpg?t=20250311164531"
    },
    {
        "id": 5041,
        "name": "Gazpacho Original ALVALLE",
        "price": 3.99,
        "price_kilo": 3.99,
        "slug": "gazpacho-original",
        "description": "Gazpacho Original 1 L",
        "image": "https:\/\/cdn-consum.aktiosdigitalservices.com\/tol\/consum\/media\/product\/img\/300x300\/441618.jpg?t=20250320075630"
    },
    {
        "id": 5044,
        "name": "Crema Antiarrugas Q10 de D\u00eda NIVEA",
        "price": 9.59,
        "price_kilo": 19.18,
        "slug": "crema-antiarrugas-q10-de-dia",
        "description": "Crema Antiarrugas Q10 de D\u00eda 50 ml",
        "image": "https:\/\/cdn-consum.aktiosdigitalservices.com\/tol\/consum\/media\/product\/img\/300x300\/442418.jpg?t=20250313075821"
    },
    {
        "id": 5045,
        "name": "N\u00e9ctar Naranja Botella Pet GRANINI",
        "price": 3.19,
        "price_kilo": 3.19,
        "slug": "nectar-naranja-botella-pet",
        "description": "N\u00e9ctar Naranja Botella Pet 1 L",
        "image": "https:\/\/cdn-consum.aktiosdigitalservices.com\/tol\/consum\/media\/product\/img\/300x300\/444554.jpg?t=20250101080050"
    },
    {
        "id": 5052,
        "name": "Friegasuelos Cera ASEVI",
        "price": 2.19,
        "price_kilo": 2.19,
        "slug": "friegasuelos-cera",
        "description": "Friegasuelos Cera 1 L",
        "image": "https:\/\/cdn-consum.aktiosdigitalservices.com\/tol\/consum\/media\/product\/img\/300x300\/448852.jpg?t=20241217080949"
    },
    {
        "id": 5055,
        "name": "Aperitivo Frito Pandilla Sabor Queso CHEETOS",
        "price": 1.89,
        "price_kilo": 25.2,
        "slug": "aperitivo-frito-pandilla-sabor-queso",
        "description": "Aperitivo Frito Pandilla Sabor Queso 75 Gr",
        "image": "https:\/\/cdn-consum.aktiosdigitalservices.com\/tol\/consum\/media\/product\/img\/300x300\/455873.jpg?t=20250313075824"
    },
    {
        "id": 5058,
        "name": "Bastoncillos JOHNSON",
        "price": 1.99,
        "price_kilo": 0.02,
        "slug": "bastoncillos",
        "description": "Bastoncillos 100 U",
        "image": "https:\/\/cdn-consum.aktiosdigitalservices.com\/tol\/consum\/media\/product\/img\/300x300\/461210.jpg?t=20250312155714"
    },
    {
        "id": 5060,
        "name": "Tampones Digital Super OB",
        "price": 6.19,
        "price_kilo": 0.19,
        "slug": "tampones-digital-super",
        "description": "Tampones Digital Super 32 U",
        "image": "https:\/\/cdn-consum.aktiosdigitalservices.com\/tol\/consum\/media\/product\/img\/300x300\/464560.jpg?t=20250312155718"
    },
    {
        "id": 5063,
        "name": "Cerveza Botella Cristal Pack-6 MAHOU CLASIC",
        "price": 3.69,
        "price_kilo": 2.46,
        "slug": "cerveza-botella-cristal-pack-6",
        "description": "Cerveza Botella Cristal Pack-6 6 x 0,25 L",
        "image": "https:\/\/cdn-consum.aktiosdigitalservices.com\/tol\/consum\/media\/product\/img\/300x300\/465690.jpg?t=20250205075746"
    },
    {
        "id": 5065,
        "name": "Cerveza Botella Cristal MAHOU CLASIC",
        "price": 1.89,
        "price_kilo": 1.89,
        "slug": "cerveza-botella-cristal",
        "description": "Cerveza Botella Cristal 1 L",
        "image": "https:\/\/cdn-consum.aktiosdigitalservices.com\/tol\/consum\/media\/product\/img\/300x300\/465716.jpg?t=20250228075658"
    },
    {
        "id": 5074,
        "name": "Batido de Cacao Botella CACAOLAT",
        "price": 2.5,
        "price_kilo": 2.5,
        "slug": "batido-de-cacao-botella",
        "description": "Batido de Cacao Botella 1 L",
        "image": "https:\/\/cdn-consum.aktiosdigitalservices.com\/tol\/consum\/media\/product\/img\/300x300\/479055.jpg?t=20250312124818"
    },
    {
        "id": 5078,
        "name": "Caldo de Pollo Deshidratado24Pastillas AVECREM",
        "price": 2.95,
        "price_kilo": 12.29,
        "slug": "caldo-de-pollo-deshidratado24pastillas",
        "description": "Caldo de Pollo Deshidratado24Pastillas 240 Gr",
        "image": "https:\/\/cdn-consum.aktiosdigitalservices.com\/tol\/consum\/media\/product\/img\/300x300\/485300.jpg?t=20250109093202"
    },
    {
        "id": 5079,
        "name": "Antical Pastillas CALGON",
        "price": 8.99,
        "price_kilo": 0.6,
        "slug": "antical-pastillas",
        "description": "Antical Pastillas 15 U",
        "image": "https:\/\/cdn-consum.aktiosdigitalservices.com\/tol\/consum\/media\/product\/img\/300x300\/485565.jpg?t=20250227090011"
    },
    {
        "id": 5080,
        "name": "Chocolate 70% Cacao Excellence LINDT",
        "price": 4.49,
        "price_kilo": 44.9,
        "slug": "chocolate-70-cacao-excellence",
        "description": "Chocolate 70% Cacao Excellence 100 Gr",
        "image": "https:\/\/cdn-consum.aktiosdigitalservices.com\/tol\/consum\/media\/product\/img\/300x300\/487595.jpg?t=20250311132855"
    },
    {
        "id": 5081,
        "name": "Mandarina Granel ",
        "price": 0.3,
        "price_kilo": 2.39,
        "slug": "mandarina-granel",
        "description": "Mandarina Granel",
        "image": "https:\/\/cdn-consum.aktiosdigitalservices.com\/tol\/consum\/media\/product\/img\/300x300\/489831.jpg?t=20250322075706"
    },
    {
        "id": 5083,
        "name": "Pizza 4 Quesos TARRADELLAS",
        "price": 3.19,
        "price_kilo": 8.18,
        "slug": "pizza-4-quesos",
        "description": "Pizza 4 Quesos 390 Gr",
        "image": "https:\/\/cdn-consum.aktiosdigitalservices.com\/tol\/consum\/media\/product\/img\/300x300\/500652.jpg?t=20241217080950"
    },
    {
        "id": 5084,
        "name": "Vino Tinto Crianza D.O.Rioja LAGUNILLA",
        "price": 7.49,
        "price_kilo": 9.99,
        "slug": "vino-tinto-crianza-dorioja",
        "description": "Vino Tinto Crianza D.O.Rioja 0,75 L",
        "image": "https:\/\/cdn-consum.aktiosdigitalservices.com\/tol\/consum\/media\/product\/img\/300x300\/502963.jpg?t=20250227090019"
    },
    {
        "id": 5085,
        "name": "Pizza Jam\u00f3n y Queso TARRADELLAS",
        "price": 3.19,
        "price_kilo": 7.88,
        "slug": "pizza-jamon-y-queso",
        "description": "Pizza Jam\u00f3n y Queso 405 Gr",
        "image": "https:\/\/cdn-consum.aktiosdigitalservices.com\/tol\/consum\/media\/product\/img\/300x300\/505552.jpg?t=20241217080950"
    },
    {
        "id": 5087,
        "name": "Mejillones en Escabeche 13\/18 Piezas CALVO",
        "price": 2.49,
        "price_kilo": 36.09,
        "slug": "mejillones-en-escabeche-13-18-piezas",
        "description": "Mejillones en Escabeche 13\/18 Piezas 69 Gr",
        "image": "https:\/\/cdn-consum.aktiosdigitalservices.com\/tol\/consum\/media\/product\/img\/300x300\/521815.jpg?t=20250319075646"
    },
    {
        "id": 5093,
        "name": "Tortitas de Arroz Integral Paquete BICENTURY",
        "price": 1.85,
        "price_kilo": 14.23,
        "slug": "tortitas-de-arroz-integral-paquete",
        "description": "Tortitas de Arroz Integral Paquete 130 Gr",
        "image": "https:\/\/cdn-consum.aktiosdigitalservices.com\/tol\/consum\/media\/product\/img\/300x300\/551606.jpg?t=20250312092740"
    },
    {
        "id": 5094,
        "name": "Nata L\u00edquida Cocinar Espesa Botell\u00edn PRESIDENT",
        "price": 2.09,
        "price_kilo": 8.36,
        "slug": "nata-liquida-cocinar-espesa-botellin",
        "description": "Nata L\u00edquida Cocinar Espesa Botell\u00edn 250 ml",
        "image": "https:\/\/cdn-consum.aktiosdigitalservices.com\/tol\/consum\/media\/product\/img\/300x300\/553768.jpg?t=20250311103337"
    },
    {
        "id": 5095,
        "name": "Mini Tostas Rectangulares ORTIZ",
        "price": 1.88,
        "price_kilo": 18.8,
        "slug": "mini-tostas-rectangulares",
        "description": "Mini Tostas Rectangulares 100 Gr",
        "image": "https:\/\/cdn-consum.aktiosdigitalservices.com\/tol\/consum\/media\/product\/img\/300x300\/570812.jpg?t=20250311164534"
    },
    {
        "id": 5096,
        "name": "Confitura Diet Ar\u00e1ndano y Frambuesa HERO",
        "price": 2.99,
        "price_kilo": 10.68,
        "slug": "confitura-diet-arandano-y-frambuesa",
        "description": "Confitura Diet Ar\u00e1ndano y Frambuesa 280 Gr",
        "image": "https:\/\/cdn-consum.aktiosdigitalservices.com\/tol\/consum\/media\/product\/img\/300x300\/575431.jpg?t=20250311132902"
    },
    {
        "id": 5099,
        "name": "Cacao en Polvo a la Taza VALOR",
        "price": 3.75,
        "price_kilo": 7.5,
        "slug": "cacao-en-polvo-a-la-taza",
        "description": "Cacao en Polvo a la Taza 500 Gr",
        "image": "https:\/\/cdn-consum.aktiosdigitalservices.com\/tol\/consum\/media\/product\/img\/300x300\/583096.jpg?t=20250320075637"
    },
    {
        "id": 5100,
        "name": "Leche Calcio Semidesnatada Brik PULEVA",
        "price": 1.59,
        "price_kilo": 1.59,
        "slug": "leche-calcio-semidesnatada-brik",
        "description": "Leche Calcio Semidesnatada Brik 1 L",
        "image": "https:\/\/cdn-consum.aktiosdigitalservices.com\/tol\/consum\/media\/product\/img\/300x300\/584482.jpg?t=20250311103347"
    },
    {
        "id": 5101,
        "name": "Batido Sabor Vainilla Botella CHOLECK",
        "price": 1.89,
        "price_kilo": 1.89,
        "slug": "batido-sabor-vainilla-botella",
        "description": "Batido Sabor Vainilla Botella 1 L",
        "image": "https:\/\/cdn-consum.aktiosdigitalservices.com\/tol\/consum\/media\/product\/img\/300x300\/591610.jpg?t=20250320075639"
    },
    {
        "id": 5102,
        "name": "Horchata de Chufa Botella CHUFI",
        "price": 1.89,
        "price_kilo": 1.89,
        "slug": "horchata-de-chufa-botella",
        "description": "Horchata de Chufa Botella 1 L",
        "image": "https:\/\/cdn-consum.aktiosdigitalservices.com\/tol\/consum\/media\/product\/img\/300x300\/591636.jpg?t=20250320075642"
    },
    {
        "id": 5104,
        "name": "Batido de Cacao Botella CHOLECK",
        "price": 1.89,
        "price_kilo": 1.89,
        "slug": "batido-de-cacao-botella",
        "description": "Batido de Cacao Botella 1 L",
        "image": "https:\/\/cdn-consum.aktiosdigitalservices.com\/tol\/consum\/media\/product\/img\/300x300\/596601.jpg?t=20250320075644"
    },
    {
        "id": 5105,
        "name": "Gelatina Neutra ROYAL",
        "price": 2.35,
        "price_kilo": 11.75,
        "slug": "gelatina-neutra",
        "description": "Gelatina Neutra 20 Gr",
        "image": "https:\/\/cdn-consum.aktiosdigitalservices.com\/tol\/consum\/media\/product\/img\/300x300\/597518.jpg?t=20250311164534"
    },
    {
        "id": 5107,
        "name": "Filetes Pechuga de Pollo CONSUM",
        "price": 4.79,
        "price_kilo": 7.95,
        "slug": "filetes-pechuga-de-pollo",
        "description": "Filetes Pechuga de Pollo",
        "image": "https:\/\/cdn-consum.aktiosdigitalservices.com\/tol\/consum\/media\/product\/img\/300x300\/601609.jpg?t=20241217080952"
    },
    {
        "id": 5108,
        "name": "Desodorante Roll-On Men Dry Impact NIVEA",
        "price": 1.6,
        "price_kilo": 3.2,
        "slug": "desodorante-roll-on-men-dry-impact",
        "description": "Desodorante Roll-On Men Dry Impact 50 ml",
        "image": "https:\/\/cdn-consum.aktiosdigitalservices.com\/tol\/consum\/media\/product\/img\/300x300\/612440.jpg?t=20250319075648"
    },
    {
        "id": 5109,
        "name": "Filtros para Cafetera 1x4 MELITTA",
        "price": 2.45,
        "price_kilo": 0.06,
        "slug": "filtros-para-cafetera-1x4",
        "description": "Filtros para Cafetera 1x4 40 U",
        "image": "https:\/\/cdn-consum.aktiosdigitalservices.com\/tol\/consum\/media\/product\/img\/300x300\/612572.jpg?t=20241217080952"
    },
    {
        "id": 5110,
        "name": "Desodorante Roll-On Dry Comfort NIVEA",
        "price": 2.35,
        "price_kilo": 4.7,
        "slug": "desodorante-roll-on-dry-comfort",
        "description": "Desodorante Roll-On Dry Comfort 50 ml",
        "image": "https:\/\/cdn-consum.aktiosdigitalservices.com\/tol\/consum\/media\/product\/img\/300x300\/617464.jpg?t=20250206090150"
    },
    {
        "id": 5113,
        "name": "Desodorante Stick Ice Blue WILLIAMS",
        "price": 2.6,
        "price_kilo": 3.47,
        "slug": "desodorante-stick-ice-blue",
        "description": "Desodorante Stick Ice Blue 75 ml",
        "image": "https:\/\/cdn-consum.aktiosdigitalservices.com\/tol\/consum\/media\/product\/img\/300x300\/624171.jpg?t=20250204075929"
    },
    {
        "id": 5115,
        "name": "Arroz Redondo Extra D.O. Valencia Paquete DACSA",
        "price": 1.87,
        "price_kilo": 1.87,
        "slug": "arroz-redondo-extra-do-valencia-paquete",
        "description": "Arroz Redondo Extra D.O. Valencia Paquete 1 Kg",
        "image": "https:\/\/cdn-consum.aktiosdigitalservices.com\/tol\/consum\/media\/product\/img\/300x300\/654459.jpg?t=20250103080002"
    },
    {
        "id": 5116,
        "name": "Caramelos con Palo Bolsa 10 Unidades CHUPA-CHUPS",
        "price": 1.99,
        "price_kilo": 16.58,
        "slug": "caramelos-con-palo-bolsa-10-unidades",
        "description": "Caramelos con Palo Bolsa 10 Unidades 120 Gr",
        "image": "https:\/\/cdn-consum.aktiosdigitalservices.com\/tol\/consum\/media\/product\/img\/300x300\/682716.jpg?t=20250311123906"
    },
    {
        "id": 5117,
        "name": "Caramelos Toffe WERTHERS",
        "price": 1.95,
        "price_kilo": 14.44,
        "slug": "caramelos-toffe",
        "description": "Caramelos Toffe 135 Gr",
        "image": "https:\/\/cdn-consum.aktiosdigitalservices.com\/tol\/consum\/media\/product\/img\/300x300\/682823.jpg?t=20250311123909"
    },
    {
        "id": 5120,
        "name": "Nuggets congelados LA COCINERA",
        "price": 4.99,
        "price_kilo": 14.26,
        "slug": "nuggets-congelados",
        "description": "Nuggets congelados 350 Gr",
        "image": "https:\/\/cdn-consum.aktiosdigitalservices.com\/tol\/consum\/media\/product\/img\/300x300\/698910.jpg?t=20250320075648"
    },
    {
        "id": 5128,
        "name": "Laca Cabello Normal NELLY",
        "price": 2.35,
        "price_kilo": 0.59,
        "slug": "laca-cabello-normal",
        "description": "Laca Cabello Normal 400 ml",
        "image": "https:\/\/cdn-consum.aktiosdigitalservices.com\/tol\/consum\/media\/product\/img\/300x300\/756049.jpg?t=20241217080953"
    },
    {
        "id": 5130,
        "name": "Nata L\u00edquida Cocinar Slim PULEVA",
        "price": 1.29,
        "price_kilo": 6.45,
        "slug": "nata-liquida-cocinar-slim",
        "description": "Nata L\u00edquida Cocinar Slim 200 ml",
        "image": "https:\/\/cdn-consum.aktiosdigitalservices.com\/tol\/consum\/media\/product\/img\/300x300\/761239.jpg?t=20250313075832"
    },
    {
        "id": 5133,
        "name": "Limpiahogar Antical VIAKAL",
        "price": 2.99,
        "price_kilo": 5.98,
        "slug": "limpiahogar-antical",
        "description": "Limpiahogar Antical 0,5 L",
        "image": "https:\/\/cdn-consum.aktiosdigitalservices.com\/tol\/consum\/media\/product\/img\/300x300\/784660.jpg?t=20250312092740"
    },
    {
        "id": 5135,
        "name": "Vital\u00ednea 0%0% Natural Edulcorado DANONE",
        "price": 2.09,
        "price_kilo": 4.35,
        "slug": "vitalinea-00-natural-edulcorado",
        "description": "Vital\u00ednea 0%0% Natural Edulcorado 4 x 120 Gr",
        "image": "https:\/\/cdn-consum.aktiosdigitalservices.com\/tol\/consum\/media\/product\/img\/300x300\/798405.jpg?t=20250213075716"
    },
    {
        "id": 5136,
        "name": "Activia 0% Natural Yogur B\u00edfidus P-4 ud. DANONE",
        "price": 2.69,
        "price_kilo": 5.6,
        "slug": "activia-0-natural-yogur-bifidus-p-4-ud",
        "description": "Activia 0% Natural Yogur B\u00edfidus P-4 ud. 4 x 120 Gr",
        "image": "https:\/\/cdn-consum.aktiosdigitalservices.com\/tol\/consum\/media\/product\/img\/300x300\/798447.jpg?t=20250213075718"
    },
    {
        "id": 5140,
        "name": "Estropajos Fibra Verde Frotaspon Duplo SPONTEX",
        "price": 2.45,
        "price_kilo": 1.23,
        "slug": "estropajos-fibra-verde-frotaspon-duplo",
        "description": "Estropajos Fibra Verde Frotaspon Duplo 2 U",
        "image": "https:\/\/cdn-consum.aktiosdigitalservices.com\/tol\/consum\/media\/product\/img\/300x300\/819581.jpg?t=20250227090059"
    },
    {
        "id": 5141,
        "name": "Chocolate con Leche y Almendras VALOR",
        "price": 4.95,
        "price_kilo": 19.8,
        "slug": "chocolate-con-leche-y-almendras",
        "description": "Chocolate con Leche y Almendras 250 Gr",
        "image": "https:\/\/cdn-consum.aktiosdigitalservices.com\/tol\/consum\/media\/product\/img\/300x300\/825307.jpg?t=20250313075835"
    },
    {
        "id": 5142,
        "name": "Cacao Soluble 6 Raciones Individuales COLA CAO",
        "price": 2.89,
        "price_kilo": 26.76,
        "slug": "cacao-soluble-6-raciones-individuales",
        "description": "Cacao Soluble 6 Raciones Individuales 108 Gr",
        "image": "https:\/\/cdn-consum.aktiosdigitalservices.com\/tol\/consum\/media\/product\/img\/300x300\/825505.jpg?t=20250311132922"
    },
    {
        "id": 5149,
        "name": "Galletas Tostada FLORA",
        "price": 2.99,
        "price_kilo": 6.64,
        "slug": "galletas-tostada",
        "description": "Galletas Tostada 450 Gr",
        "image": "https:\/\/cdn-consum.aktiosdigitalservices.com\/tol\/consum\/media\/product\/img\/300x300\/845867.jpg?t=20250311132924"
    },
    {
        "id": 5151,
        "name": "Hojas de Boldo 20 Bolsitas POMPADOUR",
        "price": 2.79,
        "price_kilo": 0.14,
        "slug": "hojas-de-boldo-20-bolsitas",
        "description": "Hojas de Boldo 20 Bolsitas 20 U",
        "image": "https:\/\/cdn-consum.aktiosdigitalservices.com\/tol\/consum\/media\/product\/img\/300x300\/860536.jpg?t=20250312155727"
    },
    {
        "id": 5152,
        "name": "Infusi\u00f3n de Hinojo 20 Bolsitas POMPADOUR",
        "price": 2.79,
        "price_kilo": 0.14,
        "slug": "infusion-de-hinojo-20-bolsitas",
        "description": "Infusi\u00f3n de Hinojo 20 Bolsitas 20 U",
        "image": "https:\/\/cdn-consum.aktiosdigitalservices.com\/tol\/consum\/media\/product\/img\/300x300\/860643.jpg?t=20250312155729"
    },
    {
        "id": 5153,
        "name": "Refresco Naranja sin Gas Lata TRINA",
        "price": 0.66,
        "price_kilo": 2,
        "slug": "refresco-naranja-sin-gas-lata",
        "description": "Refresco Naranja sin Gas Lata 0,33 L",
        "image": "https:\/\/cdn-consum.aktiosdigitalservices.com\/tol\/consum\/media\/product\/img\/300x300\/860932.jpg?t=20250227090104"
    },
    {
        "id": 5154,
        "name": "Refresco Lim\u00f3n sin Gas Lata TRINA",
        "price": 0.66,
        "price_kilo": 2,
        "slug": "refresco-limon-sin-gas-lata",
        "description": "Refresco Lim\u00f3n sin Gas Lata 0,33 L",
        "image": "https:\/\/cdn-consum.aktiosdigitalservices.com\/tol\/consum\/media\/product\/img\/300x300\/860940.jpg?t=20250227090106"
    },
    {
        "id": 5156,
        "name": "Sopinstant Crema y Pollo Caja G.BLANCA",
        "price": 1.45,
        "price_kilo": 23.02,
        "slug": "sopinstant-crema-y-pollo-caja",
        "description": "Sopinstant Crema y Pollo Caja 63 Gr",
        "image": "https:\/\/cdn-consum.aktiosdigitalservices.com\/tol\/consum\/media\/product\/img\/300x300\/862870.jpg?t=20241217080953"
    },
    {
        "id": 5157,
        "name": "Suisse Chololate Pack de 6 Unidades NESQUIK",
        "price": 1.85,
        "price_kilo": 5.14,
        "slug": "suisse-chololate-pack-de-6-unidades",
        "description": "Suisse Chololate Pack de 6 Unidades 6 x 60 Gr",
        "image": "https:\/\/cdn-consum.aktiosdigitalservices.com\/tol\/consum\/media\/product\/img\/300x300\/866327.jpg?t=20250101080115"
    },
    {
        "id": 5160,
        "name": "Vino Tinto Crianza D.O.Utiel-Requena V.ENTERIZO",
        "price": 2.75,
        "price_kilo": 3.67,
        "slug": "vino-tinto-crianza-doutiel-requena",
        "description": "Vino Tinto Crianza D.O.Utiel-Requena 0,75 L",
        "image": "https:\/\/cdn-consum.aktiosdigitalservices.com\/tol\/consum\/media\/product\/img\/300x300\/904540.jpg?t=20250312092740"
    },
    {
        "id": 5164,
        "name": "Pelota de Cocido CONSUM",
        "price": 1.66,
        "price_kilo": 8.29,
        "slug": "pelota-de-cocido",
        "description": "Pelota de Cocido",
        "image": "https:\/\/cdn-consum.aktiosdigitalservices.com\/tol\/consum\/media\/product\/img\/300x300\/922567.jpg?t=20250101080119"
    },
    {
        "id": 5169,
        "name": "Preparado para Cocido DADYMA",
        "price": 7.99,
        "price_kilo": 7.99,
        "slug": "preparado-para-cocido",
        "description": "Preparado para Cocido",
        "image": "https:\/\/cdn-consum.aktiosdigitalservices.com\/tol\/consum\/media\/product\/img\/300x300\/927541.jpg?t=20250121075806"
    },
    {
        "id": 5171,
        "name": "Fartons Tradicionales Paquete 6 Unidades. POLO",
        "price": 1.3,
        "price_kilo": 10.83,
        "slug": "fartons-tradicionales-paquete-6-unidades",
        "description": "Fartons Tradicionales Paquete 6 Unidades.120 Gr",
        "image": "https:\/\/cdn-consum.aktiosdigitalservices.com\/tol\/consum\/media\/product\/img\/300x300\/931972.jpg?t=20250312092740"
    },
    {
        "id": 5174,
        "name": "Queso Burgo de Arias Pack de 3 Unidades ARIAS",
        "price": 3.19,
        "price_kilo": 14.77,
        "slug": "queso-burgo-de-arias-pack-de-3-unidades",
        "description": "Queso Burgo de Arias Pack de 3 Unidades 3 x 72 Gr",
        "image": "https:\/\/cdn-consum.aktiosdigitalservices.com\/tol\/consum\/media\/product\/img\/300x300\/937243.jpg?t=20250206090235"
    },
    {
        "id": 5175,
        "name": "Queso Rallado 4 Quesos 100% Natural EL CASERIO",
        "price": 2.99,
        "price_kilo": 24.92,
        "slug": "queso-rallado-4-quesos-100-natural",
        "description": "Queso Rallado 4 Quesos 100% Natural 120 Gr",
        "image": "https:\/\/cdn-consum.aktiosdigitalservices.com\/tol\/consum\/media\/product\/img\/300x300\/938209.jpg?t=20250312124846"
    },
    {
        "id": 5176,
        "name": "Confitura Diet Melocot\u00f3n HERO",
        "price": 2.69,
        "price_kilo": 9.61,
        "slug": "confitura-diet-melocoton",
        "description": "Confitura Diet Melocot\u00f3n 280 Gr",
        "image": "https:\/\/cdn-consum.aktiosdigitalservices.com\/tol\/consum\/media\/product\/img\/300x300\/941096.jpg?t=20250311103458"
    },
    {
        "id": 5177,
        "name": "Jud\u00edas Finas Frasco BONDUELLE",
        "price": 3.19,
        "price_kilo": 8.86,
        "slug": "judias-finas-frasco",
        "description": "Jud\u00edas Finas Frasco 360 Gr",
        "image": "https:\/\/cdn-consum.aktiosdigitalservices.com\/tol\/consum\/media\/product\/img\/300x300\/941401.jpg?t=20250318075750"
    },
    {
        "id": 5178,
        "name": "Crema de Almendras ALMENDRINA",
        "price": 6.99,
        "price_kilo": 7.77,
        "slug": "crema-de-almendras",
        "description": "Crema de Almendras 900 Gr",
        "image": "https:\/\/cdn-consum.aktiosdigitalservices.com\/tol\/consum\/media\/product\/img\/300x300\/942227.jpg?t=20250311103501"
    },
    {
        "id": 5179,
        "name": "Malta Molida MIGUELETE",
        "price": 1.75,
        "price_kilo": 3.5,
        "slug": "malta-molida",
        "description": "Malta Molida 500 Gr",
        "image": "https:\/\/cdn-consum.aktiosdigitalservices.com\/tol\/consum\/media\/product\/img\/300x300\/942508.jpg?t=20250311103502"
    },
    {
        "id": 5180,
        "name": "Tomate Troceado Lata BELTORO",
        "price": 1.45,
        "price_kilo": 3.72,
        "slug": "tomate-troceado-lata",
        "description": "Tomate Troceado Lata 390 Gr",
        "image": "https:\/\/cdn-consum.aktiosdigitalservices.com\/tol\/consum\/media\/product\/img\/300x300\/946293.jpg?t=20250320075659"
    },
    {
        "id": 5181,
        "name": "Tomate Frito Frasco SOLIS",
        "price": 1.49,
        "price_kilo": 4.14,
        "slug": "tomate-frito-frasco",
        "description": "Tomate Frito Frasco 360 Gr",
        "image": "https:\/\/cdn-consum.aktiosdigitalservices.com\/tol\/consum\/media\/product\/img\/300x300\/946301.jpg?t=20250312092740"
    },
    {
        "id": 5182,
        "name": "Turr\u00f3n Viena Pack de 6 MEIVEL",
        "price": 2.55,
        "price_kilo": 14.17,
        "slug": "turron-viena-pack-de-6",
        "description": "Turr\u00f3n Viena Pack de 6 6 x 30 Gr",
        "image": "https:\/\/cdn-consum.aktiosdigitalservices.com\/tol\/consum\/media\/product\/img\/300x300\/947739.jpg?t=20250320075701"
    },
    {
        "id": 5183,
        "name": "Gasificante Especial Para Boller\u00eda LA BANDERA",
        "price": 0.55,
        "price_kilo": 1.39,
        "slug": "gasificante-especial-para-bolleria",
        "description": "Gasificante Especial Para Boller\u00eda 39,5 Gr",
        "image": "https:\/\/cdn-consum.aktiosdigitalservices.com\/tol\/consum\/media\/product\/img\/300x300\/948513.jpg?t=20250311103509"
    },
    {
        "id": 5185,
        "name": "Tomate Frito Lata HIDA",
        "price": 1.75,
        "price_kilo": 4.38,
        "slug": "tomate-frito-lata",
        "description": "Tomate Frito Lata 400 Gr",
        "image": "https:\/\/cdn-consum.aktiosdigitalservices.com\/tol\/consum\/media\/product\/img\/300x300\/951371.jpg?t=20241217080955"
    },
    {
        "id": 5186,
        "name": "Pisto con Verduras Lata HIDA",
        "price": 1.99,
        "price_kilo": 4.98,
        "slug": "pisto-con-verduras-lata",
        "description": "Pisto con Verduras Lata 400 Gr",
        "image": "https:\/\/cdn-consum.aktiosdigitalservices.com\/tol\/consum\/media\/product\/img\/300x300\/951389.jpg?t=20250213075726"
    },
    {
        "id": 5188,
        "name": "Limpi\u00f3n Lavadoras OCHOSA\/ASEVI",
        "price": 1.99,
        "price_kilo": 1.99,
        "slug": "limpion-lavadoras",
        "description": "Limpi\u00f3n Lavadoras 1 Kg",
        "image": "https:\/\/cdn-consum.aktiosdigitalservices.com\/tol\/consum\/media\/product\/img\/300x300\/959411.jpg?t=20241217080955"
    },
    {
        "id": 5189,
        "name": "Galletas Artinata ARTIACH",
        "price": 2.55,
        "price_kilo": 12.14,
        "slug": "galletas-artinata",
        "description": "Galletas Artinata 210 Gr",
        "image": "https:\/\/cdn-consum.aktiosdigitalservices.com\/tol\/consum\/media\/product\/img\/300x300\/959452.jpg?t=20250311103511"
    },
    {
        "id": 5190,
        "name": "Barra R\u00fastica ",
        "price": 0.86,
        "price_kilo": 3.51,
        "slug": "barra-rustica",
        "description": "Barra R\u00fastica 245 Gr",
        "image": "https:\/\/cdn-consum.aktiosdigitalservices.com\/tol\/consum\/media\/product\/img\/300x300\/959945.jpg?t=20250107075615"
    },
    {
        "id": 5191,
        "name": "Cebolla Seca Malla Tubo ",
        "price": 2.4,
        "price_kilo": 2.4,
        "slug": "cebolla-seca-malla-tubo",
        "description": "Cebolla Seca Malla Tubo 1 Kg",
        "image": "https:\/\/cdn-consum.aktiosdigitalservices.com\/tol\/consum\/media\/product\/img\/300x300\/961342.jpg?t=20250318080931"
    },
    {
        "id": 5192,
        "name": "S\u00e9mola de Arroz Paquete REX",
        "price": 0.99,
        "price_kilo": 1.98,
        "slug": "semola-de-arroz-paquete",
        "description": "S\u00e9mola de Arroz Paquete 500 Gr",
        "image": "https:\/\/cdn-consum.aktiosdigitalservices.com\/tol\/consum\/media\/product\/img\/300x300\/965504.jpg?t=20250228075712"
    },
    {
        "id": 5193,
        "name": "Tomate en Rama ",
        "price": 0.34,
        "price_kilo": 2.29,
        "slug": "tomate-en-rama",
        "description": "Tomate en Rama",
        "image": "https:\/\/cdn-consum.aktiosdigitalservices.com\/tol\/consum\/media\/product\/img\/300x300\/968953.jpg?t=20250322075722"
    },
    {
        "id": 5197,
        "name": "Filete Primera A de A\u00f1ojo CONSUM",
        "price": 5.9,
        "price_kilo": 19.65,
        "slug": "filete-primera-a-de-anojo",
        "description": "Filete Primera A de A\u00f1ojo",
        "image": "https:\/\/cdn-consum.aktiosdigitalservices.com\/tol\/consum\/media\/product\/img\/300x300\/991567.jpg?t=20250312124856"
    },
    {
        "id": 5200,
        "name": "Vino Tinto Selecci\u00f3n Oro Vino de la Tierra Castill BERBERANA",
        "price": 4.89,
        "price_kilo": 6.52,
        "slug": "vino-tinto-seleccion-oro-vino-de-la-tierra-castill",
        "description": "Vino Tinto Selecci\u00f3n Oro Vino de la Tierra Castill 0,75 L",
        "image": "https:\/\/cdn-consum.aktiosdigitalservices.com\/tol\/consum\/media\/product\/img\/300x300\/1075100.jpg?t=20250227090139"
    },
    {
        "id": 5201,
        "name": "T\u00e9 Verde 25 Bolsitas POMPADOUR",
        "price": 2.79,
        "price_kilo": 0.11,
        "slug": "te-verde-25-bolsitas",
        "description": "T\u00e9 Verde 25 Bolsitas 25 U",
        "image": "https:\/\/cdn-consum.aktiosdigitalservices.com\/tol\/consum\/media\/product\/img\/300x300\/1178698.jpg?t=20250311133003"
    },
    {
        "id": 5202,
        "name": "Cerveza sin Alcohol 0,0 Pack de 6 Botellas SAN MIGUEL",
        "price": 3.36,
        "price_kilo": 2.24,
        "slug": "cerveza-sin-alcohol-00-pack-de-6-botellas",
        "description": "Cerveza sin Alcohol 0,0 Pack de 6 Botellas 6 x 0,25 L",
        "image": "https:\/\/cdn-consum.aktiosdigitalservices.com\/tol\/consum\/media\/product\/img\/300x300\/1185743.jpg?t=20250227090141"
    },
    {
        "id": 5204,
        "name": "Agua Mineral Natural Tap\u00f3n Rosca FONT VELLA",
        "price": 0.67,
        "price_kilo": 1.34,
        "slug": "agua-mineral-natural-tapon-rosca",
        "description": "Agua Mineral Natural Tap\u00f3n Rosca 0,5 L",
        "image": "https:\/\/cdn-consum.aktiosdigitalservices.com\/tol\/consum\/media\/product\/img\/300x300\/1191998.jpg?t=20250204080007"
    },
    {
        "id": 5205,
        "name": "Agua Mineral Natural FONT VELLA",
        "price": 0.54,
        "price_kilo": 1.64,
        "slug": "agua-mineral-natural",
        "description": "Agua Mineral Natural 0,33 L",
        "image": "https:\/\/cdn-consum.aktiosdigitalservices.com\/tol\/consum\/media\/product\/img\/300x300\/1192004.jpg?t=20250227090143"
    },
    {
        "id": 5206,
        "name": "Cerveza Original Botella DESPERADOS",
        "price": 1.49,
        "price_kilo": 4.52,
        "slug": "cerveza-original-botella",
        "description": "Cerveza Original Botella 0,33 L",
        "image": "https:\/\/cdn-consum.aktiosdigitalservices.com\/tol\/consum\/media\/product\/img\/300x300\/1202464.jpg?t=20250227090145"
    },
    {
        "id": 5207,
        "name": "Tarrito Ternera con Zanahoria Baby HERO",
        "price": 1.75,
        "price_kilo": 7.45,
        "slug": "tarrito-ternera-con-zanahoria-baby",
        "description": "Tarrito Ternera con Zanahoria Baby 235 Gr",
        "image": "https:\/\/cdn-consum.aktiosdigitalservices.com\/tol\/consum\/media\/product\/img\/300x300\/1230390.jpg?t=20250311133006"
    },
    {
        "id": 5208,
        "name": "Chocolate 85% Cacao Excellence LINDT",
        "price": 4.99,
        "price_kilo": 49.9,
        "slug": "chocolate-85-cacao-excellence",
        "description": "Chocolate 85% Cacao Excellence 100 Gr",
        "image": "https:\/\/cdn-consum.aktiosdigitalservices.com\/tol\/consum\/media\/product\/img\/300x300\/1368042.jpg?t=20250311133012"
    },
    {
        "id": 5209,
        "name": "Refresco Naranja Botella FANTA",
        "price": 1.49,
        "price_kilo": 2.98,
        "slug": "refresco-naranja-botella",
        "description": "Refresco Naranja Botella 0,5 L",
        "image": "https:\/\/cdn-consum.aktiosdigitalservices.com\/tol\/consum\/media\/product\/img\/300x300\/1405828.jpg?t=20250228075726"
    },
    {
        "id": 5210,
        "name": "Aceitunas Manzanilla sin Hueso  Bolsa JOLCA",
        "price": 0.95,
        "price_kilo": 12.67,
        "slug": "aceitunas-manzanilla-sin-hueso-bolsa",
        "description": "Aceitunas Manzanilla sin Hueso  Bolsa 75 Gr",
        "image": "https:\/\/cdn-consum.aktiosdigitalservices.com\/tol\/consum\/media\/product\/img\/300x300\/1414812.jpg?t=20250318075807"
    },
    {
        "id": 5211,
        "name": "Pizza Mediterr\u00e1nea TARRADELLAS",
        "price": 3.19,
        "price_kilo": 7.78,
        "slug": "pizza-mediterranea",
        "description": "Pizza Mediterr\u00e1nea 410 Gr",
        "image": "https:\/\/cdn-consum.aktiosdigitalservices.com\/tol\/consum\/media\/product\/img\/300x300\/1439116.jpg?t=20241217080956"
    },
    {
        "id": 5214,
        "name": "Leche Fresca Entera Botella PULEVA",
        "price": 2.5,
        "price_kilo": 1.67,
        "slug": "leche-fresca-entera-botella",
        "description": "Leche Fresca Entera Botella 1,5 L",
        "image": "https:\/\/cdn-consum.aktiosdigitalservices.com\/tol\/consum\/media\/product\/img\/300x300\/1463843.jpg?t=20250313075902"
    },
    {
        "id": 5217,
        "name": "Chicles Stick Sabor Hierbabuena TRIDENT",
        "price": 1.1,
        "price_kilo": 8.15,
        "slug": "chicles-stick-sabor-hierbabuena",
        "description": "Chicles Stick Sabor Hierbabuena 13,5 Gr",
        "image": "https:\/\/cdn-consum.aktiosdigitalservices.com\/tol\/consum\/media\/product\/img\/300x300\/1531003.jpg?t=20250311123959"
    },
    {
        "id": 5219,
        "name": "Preparado L\u00e1cteo Folic B Semidesnatado FLORA",
        "price": 1.99,
        "price_kilo": 1.99,
        "slug": "preparado-lacteo-folic-b-semidesnatado",
        "description": "Preparado L\u00e1cteo Folic B Semidesnatado 1 L",
        "image": "https:\/\/cdn-consum.aktiosdigitalservices.com\/tol\/consum\/media\/product\/img\/300x300\/1686070.jpg?t=20250311103559"
    },
    {
        "id": 5221,
        "name": "Longaniza Extra CONSUM",
        "price": 3.1,
        "price_kilo": 6.89,
        "slug": "longaniza-extra",
        "description": "Longaniza Extra",
        "image": "https:\/\/cdn-consum.aktiosdigitalservices.com\/tol\/consum\/media\/product\/img\/300x300\/1714799.jpg?t=20250225075730"
    },
    {
        "id": 5224,
        "name": "Cerveza sin Alcohol Lata MAHOU",
        "price": 0.75,
        "price_kilo": 2.27,
        "slug": "cerveza-sin-alcohol-lata",
        "description": "Cerveza sin Alcohol Lata 0,33 L",
        "image": "https:\/\/cdn-consum.aktiosdigitalservices.com\/tol\/consum\/media\/product\/img\/300x300\/1793942.jpg?t=20250205075843"
    },
    {
        "id": 5229,
        "name": "Kiwi verde ",
        "price": 0.43,
        "price_kilo": 3.59,
        "slug": "kiwi-verde",
        "description": "Kiwi verde",
        "image": "https:\/\/cdn-consum.aktiosdigitalservices.com\/tol\/consum\/media\/product\/img\/300x300\/1934918.jpg?t=20250322075742"
    },
    {
        "id": 5230,
        "name": "Crema de Camembert Tarrina PRESIDENT",
        "price": 1.95,
        "price_kilo": 15.6,
        "slug": "crema-de-camembert-tarrina",
        "description": "Crema de Camembert Tarrina 125 Gr",
        "image": "https:\/\/cdn-consum.aktiosdigitalservices.com\/tol\/consum\/media\/product\/img\/300x300\/2000362.jpg?t=20250227090202"
    },
    {
        "id": 5231,
        "name": "Sobrasada Tradicional ZAGAL",
        "price": 2.85,
        "price_kilo": 14.25,
        "slug": "sobrasada-tradicional",
        "description": "Sobrasada Tradicional 200 Gr",
        "image": "https:\/\/cdn-consum.aktiosdigitalservices.com\/tol\/consum\/media\/product\/img\/300x300\/2013290.jpg?t=20250206090351"
    },
    {
        "id": 5234,
        "name": "Cogollos 3 Unidades Peso Aprox. 330  Gr. ",
        "price": 1.19,
        "price_kilo": 3.61,
        "slug": "cogollos-3-unidades-peso-aprox-330-gr",
        "description": "Cogollos 3 Unidades Peso Aprox. 330  Gr. 0,33 Kg",
        "image": "https:\/\/cdn-consum.aktiosdigitalservices.com\/tol\/consum\/media\/product\/img\/300x300\/2124386.jpg?t=20250312124925"
    },
    {
        "id": 5236,
        "name": "Brocheta de Pollo CONSUM",
        "price": 2.89,
        "price_kilo": 9.03,
        "slug": "brocheta-de-pollo",
        "description": "Brocheta de Pollo 320 Gr",
        "image": "https:\/\/cdn-consum.aktiosdigitalservices.com\/tol\/consum\/media\/product\/img\/300x300\/2160893.jpg?t=20250318075824"
    },
    {
        "id": 5240,
        "name": "Galletas Mini con gotas de Chocolate CHIPS AHOY",
        "price": 1.99,
        "price_kilo": 12.44,
        "slug": "galletas-mini-con-gotas-de-chocolate",
        "description": "Galletas Mini con gotas de Chocolate 160 Gr",
        "image": "https:\/\/cdn-consum.aktiosdigitalservices.com\/tol\/consum\/media\/product\/img\/300x300\/2366466.jpg?t=20250311103615"
    },
    {
        "id": 5245,
        "name": "Az\u00facar Blanco Paquete AZUCARERA",
        "price": 1.1,
        "price_kilo": 1.1,
        "slug": "azucar-blanco-paquete",
        "description": "Az\u00facar Blanco Paquete 1 Kg",
        "image": "https:\/\/cdn-consum.aktiosdigitalservices.com\/tol\/consum\/media\/product\/img\/300x300\/2453884.jpg?t=20250312092741"
    },
    {
        "id": 5246,
        "name": "Comida H\u00fameda Gatos Gourmet Gold Pollo GOURMET",
        "price": 0.89,
        "price_kilo": 10.47,
        "slug": "comida-humeda-gatos-gourmet-gold-pollo",
        "description": "Comida H\u00fameda Gatos Gourmet Gold Pollo 85 Gr",
        "image": "https:\/\/cdn-consum.aktiosdigitalservices.com\/tol\/consum\/media\/product\/img\/300x300\/2536688.jpg?t=20250227090210"
    },
    {
        "id": 5247,
        "name": "Comida H\u00fameda Gatos Gourmet Gold Pescado GOURMET",
        "price": 0.89,
        "price_kilo": 10.47,
        "slug": "comida-humeda-gatos-gourmet-gold-pescado",
        "description": "Comida H\u00fameda Gatos Gourmet Gold Pescado 85 Gr",
        "image": "https:\/\/cdn-consum.aktiosdigitalservices.com\/tol\/consum\/media\/product\/img\/300x300\/2536704.jpg?t=20250207075737"
    },
    {
        "id": 5248,
        "name": "Agua Mineral Natural Tap\u00f3n Sport AQUAREL",
        "price": 0.52,
        "price_kilo": 1.58,
        "slug": "agua-mineral-natural-tapon-sport",
        "description": "Agua Mineral Natural Tap\u00f3n Sport 0,33 L",
        "image": "https:\/\/cdn-consum.aktiosdigitalservices.com\/tol\/consum\/media\/product\/img\/300x300\/2569838.jpg?t=20250204080030"
    },
    {
        "id": 5249,
        "name": "Agua Mineral Natural Garrafa AQUAREL",
        "price": 1.79,
        "price_kilo": 0.36,
        "slug": "agua-mineral-natural-garrafa",
        "description": "Agua Mineral Natural Garrafa 5 L",
        "image": "https:\/\/cdn-consum.aktiosdigitalservices.com\/tol\/consum\/media\/product\/img\/300x300\/2569861.jpg?t=20250204080031"
    },
    {
        "id": 5251,
        "name": "Ajos Secos Malla ",
        "price": 1.85,
        "price_kilo": 7.4,
        "slug": "ajos-secos-malla",
        "description": "Ajos Secos Malla 250 Gr",
        "image": "https:\/\/cdn-consum.aktiosdigitalservices.com\/tol\/consum\/media\/product\/img\/300x300\/2600815.jpg?t=20250207075741"
    },
    {
        "id": 5252,
        "name": "Br\u00f3coli Manojo ",
        "price": 1.49,
        "price_kilo": 2.98,
        "slug": "brocoli-manojo",
        "description": "Br\u00f3coli Manojo 500 Gr",
        "image": "https:\/\/cdn-consum.aktiosdigitalservices.com\/tol\/consum\/media\/product\/img\/300x300\/2600823.jpg?t=20250312124935"
    },
    {
        "id": 5253,
        "name": "Pizza Carbonara TARRADELLAS",
        "price": 3.19,
        "price_kilo": 7.98,
        "slug": "pizza-carbonara",
        "description": "Pizza Carbonara 400 Gr",
        "image": "https:\/\/cdn-consum.aktiosdigitalservices.com\/tol\/consum\/media\/product\/img\/300x300\/2633238.jpg?t=20241217080957"
    },
    {
        "id": 5254,
        "name": "Caf\u00e9 Creme Express Molido MARCILLA",
        "price": 4.95,
        "price_kilo": 19.8,
        "slug": "cafe-creme-express-molido",
        "description": "Caf\u00e9 Creme Express Molido 250 Gr",
        "image": "https:\/\/cdn-consum.aktiosdigitalservices.com\/tol\/consum\/media\/product\/img\/300x300\/2633303.jpg?t=20250312155807"
    },
    {
        "id": 5255,
        "name": "Tortas de Gazpacho Paquete PASTOR",
        "price": 0.62,
        "price_kilo": 3.44,
        "slug": "tortas-de-gazpacho-paquete",
        "description": "Tortas de Gazpacho Paquete 180 Gr",
        "image": "https:\/\/cdn-consum.aktiosdigitalservices.com\/tol\/consum\/media\/product\/img\/300x300\/2659480.jpg?t=20250322075747"
    },
    {
        "id": 5256,
        "name": "Crema Antiarrugas Q10 de Noche NIVEA",
        "price": 9.59,
        "price_kilo": 19.18,
        "slug": "crema-antiarrugas-q10-de-noche",
        "description": "Crema Antiarrugas Q10 de Noche 50 ml",
        "image": "https:\/\/cdn-consum.aktiosdigitalservices.com\/tol\/consum\/media\/product\/img\/300x300\/2659803.jpg?t=20250313075915"
    },
    {
        "id": 5257,
        "name": "Bolsa de Serr\u00edn 1 kg A.LEVANTE",
        "price": 0.75,
        "price_kilo": 0.75,
        "slug": "bolsa-de-serrin-1-kg",
        "description": "Bolsa de Serr\u00edn 1 kg 1 U",
        "image": "https:\/\/cdn-consum.aktiosdigitalservices.com\/tol\/consum\/media\/product\/img\/300x300\/2700029.jpg?t=20250207075744"
    },
    {
        "id": 5258,
        "name": "Muesli sin Az\u00facar ALPEN",
        "price": 4.89,
        "price_kilo": 8.73,
        "slug": "muesli-sin-azucar",
        "description": "Muesli sin Az\u00facar 560 Gr",
        "image": "https:\/\/cdn-consum.aktiosdigitalservices.com\/tol\/consum\/media\/product\/img\/300x300\/2715118.jpg?t=20250311103627"
    },
    {
        "id": 5259,
        "name": "H\u00e9lices Ensaladas Paquete GALLO",
        "price": 1.78,
        "price_kilo": 3.96,
        "slug": "helices-ensaladas-paquete",
        "description": "H\u00e9lices Ensaladas Paquete 450 Gr",
        "image": "https:\/\/cdn-consum.aktiosdigitalservices.com\/tol\/consum\/media\/product\/img\/300x300\/2717163.jpg?t=20250319075716"
    },
    {
        "id": 5262,
        "name": "Caf\u00e9 Natural Molido Solidario OXFAM",
        "price": 3.89,
        "price_kilo": 15.56,
        "slug": "cafe-natural-molido-solidario",
        "description": "Caf\u00e9 Natural Molido Solidario 250 Gr",
        "image": "https:\/\/cdn-consum.aktiosdigitalservices.com\/tol\/consum\/media\/product\/img\/300x300\/2725885.jpg?t=20250312155809"
    },
    {
        "id": 5264,
        "name": "Crema Age Perfect Noche L'OREAL",
        "price": 9.99,
        "price_kilo": 19.98,
        "slug": "crema-age-perfect-noche",
        "description": "Crema Age Perfect Noche 50 ml",
        "image": "https:\/\/cdn-consum.aktiosdigitalservices.com\/tol\/consum\/media\/product\/img\/300x300\/2826436.jpg?t=20250206090404"
    },
    {
        "id": 5265,
        "name": "Crema Age Perfect D\u00eda L'OREAL",
        "price": 9.99,
        "price_kilo": 19.98,
        "slug": "crema-age-perfect-dia",
        "description": "Crema Age Perfect D\u00eda 50 ml",
        "image": "https:\/\/cdn-consum.aktiosdigitalservices.com\/tol\/consum\/media\/product\/img\/300x300\/2826568.jpg?t=20250206090406"
    },
    {
        "id": 5270,
        "name": "Caf\u00e9 Grano Natural BONKA",
        "price": 8.95,
        "price_kilo": 17.9,
        "slug": "cafe-grano-natural",
        "description": "Caf\u00e9 Grano Natural 500 Gr",
        "image": "https:\/\/cdn-consum.aktiosdigitalservices.com\/tol\/consum\/media\/product\/img\/300x300\/3000072.jpg?t=20250311103635"
    },
    {
        "id": 5272,
        "name": "Burger Americana 2 Unidades ROLER",
        "price": 3.99,
        "price_kilo": 13.3,
        "slug": "burger-americana-2-unidades",
        "description": "Burger Americana 2 Unidades 300 Gr",
        "image": "https:\/\/cdn-consum.aktiosdigitalservices.com\/tol\/consum\/media\/product\/img\/300x300\/3053253.jpg?t=20250318075833"
    },
    {
        "id": 5274,
        "name": "Vino Tino Reserva D.O.Mancha ESTOLA",
        "price": 3.99,
        "price_kilo": 5.32,
        "slug": "vino-tino-reserva-domancha",
        "description": "Vino Tino Reserva D.O.Mancha 0,75 L",
        "image": "https:\/\/cdn-consum.aktiosdigitalservices.com\/tol\/consum\/media\/product\/img\/300x300\/3068137.jpg?t=20250220075948"
    },
    {
        "id": 5275,
        "name": "Vino Blanco D.O.Alicante MARINA ALTA",
        "price": 4.95,
        "price_kilo": 6.6,
        "slug": "vino-blanco-doalicante",
        "description": "Vino Blanco D.O.Alicante 0,75 L",
        "image": "https:\/\/cdn-consum.aktiosdigitalservices.com\/tol\/consum\/media\/product\/img\/300x300\/3087517.jpg?t=20241217080957"
    },
    {
        "id": 5277,
        "name": "Morcilla de Burgos MARI PAZ",
        "price": 1.58,
        "price_kilo": 5.96,
        "slug": "morcilla-de-burgos",
        "description": "Morcilla de Burgos 265 Gr",
        "image": "https:\/\/cdn-consum.aktiosdigitalservices.com\/tol\/consum\/media\/product\/img\/300x300\/3189669.jpg?t=20241217080957"
    },
    {
        "id": 5279,
        "name": "Allioli Mortero CHOVI",
        "price": 1.45,
        "price_kilo": 8.06,
        "slug": "allioli-mortero",
        "description": "Allioli Mortero 180 ml",
        "image": "https:\/\/cdn-consum.aktiosdigitalservices.com\/tol\/consum\/media\/product\/img\/300x300\/3233954.jpg?t=20250312124947"
    },
    {
        "id": 5280,
        "name": "Refresco Cola Bipack Indivisible COCA-COLA",
        "price": 4,
        "price_kilo": 1,
        "slug": "refresco-cola-bipack-indivisible",
        "description": "Refresco Cola Bipack Indivisible 2 x 2 L",
        "image": "https:\/\/cdn-consum.aktiosdigitalservices.com\/tol\/consum\/media\/product\/img\/300x300\/3278231.jpg?t=20250319075722"
    },
    {
        "id": 5284,
        "name": "Solomillo de Cerdo CONSUM",
        "price": 4.4,
        "price_kilo": 8.8,
        "slug": "solomillo-de-cerdo",
        "description": "Solomillo de Cerdo",
        "image": "https:\/\/cdn-consum.aktiosdigitalservices.com\/tol\/consum\/media\/product\/img\/300x300\/3339975.jpg?t=20241231075709"
    },
    {
        "id": 5286,
        "name": "Cerveza sin Alcohol 0,0 Lata SAN MIGUEL",
        "price": 0.73,
        "price_kilo": 2.21,
        "slug": "cerveza-sin-alcohol-00-lata",
        "description": "Cerveza sin Alcohol 0,0 Lata 0,33 L",
        "image": "https:\/\/cdn-consum.aktiosdigitalservices.com\/tol\/consum\/media\/product\/img\/300x300\/3347358.jpg?t=20250227090226"
    },
    {
        "id": 5287,
        "name": "Chuleta Lomo de Cerdo CONSUM",
        "price": 3.64,
        "price_kilo": 6.59,
        "slug": "chuleta-lomo-de-cerdo",
        "description": "Chuleta Lomo de Cerdo",
        "image": "https:\/\/cdn-consum.aktiosdigitalservices.com\/tol\/consum\/media\/product\/img\/300x300\/3347499.jpg?t=20241231075712"
    },
    {
        "id": 5289,
        "name": "Costilla de Cerdo CONSUM",
        "price": 4.81,
        "price_kilo": 7.99,
        "slug": "costilla-de-cerdo",
        "description": "Costilla de Cerdo",
        "image": "https:\/\/cdn-consum.aktiosdigitalservices.com\/tol\/consum\/media\/product\/img\/300x300\/3347556.jpg?t=20241231075716"
    },
    {
        "id": 5290,
        "name": "Filetes Panceta de Cerdo CONSUM",
        "price": 3.5,
        "price_kilo": 6.99,
        "slug": "filetes-panceta-de-cerdo",
        "description": "Filetes Panceta de Cerdo",
        "image": "https:\/\/cdn-consum.aktiosdigitalservices.com\/tol\/consum\/media\/product\/img\/300x300\/3347564.jpg?t=20241231075718"
    },
    {
        "id": 5291,
        "name": "Estofado de Cerdo CONSUM",
        "price": 3.45,
        "price_kilo": 6.25,
        "slug": "estofado-de-cerdo",
        "description": "Estofado de Cerdo",
        "image": "https:\/\/cdn-consum.aktiosdigitalservices.com\/tol\/consum\/media\/product\/img\/300x300\/3347606.jpg?t=20241231075720"
    },
    {
        "id": 5292,
        "name": "Pata de Cerdo CONSUM",
        "price": 2.92,
        "price_kilo": 6.49,
        "slug": "pata-de-cerdo",
        "description": "Pata de Cerdo",
        "image": "https:\/\/cdn-consum.aktiosdigitalservices.com\/tol\/consum\/media\/product\/img\/300x300\/3347663.jpg?t=20241231075722"
    },
    {
        "id": 5295,
        "name": "Galletas Fibra FLORA",
        "price": 1.95,
        "price_kilo": 10.54,
        "slug": "galletas-fibra",
        "description": "Galletas Fibra 185 Gr",
        "image": "https:\/\/cdn-consum.aktiosdigitalservices.com\/tol\/consum\/media\/product\/img\/300x300\/3368420.jpg?t=20250311103643"
    },
    {
        "id": 5296,
        "name": "Uva Blanca sin Semillas ",
        "price": 2.59,
        "price_kilo": 5.18,
        "slug": "uva-blanca-sin-semillas",
        "description": "Uva Blanca sin Semillas 500 Gr",
        "image": "https:\/\/cdn-consum.aktiosdigitalservices.com\/tol\/consum\/media\/product\/img\/300x300\/3401502.jpg?t=20250318080932"
    },
    {
        "id": 5297,
        "name": "Leche Condensada LA LECHERA",
        "price": 3.55,
        "price_kilo": 7.89,
        "slug": "leche-condensada",
        "description": "Leche Condensada 450 Gr",
        "image": "https:\/\/cdn-consum.aktiosdigitalservices.com\/tol\/consum\/media\/product\/img\/300x300\/3434826.jpg?t=20250311103647"
    },
    {
        "id": 5298,
        "name": "Enjuague Bucal Mentol LISTERINE",
        "price": 5.35,
        "price_kilo": 1.07,
        "slug": "enjuague-bucal-mentol",
        "description": "Enjuague Bucal Mentol 500 ml",
        "image": "https:\/\/cdn-consum.aktiosdigitalservices.com\/tol\/consum\/media\/product\/img\/300x300\/3499043.jpg?t=20250227090230"
    },
    {
        "id": 5299,
        "name": "Tinte N\u00ba9 Rubio Claro Clarisimo LLONGUERAS",
        "price": 7.49,
        "price_kilo": 7.49,
        "slug": "tinte-n9-rubio-claro-clarisimo",
        "description": "Tinte N\u00ba9 Rubio Claro Clarisimo 1 U",
        "image": "https:\/\/cdn-consum.aktiosdigitalservices.com\/tol\/consum\/media\/product\/img\/300x300\/3507001.jpg?t=20250304104617"
    },
    {
        "id": 5300,
        "name": "Tinte N\u00ba8 Rubio LLONGUERAS",
        "price": 7.49,
        "price_kilo": 7.49,
        "slug": "tinte-n8-rubio",
        "description": "Tinte N\u00ba8 Rubio 1 U",
        "image": "https:\/\/cdn-consum.aktiosdigitalservices.com\/tol\/consum\/media\/product\/img\/300x300\/3507019.jpg?t=20250311164534"
    },
    {
        "id": 5302,
        "name": "Espuma Rizos Style FRUCTIS",
        "price": 3.49,
        "price_kilo": 1.16,
        "slug": "espuma-rizos-style",
        "description": "Espuma Rizos Style 300 ml",
        "image": "https:\/\/cdn-consum.aktiosdigitalservices.com\/tol\/consum\/media\/product\/img\/300x300\/3715232.jpg?t=20250206090427"
    },
    {
        "id": 5304,
        "name": "Queso Fresco Cassoleta Tarrina GRANJA RINYA",
        "price": 2.69,
        "price_kilo": 10.76,
        "slug": "queso-fresco-cassoleta-tarrina",
        "description": "Queso Fresco Cassoleta Tarrina 250 Gr",
        "image": "https:\/\/cdn-consum.aktiosdigitalservices.com\/tol\/consum\/media\/product\/img\/300x300\/3779436.jpg?t=20250206090431"
    },
    {
        "id": 5305,
        "name": "Preparado Arroz al Horno EMBUENA",
        "price": 5.22,
        "price_kilo": 7.99,
        "slug": "preparado-arroz-al-horno",
        "description": "Preparado Arroz al Horno",
        "image": "https:\/\/cdn-consum.aktiosdigitalservices.com\/tol\/consum\/media\/product\/img\/300x300\/3817145.jpg?t=20250313075922"
    },
    {
        "id": 5306,
        "name": "Bebida Isot\u00f3nica Ice Storm Botella POWERADE",
        "price": 1.49,
        "price_kilo": 2.98,
        "slug": "bebida-isotonica-ice-storm-botella",
        "description": "Bebida Isot\u00f3nica Ice Storm Botella 0,5 L",
        "image": "https:\/\/cdn-consum.aktiosdigitalservices.com\/tol\/consum\/media\/product\/img\/300x300\/3913001.jpg?t=20250227090237"
    },
    {
        "id": 5312,
        "name": "Pizza Jam\u00f3n y Queso Pack de 2 Unidades TARRADELLAS",
        "price": 3.19,
        "price_kilo": 7.25,
        "slug": "pizza-jamon-y-queso-pack-de-2-unidades",
        "description": "Pizza Jam\u00f3n y Queso Pack de 2 Unidades 2 x 220 Gr",
        "image": "https:\/\/cdn-consum.aktiosdigitalservices.com\/tol\/consum\/media\/product\/img\/300x300\/4222840.jpg?t=20241217080958"
    },
    {
        "id": 5313,
        "name": "Queso Fresco 0% Pack de 3 Unidades ARIAS",
        "price": 3.19,
        "price_kilo": 14.77,
        "slug": "queso-fresco-0-pack-de-3-unidades",
        "description": "Queso Fresco 0% Pack de 3 Unidades 3 x 72 Gr",
        "image": "https:\/\/cdn-consum.aktiosdigitalservices.com\/tol\/consum\/media\/product\/img\/300x300\/4237582.jpg?t=20250206090438"
    },
    {
        "id": 5316,
        "name": "Pechuga de Pavo Fin\u00edssimas CAMPOFR\u00cdO",
        "price": 1.95,
        "price_kilo": 16.96,
        "slug": "pechuga-de-pavo-finissimas",
        "description": "Pechuga de Pavo Fin\u00edssimas 115 Gr",
        "image": "https:\/\/cdn-consum.aktiosdigitalservices.com\/tol\/consum\/media\/product\/img\/300x300\/4382800.jpg?t=20250206090444"
    },
    {
        "id": 5317,
        "name": "Jam\u00f3n Cocido Fin\u00edssimas CAMPOFR\u00cdO",
        "price": 1.95,
        "price_kilo": 16.96,
        "slug": "jamon-cocido-finissimas",
        "description": "Jam\u00f3n Cocido Fin\u00edssimas 115 Gr",
        "image": "https:\/\/cdn-consum.aktiosdigitalservices.com\/tol\/consum\/media\/product\/img\/300x300\/4382818.jpg?t=20250206090447"
    },
    {
        "id": 5318,
        "name": "Gel Fijador Wet Look Fuerte FRUCTIS",
        "price": 2.75,
        "price_kilo": 1.1,
        "slug": "gel-fijador-wet-look-fuerte",
        "description": "Gel Fijador Wet Look Fuerte 250 ml",
        "image": "https:\/\/cdn-consum.aktiosdigitalservices.com\/tol\/consum\/media\/product\/img\/300x300\/4451027.jpg?t=20250312155826"
    },
    {
        "id": 5319,
        "name": "Apio Verde Manojo ",
        "price": 1.39,
        "price_kilo": 2.32,
        "slug": "apio-verde-manojo",
        "description": "Apio Verde Manojo Peso Aproximado 700 gr",
        "image": "https:\/\/cdn-consum.aktiosdigitalservices.com\/tol\/consum\/media\/product\/img\/300x300\/4461810.jpg?t=20250215075645"
    },
    {
        "id": 5320,
        "name": "Zanahoria Tierna Bolsa ",
        "price": 0.89,
        "price_kilo": 1.78,
        "slug": "zanahoria-tierna-bolsa",
        "description": "Zanahoria Tierna Bolsa 500 Gr",
        "image": "https:\/\/cdn-consum.aktiosdigitalservices.com\/tol\/consum\/media\/product\/img\/300x300\/4501375.jpg?t=20250103080204"
    },
    {
        "id": 5321,
        "name": "Zanahoria de Mesa Bolsa ",
        "price": 1.1,
        "price_kilo": 1.1,
        "slug": "zanahoria-de-mesa-bolsa",
        "description": "Zanahoria de Mesa Bolsa 1 Kg",
        "image": "https:\/\/cdn-consum.aktiosdigitalservices.com\/tol\/consum\/media\/product\/img\/300x300\/4501508.jpg?t=20250218075942"
    },
    {
        "id": 5322,
        "name": "Yogolino de Fresa Pack de 4 NESTLE",
        "price": 2.79,
        "price_kilo": 6.98,
        "slug": "yogolino-de-fresa-pack-de-4",
        "description": "Yogolino de Fresa Pack de 4 4 x 100 Gr",
        "image": "https:\/\/cdn-consum.aktiosdigitalservices.com\/tol\/consum\/media\/product\/img\/300x300\/4507455.jpg?t=20250313075928"
    },
    {
        "id": 5323,
        "name": "Carrillada de Cerdo CONSUM",
        "price": 5.5,
        "price_kilo": 13.75,
        "slug": "carrillada-de-cerdo",
        "description": "Carrillada de Cerdo",
        "image": "https:\/\/cdn-consum.aktiosdigitalservices.com\/tol\/consum\/media\/product\/img\/300x300\/4532016.jpg?t=20250318080932"
    },
    {
        "id": 5324,
        "name": "Bifrutas Tropical Pack de 3 BIFRUTAS",
        "price": 2.52,
        "price_kilo": 2.55,
        "slug": "bifrutas-tropical-pack-de-3",
        "description": "Bifrutas Tropical Pack de 3 3 x 330 ml",
        "image": "https:\/\/cdn-consum.aktiosdigitalservices.com\/tol\/consum\/media\/product\/img\/300x300\/4534566.jpg?t=20250312092741"
    },
    {
        "id": 5328,
        "name": "Vino Tinto Reserva D.O.Utiel-Requena HOYA CADENAS",
        "price": 4.15,
        "price_kilo": 5.53,
        "slug": "vino-tinto-reserva-doutiel-requena",
        "description": "Vino Tinto Reserva D.O.Utiel-Requena 0,75 L",
        "image": "https:\/\/cdn-consum.aktiosdigitalservices.com\/tol\/consum\/media\/product\/img\/300x300\/4558771.jpg?t=20250227090245"
    },
    {
        "id": 5329,
        "name": "Vino Tinto Joven D.O. Alicante CAST.LIRIA",
        "price": 3.1,
        "price_kilo": 4.13,
        "slug": "vino-tinto-joven-do-alicante",
        "description": "Vino Tinto Joven D.O. Alicante 0,75 L",
        "image": "https:\/\/cdn-consum.aktiosdigitalservices.com\/tol\/consum\/media\/product\/img\/300x300\/4558797.jpg?t=20250206090504"
    },
    {
        "id": 5330,
        "name": "Vino Blanco D.O. Utiel Requena CAST.LIRIA",
        "price": 3.1,
        "price_kilo": 4.13,
        "slug": "vino-blanco-do-utiel-requena",
        "description": "Vino Blanco D.O. Utiel Requena 0,75 L",
        "image": "https:\/\/cdn-consum.aktiosdigitalservices.com\/tol\/consum\/media\/product\/img\/300x300\/4558821.jpg?t=20250206090509"
    },
    {
        "id": 5332,
        "name": "Chocolate Extrafino Lacasitos LACASA",
        "price": 2.49,
        "price_kilo": 24.9,
        "slug": "chocolate-extrafino-lacasitos",
        "description": "Chocolate Extrafino Lacasitos 100 Gr",
        "image": "https:\/\/cdn-consum.aktiosdigitalservices.com\/tol\/consum\/media\/product\/img\/300x300\/4796793.jpg?t=20250311133043"
    },
    {
        "id": 5334,
        "name": "Jam\u00f3n Cocido Bonnatur ARGAL",
        "price": 2.19,
        "price_kilo": 16.85,
        "slug": "jamon-cocido-bonnatur",
        "description": "Jam\u00f3n Cocido Bonnatur 130 Gr",
        "image": "https:\/\/cdn-consum.aktiosdigitalservices.com\/tol\/consum\/media\/product\/img\/300x300\/4954442.jpg?t=20250312155831"
    },
    {
        "id": 5337,
        "name": "Chuletas Palo\/Ri\u00f1onada CONSUM",
        "price": 14.5,
        "price_kilo": 28.99,
        "slug": "chuletas-palo-rinonada",
        "description": "Chuletas Palo\/Ri\u00f1onada - Servicio todos los d\u00edas excepto lunes y martes",
        "image": "https:\/\/cdn-consum.aktiosdigitalservices.com\/tol\/consum\/media\/product\/img\/300x300\/5018221.jpg?t=20241217080959"
    },
    {
        "id": 5340,
        "name": "T\u00f3nico Facial Puntos Negros CLEAN&CLEAR",
        "price": 4.99,
        "price_kilo": 2.5,
        "slug": "tonico-facial-puntos-negros",
        "description": "T\u00f3nico Facial Puntos Negros 200 ml",
        "image": "https:\/\/cdn-consum.aktiosdigitalservices.com\/tol\/consum\/media\/product\/img\/300x300\/5135124.jpg?t=20250312155833"
    },
    {
        "id": 5343,
        "name": "Gallina para Caldo CONSUM",
        "price": 2.21,
        "price_kilo": 4.9,
        "slug": "gallina-para-caldo",
        "description": "Gallina para Caldo",
        "image": "https:\/\/cdn-consum.aktiosdigitalservices.com\/tol\/consum\/media\/product\/img\/300x300\/5154539.jpg?t=20241217080959"
    },
    {
        "id": 5346,
        "name": "Alas de Pollo CONSUM",
        "price": 3.53,
        "price_kilo": 4.7,
        "slug": "alas-de-pollo",
        "description": "Alas de Pollo",
        "image": "https:\/\/cdn-consum.aktiosdigitalservices.com\/tol\/consum\/media\/product\/img\/300x300\/5336235.jpg?t=20241217080959"
    },
    {
        "id": 5347,
        "name": "Pollo Troceado CONSUM",
        "price": 3.68,
        "price_kilo": 4.09,
        "slug": "pollo-troceado",
        "description": "Pollo Troceado",
        "image": "https:\/\/cdn-consum.aktiosdigitalservices.com\/tol\/consum\/media\/product\/img\/300x300\/5336268.jpg?t=20241217080959"
    },
    {
        "id": 5348,
        "name": "Espinazo de Cerdo CONSUM",
        "price": 1.25,
        "price_kilo": 4.99,
        "slug": "espinazo-de-cerdo",
        "description": "Espinazo de Cerdo",
        "image": "https:\/\/cdn-consum.aktiosdigitalservices.com\/tol\/consum\/media\/product\/img\/300x300\/5437884.jpg?t=20241231075728"
    },
    {
        "id": 5351,
        "name": "Galletas Integrales Marie Lu FONTANEDA",
        "price": 3.75,
        "price_kilo": 7.21,
        "slug": "galletas-integrales-marie-lu",
        "description": "Galletas Integrales Marie Lu 520 Gr",
        "image": "https:\/\/cdn-consum.aktiosdigitalservices.com\/tol\/consum\/media\/product\/img\/300x300\/5501978.jpg?t=20250311133047"
    },
    {
        "id": 5352,
        "name": "Special K con Frutas Rojas KELLOGG'S",
        "price": 4.19,
        "price_kilo": 13.97,
        "slug": "special-k-con-frutas-rojas",
        "description": "Special K con Frutas Rojas 300 Gr",
        "image": "https:\/\/cdn-consum.aktiosdigitalservices.com\/tol\/consum\/media\/product\/img\/300x300\/5513478.jpg?t=20250311103715"
    },
    {
        "id": 5353,
        "name": "Anillos a la Romana sin Gluten PESCANOVA",
        "price": 3.69,
        "price_kilo": 9.23,
        "slug": "anillos-a-la-romana-sin-gluten",
        "description": "Anillos a la Romana sin Gluten 400 Gr",
        "image": "https:\/\/cdn-consum.aktiosdigitalservices.com\/tol\/consum\/media\/product\/img\/300x300\/5524400.jpg?t=20250213075809"
    },
    {
        "id": 5354,
        "name": "Berenjena Negra ",
        "price": 0.77,
        "price_kilo": 1.99,
        "slug": "berenjena-negra",
        "description": "Berenjena Negra",
        "image": "https:\/\/cdn-consum.aktiosdigitalservices.com\/tol\/consum\/media\/product\/img\/300x300\/5526686.jpg?t=20250322075756"
    },
    {
        "id": 5355,
        "name": "Calabac\u00edn Verde ",
        "price": 0.8,
        "price_kilo": 1.75,
        "slug": "calabacin-verde",
        "description": "Calabac\u00edn Verde",
        "image": "https:\/\/cdn-consum.aktiosdigitalservices.com\/tol\/consum\/media\/product\/img\/300x300\/5526694.jpg?t=20250322075759"
    },
    {
        "id": 5356,
        "name": "Cous Cous Mediano Caja GALLO",
        "price": 2,
        "price_kilo": 4,
        "slug": "cous-cous-mediano-caja",
        "description": "Cous Cous Mediano Caja 500 Gr",
        "image": "https:\/\/cdn-consum.aktiosdigitalservices.com\/tol\/consum\/media\/product\/img\/300x300\/5535125.jpg?t=20250319075732"
    },
    {
        "id": 5360,
        "name": "Refresco Naranja Zero Botella FANTA",
        "price": 1.85,
        "price_kilo": 0.93,
        "slug": "refresco-naranja-zero-botella",
        "description": "Refresco Naranja Zero Botella 2 L",
        "image": "https:\/\/cdn-consum.aktiosdigitalservices.com\/tol\/consum\/media\/product\/img\/300x300\/5547518.jpg?t=20250227090302"
    },
    {
        "id": 5364,
        "name": "Leche Condensada Desnatada LA LECHERA",
        "price": 3.55,
        "price_kilo": 7.89,
        "slug": "leche-condensada-desnatada",
        "description": "Leche Condensada Desnatada 450 Gr",
        "image": "https:\/\/cdn-consum.aktiosdigitalservices.com\/tol\/consum\/media\/product\/img\/300x300\/5743596.jpg?t=20250311103727"
    },
    {
        "id": 5372,
        "name": "Cintas de Bac\u00f3n Pack de 2 Unidades MONELLS",
        "price": 2.05,
        "price_kilo": 10.25,
        "slug": "cintas-de-bacon-pack-de-2-unidades",
        "description": "Cintas de Bac\u00f3n Pack de 2 Unidades 2 x 100 Gr",
        "image": "https:\/\/cdn-consum.aktiosdigitalservices.com\/tol\/consum\/media\/product\/img\/300x300\/5948591.jpg?t=20250227090310"
    },
    {
        "id": 5373,
        "name": "Contramuslos de Pollo Deshuesados CONSUM",
        "price": 4.08,
        "price_kilo": 7.39,
        "slug": "contramuslos-de-pollo-deshuesados",
        "description": "Contramuslos de Pollo Deshuesados",
        "image": "https:\/\/cdn-consum.aktiosdigitalservices.com\/tol\/consum\/media\/product\/img\/300x300\/5948997.jpg?t=20241217080959"
    },
    {
        "id": 5380,
        "name": "Vino Tinto Crianza D.O.Valencia BARON TURIS",
        "price": 2.99,
        "price_kilo": 3.99,
        "slug": "vino-tinto-crianza-dovalencia",
        "description": "Vino Tinto Crianza D.O.Valencia 0,75 L",
        "image": "https:\/\/cdn-consum.aktiosdigitalservices.com\/tol\/consum\/media\/product\/img\/300x300\/7001274.jpg?t=20241217080959"
    },
    {
        "id": 5386,
        "name": "Pamplon\u00e9s y Salchich\u00f3n Extra GOIKOA",
        "price": 3.15,
        "price_kilo": 17.5,
        "slug": "pamplones-y-salchichon-extra",
        "description": "Pamplon\u00e9s y Salchich\u00f3n Extra 2 x 45 Gr",
        "image": "https:\/\/cdn-consum.aktiosdigitalservices.com\/tol\/consum\/media\/product\/img\/300x300\/7002132.jpg?t=20250206090549"
    },
    {
        "id": 5387,
        "name": "Caf\u00e9 Molido Espress VALIENTE",
        "price": 5.55,
        "price_kilo": 22.2,
        "slug": "cafe-molido-espress",
        "description": "Caf\u00e9 Molido Espress 250 Gr",
        "image": "https:\/\/cdn-consum.aktiosdigitalservices.com\/tol\/consum\/media\/product\/img\/300x300\/7002165.jpg?t=20250311103737"
    },
    {
        "id": 5388,
        "name": "Caf\u00e9 Molido Hogar VALIENTE",
        "price": 4.9,
        "price_kilo": 19.6,
        "slug": "cafe-molido-hogar",
        "description": "Caf\u00e9 Molido Hogar 250 Gr",
        "image": "https:\/\/cdn-consum.aktiosdigitalservices.com\/tol\/consum\/media\/product\/img\/300x300\/7002173.jpg?t=20250311103738"
    },
    {
        "id": 5389,
        "name": "Caf\u00e9 100% Colombia Molido VALIENTE",
        "price": 5.4,
        "price_kilo": 21.6,
        "slug": "cafe-100-colombia-molido",
        "description": "Caf\u00e9 100% Colombia Molido 250 Gr",
        "image": "https:\/\/cdn-consum.aktiosdigitalservices.com\/tol\/consum\/media\/product\/img\/300x300\/7002178.jpg?t=20250320075745"
    },
    {
        "id": 5392,
        "name": "Vino Blanco de Mesa Brik ROIXELA",
        "price": 0.9,
        "price_kilo": 0.9,
        "slug": "vino-blanco-de-mesa-brik",
        "description": "Vino Blanco de Mesa Brik 1 L",
        "image": "https:\/\/cdn-consum.aktiosdigitalservices.com\/tol\/consum\/media\/product\/img\/300x300\/7003051.jpg?t=20241217081000"
    },
    {
        "id": 5393,
        "name": "Vino Rosado de Mesa Brik ROIXELA",
        "price": 1.05,
        "price_kilo": 1.05,
        "slug": "vino-rosado-de-mesa-brik",
        "description": "Vino Rosado de Mesa Brik 1 L",
        "image": "https:\/\/cdn-consum.aktiosdigitalservices.com\/tol\/consum\/media\/product\/img\/300x300\/7003069.jpg?t=20241217081000"
    },
    {
        "id": 5394,
        "name": "Vino Tinto de Mesa Brik ROIXELA",
        "price": 1.05,
        "price_kilo": 1.05,
        "slug": "vino-tinto-de-mesa-brik",
        "description": "Vino Tinto de Mesa Brik 1 L",
        "image": "https:\/\/cdn-consum.aktiosdigitalservices.com\/tol\/consum\/media\/product\/img\/300x300\/7003080.jpg?t=20241217081000"
    },
    {
        "id": 5395,
        "name": "Vermut Rojo VIDAL",
        "price": 2.7,
        "price_kilo": 2.7,
        "slug": "vermut-rojo",
        "description": "Vermut Rojo 1 L",
        "image": "https:\/\/cdn-consum.aktiosdigitalservices.com\/tol\/consum\/media\/product\/img\/300x300\/7003192.jpg?t=20241217081000"
    },
    {
        "id": 5397,
        "name": "Acondicionador Cabello Natural ANIAN",
        "price": 1.55,
        "price_kilo": 1.55,
        "slug": "acondicionador-cabello-natural",
        "description": "Acondicionador Cabello Natural 1000 ml",
        "image": "https:\/\/cdn-consum.aktiosdigitalservices.com\/tol\/consum\/media\/product\/img\/300x300\/7003767.jpg?t=20250312092741"
    },
    {
        "id": 5398,
        "name": "Cilantro Bandeja EL DULZE",
        "price": 1.25,
        "price_kilo": 6.25,
        "slug": "cilantro-bandeja",
        "description": "Cilantro Bandeja 20 Gr",
        "image": "https:\/\/cdn-consum.aktiosdigitalservices.com\/tol\/consum\/media\/product\/img\/300x300\/7004138.jpg?t=20241217081000"
    },
    {
        "id": 5400,
        "name": "Preparado L\u00e1cteo Max Crecimiento y Desarrollo PULEVA",
        "price": 1.79,
        "price_kilo": 1.79,
        "slug": "preparado-lacteo-max-crecimiento-y-desarrollo",
        "description": "Preparado L\u00e1cteo Max Crecimiento y Desarrollo 1 L",
        "image": "https:\/\/cdn-consum.aktiosdigitalservices.com\/tol\/consum\/media\/product\/img\/300x300\/7005507.jpg?t=20250311103745"
    },
    {
        "id": 5401,
        "name": "Desodorante Spray Men Dry Impact NIVEA",
        "price": 3.15,
        "price_kilo": 1.58,
        "slug": "desodorante-spray-men-dry-impact",
        "description": "Desodorante Spray Men Dry Impact 200 ml",
        "image": "https:\/\/cdn-consum.aktiosdigitalservices.com\/tol\/consum\/media\/product\/img\/300x300\/7006521.jpg?t=20250206090558"
    },
    {
        "id": 5403,
        "name": "Cereales Fitness Chocolate con Leche NESTLE",
        "price": 4.25,
        "price_kilo": 11.33,
        "slug": "cereales-fitness-chocolate-con-leche",
        "description": "Cereales Fitness Chocolate con Leche 375 Gr",
        "image": "https:\/\/cdn-consum.aktiosdigitalservices.com\/tol\/consum\/media\/product\/img\/300x300\/7006992.jpg?t=20250311103747"
    },
    {
        "id": 5406,
        "name": "Tomate Frito Lata Pack de 3 HIDA",
        "price": 3.25,
        "price_kilo": 6.99,
        "slug": "tomate-frito-lata-pack-de-3",
        "description": "Tomate Frito Lata Pack de 3 3 x 155 Gr",
        "image": "https:\/\/cdn-consum.aktiosdigitalservices.com\/tol\/consum\/media\/product\/img\/300x300\/7008431.jpg?t=20250206090605"
    },
    {
        "id": 5418,
        "name": "Alubia Pinta Cocida Frasco LUENGO",
        "price": 1.59,
        "price_kilo": 3.98,
        "slug": "alubia-pinta-cocida-frasco",
        "description": "Alubia Pinta Cocida Frasco 400 Gr",
        "image": "https:\/\/cdn-consum.aktiosdigitalservices.com\/tol\/consum\/media\/product\/img\/300x300\/7012565.jpg?t=20241217081000"
    },
    {
        "id": 5419,
        "name": "Pi\u00f1a en su Jugo PELLI",
        "price": 1.95,
        "price_kilo": 3.98,
        "slug": "pina-en-su-jugo",
        "description": "Pi\u00f1a en su Jugo 490 Gr",
        "image": "https:\/\/cdn-consum.aktiosdigitalservices.com\/tol\/consum\/media\/product\/img\/300x300\/7014959.jpg?t=20250311133104"
    },
    {
        "id": 5420,
        "name": "Confitura Tomate HERO",
        "price": 2.49,
        "price_kilo": 7.22,
        "slug": "confitura-tomate",
        "description": "Confitura Tomate 345 Gr",
        "image": "https:\/\/cdn-consum.aktiosdigitalservices.com\/tol\/consum\/media\/product\/img\/300x300\/7014967.jpg?t=20250311103754"
    },
    {
        "id": 5423,
        "name": "Vino Tinto Garrafa VI\u00d1A CORBA",
        "price": 2.7,
        "price_kilo": 1.35,
        "slug": "vino-tinto-garrafa",
        "description": "Vino Tinto Garrafa 2 L",
        "image": "https:\/\/cdn-consum.aktiosdigitalservices.com\/tol\/consum\/media\/product\/img\/300x300\/7015480.jpg?t=20250211075816"
    },
    {
        "id": 5432,
        "name": "Bebida de Soja Brik ALPRO",
        "price": 1.99,
        "price_kilo": 1.99,
        "slug": "bebida-de-soja-brik",
        "description": "Bebida de Soja Brik 1 L",
        "image": "https:\/\/cdn-consum.aktiosdigitalservices.com\/tol\/consum\/media\/product\/img\/300x300\/7017382.jpg?t=20250313075944"
    },
    {
        "id": 5433,
        "name": "Mantequilla  Ligera Tarrina ASTURIANA",
        "price": 3.65,
        "price_kilo": 14.6,
        "slug": "mantequilla-ligera-tarrina",
        "description": "Mantequilla  Ligera Tarrina 250 Gr",
        "image": "https:\/\/cdn-consum.aktiosdigitalservices.com\/tol\/consum\/media\/product\/img\/300x300\/7017390.jpg?t=20241217081001"
    },
    {
        "id": 5435,
        "name": "Chuleta de Aguja CONSUM",
        "price": 4.18,
        "price_kilo": 6.39,
        "slug": "chuleta-de-aguja",
        "description": "Chuleta de Aguja",
        "image": "https:\/\/cdn-consum.aktiosdigitalservices.com\/tol\/consum\/media\/product\/img\/300x300\/7018893.jpg?t=20241231075739"
    },
    {
        "id": 5438,
        "name": "Caf\u00e9 Soluble Natural 10 Sobres NESCAFE",
        "price": 1.5,
        "price_kilo": 7.5,
        "slug": "cafe-soluble-natural-10-sobres",
        "description": "Caf\u00e9 Soluble Natural 10 Sobres 20 Gr",
        "image": "https:\/\/cdn-consum.aktiosdigitalservices.com\/tol\/consum\/media\/product\/img\/300x300\/7019037.jpg?t=20250311133106"
    },
    {
        "id": 5443,
        "name": "Apetinas K\u00e9tchup Bolsa TOSFRIT",
        "price": 1.29,
        "price_kilo": 14.33,
        "slug": "apetinas-ketchup-bolsa",
        "description": "Apetinas K\u00e9tchup Bolsa 90 Gr",
        "image": "https:\/\/cdn-consum.aktiosdigitalservices.com\/tol\/consum\/media\/product\/img\/300x300\/7020142.jpg?t=20250320075752"
    },
    {
        "id": 5448,
        "name": "Arroz Basmati Vaso Pack de 2 BRILLANTE",
        "price": 1.34,
        "price_kilo": 5.36,
        "slug": "arroz-basmati-vaso-pack-de-2",
        "description": "Arroz Basmati Vaso Pack de 2 2 x 125 Gr",
        "image": "https:\/\/cdn-consum.aktiosdigitalservices.com\/tol\/consum\/media\/product\/img\/300x300\/7020662.jpg?t=20250312092741"
    },
    {
        "id": 5450,
        "name": "Chicle Grageado Sabor Hierbabuena TRIDENT",
        "price": 1,
        "price_kilo": 7.14,
        "slug": "chicle-grageado-sabor-hierbabuena",
        "description": "Chicle Grageado Sabor Hierbabuena 14 Gr",
        "image": "https:\/\/cdn-consum.aktiosdigitalservices.com\/tol\/consum\/media\/product\/img\/300x300\/7021256.jpg?t=20250311124048"
    },
    {
        "id": 5452,
        "name": "Moscatel SOL MEDITERR",
        "price": 3.6,
        "price_kilo": 4.8,
        "slug": "moscatel",
        "description": "Moscatel 0,75 L",
        "image": "https:\/\/cdn-consum.aktiosdigitalservices.com\/tol\/consum\/media\/product\/img\/300x300\/7022478.jpg?t=20241217081002"
    },
    {
        "id": 5453,
        "name": "Bebida de Soja con chocolate VIVESOY",
        "price": 2,
        "price_kilo": 2,
        "slug": "bebida-de-soja-con-chocolate",
        "description": "Bebida de Soja con chocolate 1 L",
        "image": "https:\/\/cdn-consum.aktiosdigitalservices.com\/tol\/consum\/media\/product\/img\/300x300\/7022494.jpg?t=20250313075953"
    },
    {
        "id": 5457,
        "name": "Arroz Largo CONSUM",
        "price": 1.41,
        "price_kilo": 1.41,
        "slug": "arroz-largo",
        "description": "Arroz Largo 1 Kg",
        "image": "https:\/\/cdn-consum.aktiosdigitalservices.com\/tol\/consum\/media\/product\/img\/300x300\/7022754.jpg?t=20250103080251"
    },
    {
        "id": 5458,
        "name": "Arroz Categor\u00eda Extra Origen Espa\u00f1a CONSUM",
        "price": 1.36,
        "price_kilo": 1.36,
        "slug": "arroz-categoria-extra-origen-espana",
        "description": "Arroz Categor\u00eda Extra Origen Espa\u00f1a 1 Kg",
        "image": "https:\/\/cdn-consum.aktiosdigitalservices.com\/tol\/consum\/media\/product\/img\/300x300\/7022762.jpg?t=20250103080253"
    },
    {
        "id": 5459,
        "name": "Jam\u00f3n Curado NAVIDUL",
        "price": 3.79,
        "price_kilo": 27.46,
        "slug": "jamon-curado",
        "description": "Jam\u00f3n Curado 138 Gr",
        "image": "https:\/\/cdn-consum.aktiosdigitalservices.com\/tol\/consum\/media\/product\/img\/300x300\/7023047.jpg?t=20250206090641"
    },
    {
        "id": 5463,
        "name": "Lasa\u00f1a F\u00e1cil Precocida Caja 18 Placas EL PAVO",
        "price": 1.49,
        "price_kilo": 7.45,
        "slug": "lasana-facil-precocida-caja-18-placas",
        "description": "Lasa\u00f1a F\u00e1cil Precocida Caja 18 Placas 200 Gr",
        "image": "https:\/\/cdn-consum.aktiosdigitalservices.com\/tol\/consum\/media\/product\/img\/300x300\/7024578.jpg?t=20250312092741"
    },
    {
        "id": 5464,
        "name": "Vino Blanco de Mesa Pack de 3 Unidades DON SIMON",
        "price": 1.5,
        "price_kilo": 2.67,
        "slug": "vino-blanco-de-mesa-pack-de-3-unidades",
        "description": "Vino Blanco de Mesa Pack de 3 Unidades 3 x 0,2 L",
        "image": "https:\/\/cdn-consum.aktiosdigitalservices.com\/tol\/consum\/media\/product\/img\/300x300\/7025042.jpg?t=20241217081002"
    },
    {
        "id": 5466,
        "name": "Vino Tinto Crianza D.O.Ribera del Duero DEHES.VIEJAS",
        "price": 4.5,
        "price_kilo": 6,
        "slug": "vino-tinto-crianza-doribera-del-duero",
        "description": "Vino Tinto Crianza D.O.Ribera del Duero 0,75 L",
        "image": "https:\/\/cdn-consum.aktiosdigitalservices.com\/tol\/consum\/media\/product\/img\/300x300\/7025062.jpg?t=20250311164535"
    },
    {
        "id": 5467,
        "name": "Tinte N\u00ba6 Rubio Oscuro LLONGUERAS",
        "price": 7.49,
        "price_kilo": 7.49,
        "slug": "tinte-n6-rubio-oscuro",
        "description": "Tinte N\u00ba6 Rubio Oscuro 1 U",
        "image": "https:\/\/cdn-consum.aktiosdigitalservices.com\/tol\/consum\/media\/product\/img\/300x300\/7025083.jpg?t=20250304104806"
    },
    {
        "id": 5469,
        "name": "Tarrina de Vainilla 1 Litro CONSUM",
        "price": 2.4,
        "price_kilo": 4.85,
        "slug": "tarrina-de-vainilla-1-litro",
        "description": "Tarrina de Vainilla 1 Litro 495 Gr",
        "image": "https:\/\/cdn-consum.aktiosdigitalservices.com\/tol\/consum\/media\/product\/img\/300x300\/7025187.jpg?t=20250120075639"
    },
    {
        "id": 5470,
        "name": "Tinte N\u00ba5 Casta\u00f1o Claro LLONGUERAS",
        "price": 7.49,
        "price_kilo": 7.49,
        "slug": "tinte-n5-castano-claro",
        "description": "Tinte N\u00ba5 Casta\u00f1o Claro 1 U",
        "image": "https:\/\/cdn-consum.aktiosdigitalservices.com\/tol\/consum\/media\/product\/img\/300x300\/7025240.jpg?t=20250311164535"
    },
    {
        "id": 5472,
        "name": "Tinte N\u00ba7 Rubio Medio LLONGUERAS",
        "price": 7.49,
        "price_kilo": 7.49,
        "slug": "tinte-n7-rubio-medio",
        "description": "Tinte N\u00ba7 Rubio Medio 1 U",
        "image": "https:\/\/cdn-consum.aktiosdigitalservices.com\/tol\/consum\/media\/product\/img\/300x300\/7025302.jpg?t=20250304104811"
    },
    {
        "id": 5473,
        "name": "Tinte N\u00ba8.3 Rubio LLONGUERAS",
        "price": 7.49,
        "price_kilo": 7.49,
        "slug": "tinte-n83-rubio",
        "description": "Tinte N\u00ba8.3 Rubio 1 U",
        "image": "https:\/\/cdn-consum.aktiosdigitalservices.com\/tol\/consum\/media\/product\/img\/300x300\/7025310.jpg?t=20250304104813"
    },
    {
        "id": 5483,
        "name": "Seda Dental Menta ORAL B",
        "price": 3.95,
        "price_kilo": 3.95,
        "slug": "seda-dental-menta",
        "description": "Seda Dental Menta 1 U",
        "image": "https:\/\/cdn-consum.aktiosdigitalservices.com\/tol\/consum\/media\/product\/img\/300x300\/7026714.jpg?t=20241217081002"
    },
    {
        "id": 5485,
        "name": "Cepillo Dental 360\u00ba Filamento Medio COLGATE",
        "price": 3.99,
        "price_kilo": 3.99,
        "slug": "cepillo-dental-360-filamento-medio",
        "description": "Cepillo Dental 360\u00ba Filamento Medio 1 U",
        "image": "https:\/\/cdn-consum.aktiosdigitalservices.com\/tol\/consum\/media\/product\/img\/300x300\/7026735.jpg?t=20250312155902"
    },
    {
        "id": 5486,
        "name": "Agua Mineral Natural Botella FONT VELLA",
        "price": 0.69,
        "price_kilo": 0.69,
        "slug": "agua-mineral-natural-botella",
        "description": "Agua Mineral Natural Botella 1 L",
        "image": "https:\/\/cdn-consum.aktiosdigitalservices.com\/tol\/consum\/media\/product\/img\/300x300\/7027063.jpg?t=20250312092741"
    },
    {
        "id": 5489,
        "name": "Tomate Troceado Lata CONSUM",
        "price": 1.35,
        "price_kilo": 1.73,
        "slug": "tomate-troceado-lata",
        "description": "Tomate Troceado Lata 780 Gr",
        "image": "https:\/\/cdn-consum.aktiosdigitalservices.com\/tol\/consum\/media\/product\/img\/300x300\/7027717.jpg?t=20250312092741"
    },
    {
        "id": 5490,
        "name": "Tomate Troceado Lata CONSUM",
        "price": 0.8,
        "price_kilo": 2,
        "slug": "tomate-troceado-lata",
        "description": "Tomate Troceado Lata 400 Gr",
        "image": "https:\/\/cdn-consum.aktiosdigitalservices.com\/tol\/consum\/media\/product\/img\/300x300\/7027720.jpg?t=20241217081003"
    },
    {
        "id": 5491,
        "name": "Pizza Carne con Salsa Barbacoa CAMPOFR\u00cdO",
        "price": 2.89,
        "price_kilo": 7.05,
        "slug": "pizza-carne-con-salsa-barbacoa",
        "description": "Pizza Carne con Salsa Barbacoa 410 Gr",
        "image": "https:\/\/cdn-consum.aktiosdigitalservices.com\/tol\/consum\/media\/product\/img\/300x300\/7027972.jpg?t=20250204080135"
    },
    {
        "id": 5493,
        "name": "Miel Milflores Frasco CONSUM",
        "price": 4.4,
        "price_kilo": 4.4,
        "slug": "miel-milflores-frasco",
        "description": "Miel Milflores Frasco 1 Kg",
        "image": "https:\/\/cdn-consum.aktiosdigitalservices.com\/tol\/consum\/media\/product\/img\/300x300\/7028251.jpg?t=20250311103839"
    },
    {
        "id": 5495,
        "name": "Miel Milflores Dosificador CONSUM",
        "price": 2.95,
        "price_kilo": 5.9,
        "slug": "miel-milflores-dosificador",
        "description": "Miel Milflores Dosificador 500 Gr",
        "image": "https:\/\/cdn-consum.aktiosdigitalservices.com\/tol\/consum\/media\/product\/img\/300x300\/7028280.jpg?t=20250311103842"
    },
    {
        "id": 5496,
        "name": "Patatas Prefritas Corte Grueso congeladas CONSUM",
        "price": 1.99,
        "price_kilo": 1.99,
        "slug": "patatas-prefritas-corte-grueso-congeladas",
        "description": "Patatas Prefritas Corte Grueso congeladas 1 Kg",
        "image": "https:\/\/cdn-consum.aktiosdigitalservices.com\/tol\/consum\/media\/product\/img\/300x300\/7028475.jpg?t=20250103080301"
    },
    {
        "id": 5497,
        "name": "Tomate Triturado Lata CONSUM",
        "price": 0.65,
        "price_kilo": 1.63,
        "slug": "tomate-triturado-lata",
        "description": "Tomate Triturado Lata 400 Gr",
        "image": "https:\/\/cdn-consum.aktiosdigitalservices.com\/tol\/consum\/media\/product\/img\/300x300\/7029205.jpg?t=20241217081003"
    },
    {
        "id": 5498,
        "name": "Tomate Triturado Lata CONSUM",
        "price": 0.98,
        "price_kilo": 1.23,
        "slug": "tomate-triturado-lata",
        "description": "Tomate Triturado Lata 800 Gr",
        "image": "https:\/\/cdn-consum.aktiosdigitalservices.com\/tol\/consum\/media\/product\/img\/300x300\/7029213.jpg?t=20250312092741"
    },
    {
        "id": 5499,
        "name": "Tomate Frito Frasco CONSUM",
        "price": 0.9,
        "price_kilo": 1.64,
        "slug": "tomate-frito-frasco",
        "description": "Tomate Frito Frasco 550 Gr",
        "image": "https:\/\/cdn-consum.aktiosdigitalservices.com\/tol\/consum\/media\/product\/img\/300x300\/7029218.jpg?t=20250312092741"
    },
    {
        "id": 5500,
        "name": "Tomate Frito Estilo Casero CONSUM",
        "price": 1.69,
        "price_kilo": 5.63,
        "slug": "tomate-frito-estilo-casero",
        "description": "Tomate Frito Estilo Casero 300 Gr",
        "image": "https:\/\/cdn-consum.aktiosdigitalservices.com\/tol\/consum\/media\/product\/img\/300x300\/7029234.jpg?t=20241217081003"
    },
    {
        "id": 5507,
        "name": "Compresas Incontinencia Mini INDASEC",
        "price": 3.69,
        "price_kilo": 0.18,
        "slug": "compresas-incontinencia-mini",
        "description": "Compresas Incontinencia Mini 20 U",
        "image": "https:\/\/cdn-consum.aktiosdigitalservices.com\/tol\/consum\/media\/product\/img\/300x300\/7031680.jpg?t=20250314121349"
    },
    {
        "id": 5508,
        "name": "Pa\u00f1al Adulto Talla M 80-125 cm INDASLIP",
        "price": 13.55,
        "price_kilo": 0.68,
        "slug": "panal-adulto-talla-m-80-125-cm",
        "description": "Pa\u00f1al Adulto Talla M 80-125 cm 20 U",
        "image": "https:\/\/cdn-consum.aktiosdigitalservices.com\/tol\/consum\/media\/product\/img\/300x300\/7031698.jpg?t=20241217081003"
    },
    {
        "id": 5513,
        "name": "Gaseosa Botella CONSUM",
        "price": 0.5,
        "price_kilo": 0.33,
        "slug": "gaseosa-botella",
        "description": "Gaseosa Botella 1,5 L",
        "image": "https:\/\/cdn-consum.aktiosdigitalservices.com\/tol\/consum\/media\/product\/img\/300x300\/7032639.jpg?t=20241217081003"
    },
    {
        "id": 5514,
        "name": "Gaseosa Botella CONSUM",
        "price": 0.32,
        "price_kilo": 0.64,
        "slug": "gaseosa-botella",
        "description": "Gaseosa Botella 0,5 L",
        "image": "https:\/\/cdn-consum.aktiosdigitalservices.com\/tol\/consum\/media\/product\/img\/300x300\/7032642.jpg?t=20241217081003"
    },
    {
        "id": 5515,
        "name": "Galletas Mar\u00eda Pack de 4 CONSUM",
        "price": 1.45,
        "price_kilo": 1.81,
        "slug": "galletas-maria-pack-de-4",
        "description": "Galletas Mar\u00eda Pack de 4 4 x 200 Gr",
        "image": "https:\/\/cdn-consum.aktiosdigitalservices.com\/tol\/consum\/media\/product\/img\/300x300\/7033202.jpg?t=20250311133111"
    },
    {
        "id": 5516,
        "name": "Galletas Doradas Pack de 4 CONSUM",
        "price": 1.45,
        "price_kilo": 1.81,
        "slug": "galletas-doradas-pack-de-4",
        "description": "Galletas Doradas Pack de 4 4 x 200 Gr",
        "image": "https:\/\/cdn-consum.aktiosdigitalservices.com\/tol\/consum\/media\/product\/img\/300x300\/7033207.jpg?t=20250312092741"
    },
    {
        "id": 5517,
        "name": "Galletas Tostadas Pack de 4 CONSUM",
        "price": 1.45,
        "price_kilo": 1.81,
        "slug": "galletas-tostadas-pack-de-4",
        "description": "Galletas Tostadas Pack de 4 4 x 200 Gr",
        "image": "https:\/\/cdn-consum.aktiosdigitalservices.com\/tol\/consum\/media\/product\/img\/300x300\/7033210.jpg?t=20250311133116"
    },
    {
        "id": 5518,
        "name": "Galleta Maria Integral CONSUM",
        "price": 1.45,
        "price_kilo": 1.81,
        "slug": "galleta-maria-integral",
        "description": "Galleta Maria Integral 800 Gr",
        "image": "https:\/\/cdn-consum.aktiosdigitalservices.com\/tol\/consum\/media\/product\/img\/300x300\/7033215.jpg?t=20250312092741"
    },
    {
        "id": 5519,
        "name": "Mega Sandwich Rellena Chocolate CONSUM",
        "price": 1.25,
        "price_kilo": 2.5,
        "slug": "mega-sandwich-rellena-chocolate",
        "description": "Mega Sandwich Rellena Chocolate 500 Gr",
        "image": "https:\/\/cdn-consum.aktiosdigitalservices.com\/tol\/consum\/media\/product\/img\/300x300\/7033223.jpg?t=20250311103855"
    },
    {
        "id": 5524,
        "name": "Zumo Manzana Concentrado Brik CONSUM",
        "price": 0.8,
        "price_kilo": 0.8,
        "slug": "zumo-manzana-concentrado-brik",
        "description": "Zumo Manzana Concentrado Brik 1 L",
        "image": "https:\/\/cdn-consum.aktiosdigitalservices.com\/tol\/consum\/media\/product\/img\/300x300\/7033368.jpg?t=20250312155906"
    },
    {
        "id": 5525,
        "name": "Zumo Uva,Melocot\u00f3n y Manzana Brik CONSUM",
        "price": 1,
        "price_kilo": 1,
        "slug": "zumo-uvamelocoton-y-manzana-brik",
        "description": "Zumo Uva,Melocot\u00f3n y Manzana Brik 1 L",
        "image": "https:\/\/cdn-consum.aktiosdigitalservices.com\/tol\/consum\/media\/product\/img\/300x300\/7033371.jpg?t=20241217081003"
    },
    {
        "id": 5526,
        "name": "Zumo Naranja-Mandarina Concentrado Brik CONSUM",
        "price": 1.49,
        "price_kilo": 1.49,
        "slug": "zumo-naranja-mandarina-concentrado-brik",
        "description": "Zumo Naranja-Mandarina Concentrado Brik 1 L",
        "image": "https:\/\/cdn-consum.aktiosdigitalservices.com\/tol\/consum\/media\/product\/img\/300x300\/7033376.jpg?t=20250121075942"
    },
    {
        "id": 5527,
        "name": "Zumo Pi\u00f1a,Uva, Manzana Concentrado Brik CONSUM",
        "price": 1,
        "price_kilo": 1,
        "slug": "zumo-pinauva-manzana-concentrado-brik",
        "description": "Zumo Pi\u00f1a,Uva, Manzana Concentrado Brik 1 L",
        "image": "https:\/\/cdn-consum.aktiosdigitalservices.com\/tol\/consum\/media\/product\/img\/300x300\/7033384.jpg?t=20250205075924"
    },
    {
        "id": 5528,
        "name": "Aceitunas Negras Hueso Lata CONSUM",
        "price": 1.25,
        "price_kilo": 6.76,
        "slug": "aceitunas-negras-hueso-lata",
        "description": "Aceitunas Negras Hueso Lata 185 Gr",
        "image": "https:\/\/cdn-consum.aktiosdigitalservices.com\/tol\/consum\/media\/product\/img\/300x300\/7034049.jpg?t=20241217081003"
    },
    {
        "id": 5529,
        "name": "Aceitunas Negras sin Hueso  Lata CONSUM",
        "price": 1.19,
        "price_kilo": 7.93,
        "slug": "aceitunas-negras-sin-hueso-lata",
        "description": "Aceitunas Negras sin Hueso  Lata 150 Gr",
        "image": "https:\/\/cdn-consum.aktiosdigitalservices.com\/tol\/consum\/media\/product\/img\/300x300\/7034051.jpg?t=20250312092742"
    },
    {
        "id": 5532,
        "name": "Aceitunas Rellenas de Anchoas Pack de 3 CONSUM",
        "price": 1.9,
        "price_kilo": 12.67,
        "slug": "aceitunas-rellenas-de-anchoas-pack-de-3",
        "description": "Aceitunas Rellenas de Anchoas Pack de 3 3 x 50 Gr",
        "image": "https:\/\/cdn-consum.aktiosdigitalservices.com\/tol\/consum\/media\/product\/img\/300x300\/7034114.jpg?t=20250213075833"
    },
    {
        "id": 5534,
        "name": "Cacahuetes con C\u00e1scara Tostados con Sal Bolsa CONSUM",
        "price": 0.99,
        "price_kilo": 3.96,
        "slug": "cacahuetes-con-cascara-tostados-con-sal-bolsa",
        "description": "Cacahuetes con C\u00e1scara Tostados con Sal Bolsa 250 Gr",
        "image": "https:\/\/cdn-consum.aktiosdigitalservices.com\/tol\/consum\/media\/product\/img\/300x300\/7034270.jpg?t=20250128075807"
    },
    {
        "id": 5535,
        "name": "Pipas Tostadas con Sal Bolsa CONSUM",
        "price": 1.45,
        "price_kilo": 5.8,
        "slug": "pipas-tostadas-con-sal-bolsa",
        "description": "Pipas Tostadas con Sal Bolsa 250 Gr",
        "image": "https:\/\/cdn-consum.aktiosdigitalservices.com\/tol\/consum\/media\/product\/img\/300x300\/7034291.jpg?t=20241217081003"
    },
    {
        "id": 5537,
        "name": "Queso Fresco Pack de 4 Unidades CONSUM",
        "price": 1.09,
        "price_kilo": 4.36,
        "slug": "queso-fresco-pack-de-4-unidades",
        "description": "Queso Fresco Pack de 4 Unidades 4 x 62,5 Gr",
        "image": "https:\/\/cdn-consum.aktiosdigitalservices.com\/tol\/consum\/media\/product\/img\/300x300\/7034395.jpg?t=20250103080303"
    },
    {
        "id": 5539,
        "name": "Queso Fresco 0% Pack de 4 Unidades CONSUM",
        "price": 1.09,
        "price_kilo": 4.36,
        "slug": "queso-fresco-0-pack-de-4-unidades",
        "description": "Queso Fresco 0% Pack de 4 Unidades 4 x 62,5 Gr",
        "image": "https:\/\/cdn-consum.aktiosdigitalservices.com\/tol\/consum\/media\/product\/img\/300x300\/7034523.jpg?t=20250211080553"
    },
    {
        "id": 5540,
        "name": "T\u00e9 25 Bolsitas POMPADOUR",
        "price": 2.15,
        "price_kilo": 0.09,
        "slug": "te-25-bolsitas",
        "description": "T\u00e9 25 Bolsitas 25 U",
        "image": "https:\/\/cdn-consum.aktiosdigitalservices.com\/tol\/consum\/media\/product\/img\/300x300\/7034754.jpg?t=20250311103858"
    },
    {
        "id": 5542,
        "name": "Esp\u00e1rragos Extra 8\/12 Piezas  Frasco CONSUM",
        "price": 1.95,
        "price_kilo": 9.51,
        "slug": "esparragos-extra-8-12-piezas-frasco",
        "description": "Esp\u00e1rragos Extra 8\/12 Piezas  Frasco 205 Gr",
        "image": "https:\/\/cdn-consum.aktiosdigitalservices.com\/tol\/consum\/media\/product\/img\/300x300\/7035566.jpg?t=20241217081004"
    },
    {
        "id": 5543,
        "name": "Champi\u00f1ones Laminados Lata CONSUM",
        "price": 1,
        "price_kilo": 5.41,
        "slug": "champinones-laminados-lata",
        "description": "Champi\u00f1ones Laminados Lata 185 Gr",
        "image": "https:\/\/cdn-consum.aktiosdigitalservices.com\/tol\/consum\/media\/product\/img\/300x300\/7035587.jpg?t=20241217081004"
    },
    {
        "id": 5544,
        "name": "Vino Tinto Crianza D.O.Mancha ESTOLA",
        "price": 3.39,
        "price_kilo": 4.52,
        "slug": "vino-tinto-crianza-domancha",
        "description": "Vino Tinto Crianza D.O.Mancha 0,75 L",
        "image": "https:\/\/cdn-consum.aktiosdigitalservices.com\/tol\/consum\/media\/product\/img\/300x300\/7035595.jpg?t=20241217081004"
    },
    {
        "id": 5548,
        "name": "Queso Rallado Emmental CONSUM",
        "price": 1.73,
        "price_kilo": 8.65,
        "slug": "queso-rallado-emmental",
        "description": "Queso Rallado Emmental 200 Gr",
        "image": "https:\/\/cdn-consum.aktiosdigitalservices.com\/tol\/consum\/media\/product\/img\/300x300\/7036150.jpg?t=20250103080310"
    },
    {
        "id": 5549,
        "name": "Mozzarella Rallada Especial Pizza CONSUM",
        "price": 1.62,
        "price_kilo": 8.1,
        "slug": "mozzarella-rallada-especial-pizza",
        "description": "Mozzarella Rallada Especial Pizza 200 Gr",
        "image": "https:\/\/cdn-consum.aktiosdigitalservices.com\/tol\/consum\/media\/product\/img\/300x300\/7036155.jpg?t=20250103080313"
    },
    {
        "id": 5550,
        "name": "Carpaccio Marinado ROLER",
        "price": 3.85,
        "price_kilo": 35,
        "slug": "carpaccio-marinado",
        "description": "Carpaccio Marinado 110 Gr",
        "image": "https:\/\/cdn-consum.aktiosdigitalservices.com\/tol\/consum\/media\/product\/img\/300x300\/7036218.jpg?t=20250318080932"
    },
    {
        "id": 5553,
        "name": "Vino Tinto Joven D.O. Utiel Requena EL MIRACLE",
        "price": 4.99,
        "price_kilo": 6.65,
        "slug": "vino-tinto-joven-do-utiel-requena",
        "description": "Vino Tinto Joven D.O. Utiel Requena 0,75 L",
        "image": "https:\/\/cdn-consum.aktiosdigitalservices.com\/tol\/consum\/media\/product\/img\/300x300\/7036288.jpg?t=20250227090412"
    },
    {
        "id": 5558,
        "name": "Danet de Vainilla. Natillas Pack de 4 Und. DANONE",
        "price": 1.99,
        "price_kilo": 4.15,
        "slug": "danet-de-vainilla-natillas-pack-de-4-und",
        "description": "Danet de Vainilla. Natillas Pack de 4 Und. 4 x 120 Gr",
        "image": "https:\/\/cdn-consum.aktiosdigitalservices.com\/tol\/consum\/media\/product\/img\/300x300\/7037109.jpg?t=20241223075814"
    },
    {
        "id": 5559,
        "name": "Dulce de Membrillo Tarrina CONSUM",
        "price": 1.42,
        "price_kilo": 3.55,
        "slug": "dulce-de-membrillo-tarrina",
        "description": "Dulce de Membrillo Tarrina 2 x 200 Gr",
        "image": "https:\/\/cdn-consum.aktiosdigitalservices.com\/tol\/consum\/media\/product\/img\/300x300\/7037125.jpg?t=20250311103900"
    },
    {
        "id": 5564,
        "name": "Nata para Cocinar Espesa Botella PRESIDENT",
        "price": 3.89,
        "price_kilo": 7.78,
        "slug": "nata-para-cocinar-espesa-botella",
        "description": "Nata para Cocinar Espesa Botella 500 ml",
        "image": "https:\/\/cdn-consum.aktiosdigitalservices.com\/tol\/consum\/media\/product\/img\/300x300\/7041762.jpg?t=20250311103907"
    },
    {
        "id": 5565,
        "name": "Lenteja Cocida Pardina Frasco LUENGO",
        "price": 1.3,
        "price_kilo": 3.25,
        "slug": "lenteja-cocida-pardina-frasco",
        "description": "Lenteja Cocida Pardina Frasco 400 Gr",
        "image": "https:\/\/cdn-consum.aktiosdigitalservices.com\/tol\/consum\/media\/product\/img\/300x300\/7042000.jpg?t=20250206090727"
    },
    {
        "id": 5567,
        "name": "Garbanzo Cocido Frasco LUENGO",
        "price": 1.3,
        "price_kilo": 3.25,
        "slug": "garbanzo-cocido-frasco",
        "description": "Garbanzo Cocido Frasco 400 Gr",
        "image": "https:\/\/cdn-consum.aktiosdigitalservices.com\/tol\/consum\/media\/product\/img\/300x300\/7042364.jpg?t=20250206090729"
    },
    {
        "id": 5568,
        "name": "Alubia Blanca Cocida Frasco LUENGO",
        "price": 1.3,
        "price_kilo": 3.25,
        "slug": "alubia-blanca-cocida-frasco",
        "description": "Alubia Blanca Cocida Frasco 400 Gr",
        "image": "https:\/\/cdn-consum.aktiosdigitalservices.com\/tol\/consum\/media\/product\/img\/300x300\/7042369.jpg?t=20250206090732"
    },
    {
        "id": 5569,
        "name": "Carne de Alcachofas Lata PELLI",
        "price": 2.35,
        "price_kilo": 9.79,
        "slug": "carne-de-alcachofas-lata",
        "description": "Carne de Alcachofas Lata 240 Gr",
        "image": "https:\/\/cdn-consum.aktiosdigitalservices.com\/tol\/consum\/media\/product\/img\/300x300\/7042646.jpg?t=20241217081007"
    },
    {
        "id": 5573,
        "name": "Bebida Refrescante CHAMPIN",
        "price": 3.59,
        "price_kilo": 4.79,
        "slug": "bebida-refrescante",
        "description": "Bebida Refrescante 0,75 L",
        "image": "https:\/\/cdn-consum.aktiosdigitalservices.com\/tol\/consum\/media\/product\/img\/300x300\/7042922.jpg?t=20250304104855"
    },
    {
        "id": 5574,
        "name": "Queso Mezcla Semicurado Ya Cortado G.BAQUERO",
        "price": 4.59,
        "price_kilo": 20.4,
        "slug": "queso-mezcla-semicurado-ya-cortado",
        "description": "Queso Mezcla Semicurado Ya Cortado 225 Gr",
        "image": "https:\/\/cdn-consum.aktiosdigitalservices.com\/tol\/consum\/media\/product\/img\/300x300\/7043292.jpg?t=20250227090424"
    },
    {
        "id": 5577,
        "name": "Sardinas en Tomate Lata CONSUM",
        "price": 1.25,
        "price_kilo": 16.03,
        "slug": "sardinas-en-tomate-lata",
        "description": "Sardinas en Tomate Lata 78 Gr",
        "image": "https:\/\/cdn-consum.aktiosdigitalservices.com\/tol\/consum\/media\/product\/img\/300x300\/7043727.jpg?t=20241217081008"
    },
    {
        "id": 5578,
        "name": "Sardina en Aceite Girasol Lata CONSUM",
        "price": 1.15,
        "price_kilo": 13.69,
        "slug": "sardina-en-aceite-girasol-lata",
        "description": "Sardina en Aceite Girasol Lata 84 Gr",
        "image": "https:\/\/cdn-consum.aktiosdigitalservices.com\/tol\/consum\/media\/product\/img\/300x300\/7043730.jpg?t=20241217081008"
    },
    {
        "id": 5579,
        "name": "Sardinas en Aceite Oliva Lata CONSUM",
        "price": 1.69,
        "price_kilo": 20.12,
        "slug": "sardinas-en-aceite-oliva-lata",
        "description": "Sardinas en Aceite Oliva Lata 84 Gr",
        "image": "https:\/\/cdn-consum.aktiosdigitalservices.com\/tol\/consum\/media\/product\/img\/300x300\/7043735.jpg?t=20241217081008"
    },
    {
        "id": 5580,
        "name": "At\u00fan Claro Aceite Oliva Lata CONSUM",
        "price": 1.59,
        "price_kilo": 21.93,
        "slug": "atun-claro-aceite-oliva-lata",
        "description": "At\u00fan Claro Aceite Oliva Lata 72,5 Gr",
        "image": "https:\/\/cdn-consum.aktiosdigitalservices.com\/tol\/consum\/media\/product\/img\/300x300\/7043743.jpg?t=20241217081008"
    },
    {
        "id": 5581,
        "name": "Mejillones en Escabeche 8\/12 Piezas CONSUM",
        "price": 2.5,
        "price_kilo": 36.23,
        "slug": "mejillones-en-escabeche-8-12-piezas",
        "description": "Mejillones en Escabeche 8\/12 Piezas 69 Gr",
        "image": "https:\/\/cdn-consum.aktiosdigitalservices.com\/tol\/consum\/media\/product\/img\/300x300\/7043748.jpg?t=20250116075907"
    },
    {
        "id": 5582,
        "name": "Mejillones en Escabeche 13\/18 Piezas CONSUM",
        "price": 1.8,
        "price_kilo": 26.09,
        "slug": "mejillones-en-escabeche-13-18-piezas",
        "description": "Mejillones en Escabeche 13\/18 Piezas 69 Gr",
        "image": "https:\/\/cdn-consum.aktiosdigitalservices.com\/tol\/consum\/media\/product\/img\/300x300\/7043750.jpg?t=20241217081008"
    },
    {
        "id": 5583,
        "name": "Alubia Blanca Cocida Frasco CONSUM",
        "price": 0.8,
        "price_kilo": 2,
        "slug": "alubia-blanca-cocida-frasco",
        "description": "Alubia Blanca Cocida Frasco 400 Gr",
        "image": "https:\/\/cdn-consum.aktiosdigitalservices.com\/tol\/consum\/media\/product\/img\/300x300\/7043979.jpg?t=20250312092742"
    },
    {
        "id": 5584,
        "name": "Lenteja Pardina Cocida Frasco CONSUM",
        "price": 0.8,
        "price_kilo": 2,
        "slug": "lenteja-pardina-cocida-frasco",
        "description": "Lenteja Pardina Cocida Frasco 400 Gr",
        "image": "https:\/\/cdn-consum.aktiosdigitalservices.com\/tol\/consum\/media\/product\/img\/300x300\/7043982.jpg?t=20250312092742"
    },
    {
        "id": 5585,
        "name": "Garbanzo Cocido Frasco CONSUM",
        "price": 0.75,
        "price_kilo": 1.88,
        "slug": "garbanzo-cocido-frasco",
        "description": "Garbanzo Cocido Frasco 400 Gr",
        "image": "https:\/\/cdn-consum.aktiosdigitalservices.com\/tol\/consum\/media\/product\/img\/300x300\/7043987.jpg?t=20250312092742"
    },
    {
        "id": 5586,
        "name": "Alubia Blanca Cocida Frasco CONSUM",
        "price": 0.7,
        "price_kilo": 3.5,
        "slug": "alubia-blanca-cocida-frasco",
        "description": "Alubia Blanca Cocida Frasco 200 Gr",
        "image": "https:\/\/cdn-consum.aktiosdigitalservices.com\/tol\/consum\/media\/product\/img\/300x300\/7043990.jpg?t=20250312092742"
    },
    {
        "id": 5587,
        "name": "Lenteja Pardina Cocida Frasco CONSUM",
        "price": 0.66,
        "price_kilo": 3.3,
        "slug": "lenteja-pardina-cocida-frasco",
        "description": "Lenteja Pardina Cocida Frasco 200 Gr",
        "image": "https:\/\/cdn-consum.aktiosdigitalservices.com\/tol\/consum\/media\/product\/img\/300x300\/7043995.jpg?t=20241217081008"
    },
    {
        "id": 5588,
        "name": "Garbanzos Cocidos Frasco CONSUM",
        "price": 0.7,
        "price_kilo": 3.5,
        "slug": "garbanzos-cocidos-frasco",
        "description": "Garbanzos Cocidos Frasco 200 Gr",
        "image": "https:\/\/cdn-consum.aktiosdigitalservices.com\/tol\/consum\/media\/product\/img\/300x300\/7044001.jpg?t=20250312092742"
    },
    {
        "id": 5589,
        "name": "Espinacas Frasco CONSUM",
        "price": 1.39,
        "price_kilo": 3.27,
        "slug": "espinacas-frasco",
        "description": "Espinacas Frasco 425 Gr",
        "image": "https:\/\/cdn-consum.aktiosdigitalservices.com\/tol\/consum\/media\/product\/img\/300x300\/7044071.jpg?t=20250312092742"
    },
    {
        "id": 5590,
        "name": "Patatas Peque\u00f1as Entera Frasco CONSUM",
        "price": 2.05,
        "price_kilo": 5.13,
        "slug": "patatas-pequenas-entera-frasco",
        "description": "Patatas Peque\u00f1as Entera Frasco 400 Gr",
        "image": "https:\/\/cdn-consum.aktiosdigitalservices.com\/tol\/consum\/media\/product\/img\/300x300\/7044092.jpg?t=20241217081008"
    },
    {
        "id": 5591,
        "name": "Piccolinis de Jam\u00f3n y Queso congelados BUITONI",
        "price": 4.25,
        "price_kilo": 15.74,
        "slug": "piccolinis-de-jamon-y-queso-congelados",
        "description": "Piccolinis de Jam\u00f3n y Queso congelados 270 Gr",
        "image": "https:\/\/cdn-consum.aktiosdigitalservices.com\/tol\/consum\/media\/product\/img\/300x300\/7044105.jpg?t=20250312125034"
    },
    {
        "id": 5592,
        "name": "Pimientos Piquillo Entero 8\/12 Piezas Frasco CONSUM",
        "price": 1.19,
        "price_kilo": 5.29,
        "slug": "pimientos-piquillo-entero-8-12-piezas-frasco",
        "description": "Pimientos Piquillo Entero 8\/12 Piezas Frasco 225 Gr",
        "image": "https:\/\/cdn-consum.aktiosdigitalservices.com\/tol\/consum\/media\/product\/img\/300x300\/7044121.jpg?t=20250214075715"
    },
    {
        "id": 5597,
        "name": "Salsa Picante Louisiana CHOVI",
        "price": 1.29,
        "price_kilo": 11.73,
        "slug": "salsa-picante-louisiana",
        "description": "Salsa Picante Louisiana 110 Gr",
        "image": "https:\/\/cdn-consum.aktiosdigitalservices.com\/tol\/consum\/media\/product\/img\/300x300\/7044378.jpg?t=20241217081008"
    },
    {
        "id": 5599,
        "name": "Friegasuelos Pino CONSUM",
        "price": 0.95,
        "price_kilo": 0.63,
        "slug": "friegasuelos-pino",
        "description": "Friegasuelos Pino 1,5 L",
        "image": "https:\/\/cdn-consum.aktiosdigitalservices.com\/tol\/consum\/media\/product\/img\/300x300\/7044600.jpg?t=20250312092742"
    },
    {
        "id": 5602,
        "name": "Agua de Plancha CONSUM",
        "price": 0.65,
        "price_kilo": 0.65,
        "slug": "agua-de-plancha",
        "description": "Agua de Plancha 1 L",
        "image": "https:\/\/cdn-consum.aktiosdigitalservices.com\/tol\/consum\/media\/product\/img\/300x300\/7044642.jpg?t=20241217081008"
    },
    {
        "id": 5603,
        "name": "Copos de Ma\u00edz CONSUM",
        "price": 1.5,
        "price_kilo": 3,
        "slug": "copos-de-maiz",
        "description": "Copos de Ma\u00edz 500 Gr",
        "image": "https:\/\/cdn-consum.aktiosdigitalservices.com\/tol\/consum\/media\/product\/img\/300x300\/7044746.jpg?t=20250311103917"
    },
    {
        "id": 5604,
        "name": "Copos Arroz y Trigo CONSUM",
        "price": 2,
        "price_kilo": 4,
        "slug": "copos-arroz-y-trigo",
        "description": "Copos Arroz y Trigo 500 Gr",
        "image": "https:\/\/cdn-consum.aktiosdigitalservices.com\/tol\/consum\/media\/product\/img\/300x300\/7044753.jpg?t=20250311103920"
    },
    {
        "id": 5607,
        "name": "Muesli Fruta y Fibra CONSUM",
        "price": 1.99,
        "price_kilo": 4.42,
        "slug": "muesli-fruta-y-fibra",
        "description": "Muesli Fruta y Fibra 500 Gr",
        "image": "https:\/\/cdn-consum.aktiosdigitalservices.com\/tol\/consum\/media\/product\/img\/300x300\/7044774.jpg?t=20250311103922"
    },
    {
        "id": 5609,
        "name": "Muesli Crujiente Chocolate CONSUM",
        "price": 2.49,
        "price_kilo": 4.98,
        "slug": "muesli-crujiente-chocolate",
        "description": "Muesli Crujiente Chocolate 500 Gr",
        "image": "https:\/\/cdn-consum.aktiosdigitalservices.com\/tol\/consum\/media\/product\/img\/300x300\/7044782.jpg?t=20250311103924"
    },
    {
        "id": 5612,
        "name": "Jud\u00eda Plana Bandeja ",
        "price": 1.99,
        "price_kilo": 7.96,
        "slug": "judia-plana-bandeja",
        "description": "Jud\u00eda Plana Bandeja 250 Gr",
        "image": "https:\/\/cdn-consum.aktiosdigitalservices.com\/tol\/consum\/media\/product\/img\/300x300\/7044899.jpg?t=20250204080146"
    },
    {
        "id": 5613,
        "name": "Horchata de Chufa Botella CONSUM",
        "price": 1.39,
        "price_kilo": 1.39,
        "slug": "horchata-de-chufa-botella",
        "description": "Horchata de Chufa Botella 1 L",
        "image": "https:\/\/cdn-consum.aktiosdigitalservices.com\/tol\/consum\/media\/product\/img\/300x300\/7044902.jpg?t=20250311103927"
    },
    {
        "id": 5614,
        "name": "Pate H\u00edgado de Cerdo Lata CONSUM",
        "price": 1.25,
        "price_kilo": 6.25,
        "slug": "pate-higado-de-cerdo-lata",
        "description": "Pate H\u00edgado de Cerdo Lata 200 Gr",
        "image": "https:\/\/cdn-consum.aktiosdigitalservices.com\/tol\/consum\/media\/product\/img\/300x300\/7044907.jpg?t=20250204080149"
    },
    {
        "id": 5622,
        "name": "Queso  Lonchas Fundido 16 Lonchas CONSUM",
        "price": 1.36,
        "price_kilo": 4.53,
        "slug": "queso-lonchas-fundido-16-lonchas",
        "description": "Queso  Lonchas Fundido 16 Lonchas 300 Gr",
        "image": "https:\/\/cdn-consum.aktiosdigitalservices.com\/tol\/consum\/media\/product\/img\/300x300\/7045144.jpg?t=20250103080326"
    },
    {
        "id": 5626,
        "name": "Cerveza Reserva 1925 Botella Cristal Pack-6 ALHAMBRA",
        "price": 7.98,
        "price_kilo": 4.03,
        "slug": "cerveza-reserva-1925-botella-cristal-pack-6",
        "description": "Cerveza Reserva 1925 Botella Cristal Pack-6 6 x 0,33 L",
        "image": "https:\/\/cdn-consum.aktiosdigitalservices.com\/tol\/consum\/media\/product\/img\/300x300\/7045180.jpg?t=20250109094037"
    },
    {
        "id": 5627,
        "name": "Caf\u00e9 Molido Natural CONSUM",
        "price": 2.35,
        "price_kilo": 9.4,
        "slug": "cafe-molido-natural",
        "description": "Caf\u00e9 Molido Natural 250 Gr",
        "image": "https:\/\/cdn-consum.aktiosdigitalservices.com\/tol\/consum\/media\/product\/img\/300x300\/7045255.jpg?t=20250312092742"
    },
    {
        "id": 5628,
        "name": "Caf\u00e9 Molido Mezcla CONSUM",
        "price": 2.35,
        "price_kilo": 9.4,
        "slug": "cafe-molido-mezcla",
        "description": "Caf\u00e9 Molido Mezcla 250 Gr",
        "image": "https:\/\/cdn-consum.aktiosdigitalservices.com\/tol\/consum\/media\/product\/img\/300x300\/7045263.jpg?t=20250311103931"
    },
    {
        "id": 5629,
        "name": "Caf\u00e9 Descafeinado Molido Natural CONSUM",
        "price": 2.55,
        "price_kilo": 10.2,
        "slug": "cafe-descafeinado-molido-natural",
        "description": "Caf\u00e9 Descafeinado Molido Natural 250 Gr",
        "image": "https:\/\/cdn-consum.aktiosdigitalservices.com\/tol\/consum\/media\/product\/img\/300x300\/7045268.jpg?t=20250311103934"
    },
    {
        "id": 5630,
        "name": "Chopped Lonchas Lata SERRANO",
        "price": 1.71,
        "price_kilo": 11.4,
        "slug": "chopped-lonchas-lata",
        "description": "Chopped Lonchas Lata 150 Gr",
        "image": "https:\/\/cdn-consum.aktiosdigitalservices.com\/tol\/consum\/media\/product\/img\/300x300\/7045300.jpg?t=20241217081009"
    },
    {
        "id": 5631,
        "name": "Chocolate Naranja Excellent LINDT",
        "price": 3.99,
        "price_kilo": 39.9,
        "slug": "chocolate-naranja-excellent",
        "description": "Chocolate Naranja Excellent 100 Gr",
        "image": "https:\/\/cdn-consum.aktiosdigitalservices.com\/tol\/consum\/media\/product\/img\/300x300\/7045359.jpg?t=20250311133125"
    },
    {
        "id": 5635,
        "name": "Leche Crecimiento Original Nativa NESTLE",
        "price": 2.35,
        "price_kilo": 2.35,
        "slug": "leche-crecimiento-original-nativa",
        "description": "Leche Crecimiento Original Nativa 1 L",
        "image": "https:\/\/cdn-consum.aktiosdigitalservices.com\/tol\/consum\/media\/product\/img\/300x300\/7046030.jpg?t=20250311164535"
    },
    {
        "id": 5638,
        "name": "Mejillones Natural 13\/18 Piezas CONSUM",
        "price": 1.95,
        "price_kilo": 28.26,
        "slug": "mejillones-natural-13-18-piezas",
        "description": "Mejillones Natural 13\/18 Piezas 69 Gr",
        "image": "https:\/\/cdn-consum.aktiosdigitalservices.com\/tol\/consum\/media\/product\/img\/300x300\/7046055.jpg?t=20250123075739"
    },
    {
        "id": 5639,
        "name": "Trozos de Calamar en Salsa Americana Pack CONSUM",
        "price": 2.8,
        "price_kilo": 15.82,
        "slug": "trozos-de-calamar-en-salsa-americana-pack",
        "description": "Trozos de Calamar en Salsa Americana Pack 3 x 59 Gr",
        "image": "https:\/\/cdn-consum.aktiosdigitalservices.com\/tol\/consum\/media\/product\/img\/300x300\/7046063.jpg?t=20250204082201"
    },
    {
        "id": 5640,
        "name": "At\u00fan en Tomate Pack de 3 CONSUM",
        "price": 2.1,
        "price_kilo": 13.46,
        "slug": "atun-en-tomate-pack-de-3",
        "description": "At\u00fan en Tomate Pack de 3 3 x 52 Gr",
        "image": "https:\/\/cdn-consum.aktiosdigitalservices.com\/tol\/consum\/media\/product\/img\/300x300\/7046071.jpg?t=20241217081009"
    },
    {
        "id": 5642,
        "name": "At\u00fan Claro Aceite Girasol Pack de 3 CONSUM",
        "price": 2.65,
        "price_kilo": 16.99,
        "slug": "atun-claro-aceite-girasol-pack-de-3",
        "description": "At\u00fan Claro Aceite Girasol Pack de 3 3 x 52 Gr",
        "image": "https:\/\/cdn-consum.aktiosdigitalservices.com\/tol\/consum\/media\/product\/img\/300x300\/7046092.jpg?t=20241217081009"
    },
    {
        "id": 5643,
        "name": "At\u00fan Claro Bajo en Sal en Aceite de Oliva Pack 3 CONSUM",
        "price": 3,
        "price_kilo": 19.23,
        "slug": "atun-claro-bajo-en-sal-en-aceite-de-oliva-pack-3",
        "description": "At\u00fan Claro Bajo en Sal en Aceite de Oliva Pack 3 3 x 52 Gr",
        "image": "https:\/\/cdn-consum.aktiosdigitalservices.com\/tol\/consum\/media\/product\/img\/300x300\/7046105.jpg?t=20241217081009"
    },
    {
        "id": 5644,
        "name": "Leche Calcio Entera Brik CONSUM",
        "price": 1.14,
        "price_kilo": 1.14,
        "slug": "leche-calcio-entera-brik",
        "description": "Leche Calcio Entera Brik 1 L",
        "image": "https:\/\/cdn-consum.aktiosdigitalservices.com\/tol\/consum\/media\/product\/img\/300x300\/7046592.jpg?t=20250311103941"
    },
    {
        "id": 5645,
        "name": "Leche Calcio. Semidesnatada Brik CONSUM",
        "price": 1,
        "price_kilo": 1,
        "slug": "leche-calcio-semidesnatada-brik",
        "description": "Leche Calcio. Semidesnatada Brik 1 L",
        "image": "https:\/\/cdn-consum.aktiosdigitalservices.com\/tol\/consum\/media\/product\/img\/300x300\/7046597.jpg?t=20250312092742"
    },
    {
        "id": 5646,
        "name": "Leche Calcio Desnatada. Brik CONSUM",
        "price": 0.97,
        "price_kilo": 0.97,
        "slug": "leche-calcio-desnatada-brik",
        "description": "Leche Calcio Desnatada. Brik 1 L",
        "image": "https:\/\/cdn-consum.aktiosdigitalservices.com\/tol\/consum\/media\/product\/img\/300x300\/7046600.jpg?t=20250311103947"
    },
    {
        "id": 5647,
        "name": "Zumo con Leche Tropical CONSUM",
        "price": 1,
        "price_kilo": 1.01,
        "slug": "zumo-con-leche-tropical",
        "description": "Zumo con Leche Tropical 3 x 330 ml",
        "image": "https:\/\/cdn-consum.aktiosdigitalservices.com\/tol\/consum\/media\/product\/img\/300x300\/7046605.jpg?t=20250311103949"
    },
    {
        "id": 5648,
        "name": "Zumo con Leche Mediterr\u00e1neo CONSUM",
        "price": 1,
        "price_kilo": 1.01,
        "slug": "zumo-con-leche-mediterraneo",
        "description": "Zumo con Leche Mediterr\u00e1neo 3 x 330 ml",
        "image": "https:\/\/cdn-consum.aktiosdigitalservices.com\/tol\/consum\/media\/product\/img\/300x300\/7046613.jpg?t=20250311103952"
    },
    {
        "id": 5652,
        "name": "At\u00fan Claro Aceite Oliva Pack de 3 CONSUM",
        "price": 2.85,
        "price_kilo": 18.27,
        "slug": "atun-claro-aceite-oliva-pack-de-3",
        "description": "At\u00fan Claro Aceite Oliva Pack de 3 3 x 52 Gr",
        "image": "https:\/\/cdn-consum.aktiosdigitalservices.com\/tol\/consum\/media\/product\/img\/300x300\/7047017.jpg?t=20250312092742"
    },
    {
        "id": 5660,
        "name": "Jud\u00edas Verdes Anchas Frasco CONSUM",
        "price": 1.25,
        "price_kilo": 3.47,
        "slug": "judias-verdes-anchas-frasco",
        "description": "Jud\u00edas Verdes Anchas Frasco 360 Gr",
        "image": "https:\/\/cdn-consum.aktiosdigitalservices.com\/tol\/consum\/media\/product\/img\/300x300\/7048283.jpg?t=20241217081009"
    },
    {
        "id": 5662,
        "name": "Pizza congelada Ristorante Mozzarella RISTORANTE",
        "price": 3.89,
        "price_kilo": 11.61,
        "slug": "pizza-congelada-ristorante-mozzarella",
        "description": "Pizza congelada Ristorante Mozzarella 335 Gr",
        "image": "https:\/\/cdn-consum.aktiosdigitalservices.com\/tol\/consum\/media\/product\/img\/300x300\/7048353.jpg?t=20250227090439"
    },
    {
        "id": 5663,
        "name": "Pizza congelada Ristorante Speciale RISTORANTE",
        "price": 3.89,
        "price_kilo": 11.28,
        "slug": "pizza-congelada-ristorante-speciale",
        "description": "Pizza congelada Ristorante Speciale 345 Gr",
        "image": "https:\/\/cdn-consum.aktiosdigitalservices.com\/tol\/consum\/media\/product\/img\/300x300\/7048358.jpg?t=20250227090440"
    },
    {
        "id": 5664,
        "name": "Bonito en Aceite de Oliva Lata CONSUM",
        "price": 1.9,
        "price_kilo": 26.39,
        "slug": "bonito-en-aceite-de-oliva-lata",
        "description": "Bonito en Aceite de Oliva Lata 72 Gr",
        "image": "https:\/\/cdn-consum.aktiosdigitalservices.com\/tol\/consum\/media\/product\/img\/300x300\/7048465.jpg?t=20250109094053"
    },
    {
        "id": 5665,
        "name": "Tarrito Buenas Noches Pollo y Verduritas Pack 2 HERO",
        "price": 2.99,
        "price_kilo": 7.87,
        "slug": "tarrito-buenas-noches-pollo-y-verduritas-pack-2",
        "description": "Tarrito Buenas Noches Pollo y Verduritas Pack 2 2 x 190 Gr",
        "image": "https:\/\/cdn-consum.aktiosdigitalservices.com\/tol\/consum\/media\/product\/img\/300x300\/7048569.jpg?t=20250311133129"
    },
    {
        "id": 5666,
        "name": "Tarrito Buenas Noches Pescadilla Pack 2 HERO",
        "price": 2.99,
        "price_kilo": 7.87,
        "slug": "tarrito-buenas-noches-pescadilla-pack-2",
        "description": "Tarrito Buenas Noches Pescadilla Pack 2 2 x 190 Gr",
        "image": "https:\/\/cdn-consum.aktiosdigitalservices.com\/tol\/consum\/media\/product\/img\/300x300\/7048572.jpg?t=20250311133132"
    },
    {
        "id": 5672,
        "name": "Actimel L\u00edquido 0% Fresa Pack 6 Unidades DANONE",
        "price": 3.79,
        "price_kilo": 6.32,
        "slug": "actimel-liquido-0-fresa-pack-6-unidades",
        "description": "Actimel L\u00edquido 0% Fresa Pack 6 Unidades 6 x 100 Gr",
        "image": "https:\/\/cdn-consum.aktiosdigitalservices.com\/tol\/consum\/media\/product\/img\/300x300\/7049299.jpg?t=20250312125039"
    },
    {
        "id": 5681,
        "name": "Pan Rallado Natural Paquete CONSUM",
        "price": 0.6,
        "price_kilo": 1.2,
        "slug": "pan-rallado-natural-paquete",
        "description": "Pan Rallado Natural Paquete 500 Gr",
        "image": "https:\/\/cdn-consum.aktiosdigitalservices.com\/tol\/consum\/media\/product\/img\/300x300\/7050516.jpg?t=20250228075803"
    },
    {
        "id": 5689,
        "name": "Mejillones Picantes 13\/18 Piezas CONSUM",
        "price": 2.09,
        "price_kilo": 30.29,
        "slug": "mejillones-picantes-13-18-piezas",
        "description": "Mejillones Picantes 13\/18 Piezas 69 Gr",
        "image": "https:\/\/cdn-consum.aktiosdigitalservices.com\/tol\/consum\/media\/product\/img\/300x300\/7051782.jpg?t=20250123075740"
    },
    {
        "id": 5691,
        "name": "Refresco Cola Zero Botella COCA-COLA",
        "price": 2.1,
        "price_kilo": 1.05,
        "slug": "refresco-cola-zero-botella",
        "description": "Refresco Cola Zero Botella 2 L",
        "image": "https:\/\/cdn-consum.aktiosdigitalservices.com\/tol\/consum\/media\/product\/img\/300x300\/7052330.jpg?t=20250311133139"
    },
    {
        "id": 5693,
        "name": "Comida Seca Perros Dog Mini Adulto Pollo ULTIMA",
        "price": 7.99,
        "price_kilo": 5.33,
        "slug": "comida-seca-perros-dog-mini-adulto-pollo",
        "description": "Comida Seca Perros Dog Mini Adulto Pollo 1,5 Kg",
        "image": "https:\/\/cdn-consum.aktiosdigitalservices.com\/tol\/consum\/media\/product\/img\/300x300\/7052970.jpg?t=20250313080006"
    },
    {
        "id": 5696,
        "name": "Tortilla Chip Sal ZANUY",
        "price": 1.65,
        "price_kilo": 8.25,
        "slug": "tortilla-chip-sal",
        "description": "Tortilla Chip Sal 200 Gr",
        "image": "https:\/\/cdn-consum.aktiosdigitalservices.com\/tol\/consum\/media\/product\/img\/300x300\/7053127.jpg?t=20250312092742"
    },
    {
        "id": 5699,
        "name": "Macedonia de Verduras Frasco CONSUM",
        "price": 0.9,
        "price_kilo": 2.77,
        "slug": "macedonia-de-verduras-frasco",
        "description": "Macedonia de Verduras Frasco 325 Gr",
        "image": "https:\/\/cdn-consum.aktiosdigitalservices.com\/tol\/consum\/media\/product\/img\/300x300\/7053700.jpg?t=20241217081010"
    },
    {
        "id": 5700,
        "name": "Espinacas Bolsa CONSUM",
        "price": 1.24,
        "price_kilo": 4.13,
        "slug": "espinacas-bolsa",
        "description": "Espinacas Bolsa 300 Gr",
        "image": "https:\/\/cdn-consum.aktiosdigitalservices.com\/tol\/consum\/media\/product\/img\/300x300\/7054273.jpg?t=20250121081128"
    },
    {
        "id": 5701,
        "name": "Acelgas Bolsa CONSUM",
        "price": 1.24,
        "price_kilo": 4.13,
        "slug": "acelgas-bolsa",
        "description": "Acelgas Bolsa 300 Gr",
        "image": "https:\/\/cdn-consum.aktiosdigitalservices.com\/tol\/consum\/media\/product\/img\/300x300\/7054286.jpg?t=20250121081128"
    },
    {
        "id": 5703,
        "name": "Lechuga Iceberg Bolsa CONSUM",
        "price": 0.9,
        "price_kilo": 3.6,
        "slug": "lechuga-iceberg-bolsa",
        "description": "Lechuga Iceberg Bolsa 250 Gr",
        "image": "https:\/\/cdn-consum.aktiosdigitalservices.com\/tol\/consum\/media\/product\/img\/300x300\/7054307.jpg?t=20250121080000"
    },
    {
        "id": 5704,
        "name": "Can\u00f3nigos Bolsa CONSUM",
        "price": 1.18,
        "price_kilo": 9.44,
        "slug": "canonigos-bolsa",
        "description": "Can\u00f3nigos Bolsa 125 Gr",
        "image": "https:\/\/cdn-consum.aktiosdigitalservices.com\/tol\/consum\/media\/product\/img\/300x300\/7054315.jpg?t=20250128080549"
    },
    {
        "id": 5705,
        "name": "Ensalada 4 Estaciones Bolsa CONSUM",
        "price": 0.86,
        "price_kilo": 3.44,
        "slug": "ensalada-4-estaciones-bolsa",
        "description": "Ensalada 4 Estaciones Bolsa 250 Gr",
        "image": "https:\/\/cdn-consum.aktiosdigitalservices.com\/tol\/consum\/media\/product\/img\/300x300\/7054323.jpg?t=20250103080350"
    },
    {
        "id": 5711,
        "name": "Mermelada Fresa Frasco CONSUM",
        "price": 1.55,
        "price_kilo": 3.78,
        "slug": "mermelada-fresa-frasco",
        "description": "Mermelada Fresa Frasco 410 Gr",
        "image": "https:\/\/cdn-consum.aktiosdigitalservices.com\/tol\/consum\/media\/product\/img\/300x300\/7055259.jpg?t=20250311104019"
    },
    {
        "id": 5712,
        "name": "Mermelada Melocot\u00f3n Frasco CONSUM",
        "price": 1.35,
        "price_kilo": 3.29,
        "slug": "mermelada-melocoton-frasco",
        "description": "Mermelada Melocot\u00f3n Frasco 410 Gr",
        "image": "https:\/\/cdn-consum.aktiosdigitalservices.com\/tol\/consum\/media\/product\/img\/300x300\/7055267.jpg?t=20250311104022"
    },
    {
        "id": 5717,
        "name": "Mega Mix Snacks Bolsa CONSUM",
        "price": 1.15,
        "price_kilo": 8.21,
        "slug": "mega-mix-snacks-bolsa",
        "description": "Mega Mix Snacks Bolsa 140 Gr",
        "image": "https:\/\/cdn-consum.aktiosdigitalservices.com\/tol\/consum\/media\/product\/img\/300x300\/7056380.jpg?t=20250211075826"
    },
    {
        "id": 5718,
        "name": "Conos de Ma\u00edz Sabor Queso-Bacon CONSUM",
        "price": 0.64,
        "price_kilo": 8,
        "slug": "conos-de-maiz-sabor-queso-bacon",
        "description": "Conos de Ma\u00edz Sabor Queso-Bacon 80 Gr",
        "image": "https:\/\/cdn-consum.aktiosdigitalservices.com\/tol\/consum\/media\/product\/img\/300x300\/7056385.jpg?t=20250219075841"
    },
    {
        "id": 5722,
        "name": "Ruedas de Patata Bolsa CONSUM",
        "price": 1.15,
        "price_kilo": 14.38,
        "slug": "ruedas-de-patata-bolsa",
        "description": "Ruedas de Patata Bolsa 80 Gr",
        "image": "https:\/\/cdn-consum.aktiosdigitalservices.com\/tol\/consum\/media\/product\/img\/300x300\/7056554.jpg?t=20250312092743"
    },
    {
        "id": 5723,
        "name": "Ganchito Ma\u00edz Sabor Queso Bolsa CONSUM",
        "price": 0.7,
        "price_kilo": 8.75,
        "slug": "ganchito-maiz-sabor-queso-bolsa",
        "description": "Ganchito Ma\u00edz Sabor Queso Bolsa 80 Gr",
        "image": "https:\/\/cdn-consum.aktiosdigitalservices.com\/tol\/consum\/media\/product\/img\/300x300\/7056559.jpg?t=20241217081011"
    },
    {
        "id": 5724,
        "name": "Fritos Sabor Barbacoa CONSUM",
        "price": 0.65,
        "price_kilo": 5,
        "slug": "fritos-sabor-barbacoa",
        "description": "Fritos Sabor Barbacoa 130 Gr",
        "image": "https:\/\/cdn-consum.aktiosdigitalservices.com\/tol\/consum\/media\/product\/img\/300x300\/7056562.jpg?t=20250304104957"
    },
    {
        "id": 5725,
        "name": "Ma\u00edz Crudo Palomitas Bolsa CONSUM",
        "price": 0.87,
        "price_kilo": 3.48,
        "slug": "maiz-crudo-palomitas-bolsa",
        "description": "Ma\u00edz Crudo Palomitas Bolsa 250 Gr",
        "image": "https:\/\/cdn-consum.aktiosdigitalservices.com\/tol\/consum\/media\/product\/img\/300x300\/7056570.jpg?t=20250103080355"
    },
    {
        "id": 5726,
        "name": "Cacahuetes Fritos Piel Bolsa CONSUM",
        "price": 1.3,
        "price_kilo": 5.2,
        "slug": "cacahuetes-fritos-piel-bolsa",
        "description": "Cacahuetes Fritos Piel Bolsa 250 Gr",
        "image": "https:\/\/cdn-consum.aktiosdigitalservices.com\/tol\/consum\/media\/product\/img\/300x300\/7056609.jpg?t=20250128075819"
    },
    {
        "id": 5727,
        "name": "Crema de Verduras Mediterr\u00e1neas KNORR",
        "price": 2.29,
        "price_kilo": 4.58,
        "slug": "crema-de-verduras-mediterraneas",
        "description": "Crema de Verduras Mediterr\u00e1neas 0,5 L",
        "image": "https:\/\/cdn-consum.aktiosdigitalservices.com\/tol\/consum\/media\/product\/img\/300x300\/7056724.jpg?t=20250312092743"
    },
    {
        "id": 5730,
        "name": "Patatas Prefritas Corte Fino congeladas CONSUM",
        "price": 1.99,
        "price_kilo": 1.99,
        "slug": "patatas-prefritas-corte-fino-congeladas",
        "description": "Patatas Prefritas Corte Fino congeladas 1 Kg",
        "image": "https:\/\/cdn-consum.aktiosdigitalservices.com\/tol\/consum\/media\/product\/img\/300x300\/7057706.jpg?t=20250103080400"
    },
    {
        "id": 5731,
        "name": "Flan Huevo Ba\u00f1o Mar\u00eda Pack de 4 Unidades CONSUM",
        "price": 1.35,
        "price_kilo": 3.38,
        "slug": "flan-huevo-bano-maria-pack-de-4-unidades",
        "description": "Flan Huevo Ba\u00f1o Mar\u00eda Pack de 4 Unidades 4 x 100 Gr",
        "image": "https:\/\/cdn-consum.aktiosdigitalservices.com\/tol\/consum\/media\/product\/img\/300x300\/7057748.jpg?t=20250227090500"
    },
    {
        "id": 5732,
        "name": "Queso Rallado  Emmental Franc\u00e9s PRESIDENT",
        "price": 2.35,
        "price_kilo": 26.11,
        "slug": "queso-rallado-emmental-frances",
        "description": "Queso Rallado  Emmental Franc\u00e9s 90 Gr",
        "image": "https:\/\/cdn-consum.aktiosdigitalservices.com\/tol\/consum\/media\/product\/img\/300x300\/7057912.jpg?t=20250206090827"
    },
    {
        "id": 5735,
        "name": "Pi\u00f1a en su Jugo Pack de 3 PELLI",
        "price": 2.45,
        "price_kilo": 5.83,
        "slug": "pina-en-su-jugo-pack-de-3",
        "description": "Pi\u00f1a en su Jugo Pack de 3 3 x 140 Gr",
        "image": "https:\/\/cdn-consum.aktiosdigitalservices.com\/tol\/consum\/media\/product\/img\/300x300\/7059426.jpg?t=20250311133143"
    },
    {
        "id": 5736,
        "name": "Garbanzos Espinacas Frasco LUENGO",
        "price": 1.49,
        "price_kilo": 4.03,
        "slug": "garbanzos-espinacas-frasco",
        "description": "Garbanzos Espinacas Frasco 370 Gr",
        "image": "https:\/\/cdn-consum.aktiosdigitalservices.com\/tol\/consum\/media\/product\/img\/300x300\/7059520.jpg?t=20241217081011"
    },
    {
        "id": 5737,
        "name": "Batido al Cacao Pack de 6 PULEVA",
        "price": 2.79,
        "price_kilo": 2.33,
        "slug": "batido-al-cacao-pack-de-6",
        "description": "Batido al Cacao Pack de 6 6 x 200 ml",
        "image": "https:\/\/cdn-consum.aktiosdigitalservices.com\/tol\/consum\/media\/product\/img\/300x300\/7059769.jpg?t=20250312092743"
    },
    {
        "id": 5738,
        "name": "Pizza congelada Ristorante At\u00fan RISTORANTE",
        "price": 3.89,
        "price_kilo": 10.96,
        "slug": "pizza-congelada-ristorante-atun",
        "description": "Pizza congelada Ristorante At\u00fan 355 Gr",
        "image": "https:\/\/cdn-consum.aktiosdigitalservices.com\/tol\/consum\/media\/product\/img\/300x300\/7059954.jpg?t=20250227090506"
    },
    {
        "id": 5739,
        "name": "Espirales con Vegetales Paquete CONSUM",
        "price": 0.99,
        "price_kilo": 1.98,
        "slug": "espirales-con-vegetales-paquete",
        "description": "Espirales con Vegetales Paquete 500 Gr",
        "image": "https:\/\/cdn-consum.aktiosdigitalservices.com\/tol\/consum\/media\/product\/img\/300x300\/7060507.jpg?t=20250222075728"
    },
    {
        "id": 5742,
        "name": "Macarrones Paquete CONSUM",
        "price": 0.8,
        "price_kilo": 1.6,
        "slug": "macarrones-paquete",
        "description": "Macarrones Paquete 500 Gr",
        "image": "https:\/\/cdn-consum.aktiosdigitalservices.com\/tol\/consum\/media\/product\/img\/300x300\/7060531.jpg?t=20250312092743"
    },
    {
        "id": 5744,
        "name": "Fideua Paquete CONSUM",
        "price": 0.8,
        "price_kilo": 1.6,
        "slug": "fideua-paquete",
        "description": "Fideua Paquete 500 Gr",
        "image": "https:\/\/cdn-consum.aktiosdigitalservices.com\/tol\/consum\/media\/product\/img\/300x300\/7060544.jpg?t=20250312092743"
    },
    {
        "id": 5746,
        "name": "Pasta Tiburones Paquete CONSUM",
        "price": 0.8,
        "price_kilo": 1.6,
        "slug": "pasta-tiburones-paquete",
        "description": "Pasta Tiburones Paquete 500 Gr",
        "image": "https:\/\/cdn-consum.aktiosdigitalservices.com\/tol\/consum\/media\/product\/img\/300x300\/7060551.jpg?t=20250311164537"
    },
    {
        "id": 5747,
        "name": "Espirales Paquete CONSUM",
        "price": 0.8,
        "price_kilo": 1.6,
        "slug": "espirales-paquete",
        "description": "Espirales Paquete 500 Gr",
        "image": "https:\/\/cdn-consum.aktiosdigitalservices.com\/tol\/consum\/media\/product\/img\/300x300\/7060556.jpg?t=20250224075636"
    },
    {
        "id": 5749,
        "name": "Macarrones Finos Paquete CONSUM",
        "price": 0.8,
        "price_kilo": 1.6,
        "slug": "macarrones-finos-paquete",
        "description": "Macarrones Finos Paquete 500 Gr",
        "image": "https:\/\/cdn-consum.aktiosdigitalservices.com\/tol\/consum\/media\/product\/img\/300x300\/7060569.jpg?t=20250228075816"
    },
    {
        "id": 5750,
        "name": "Macarrones Rayados Paquete CONSUM",
        "price": 0.86,
        "price_kilo": 1.72,
        "slug": "macarrones-rayados-paquete",
        "description": "Macarrones Rayados Paquete 500 Gr",
        "image": "https:\/\/cdn-consum.aktiosdigitalservices.com\/tol\/consum\/media\/product\/img\/300x300\/7060572.jpg?t=20250228075817"
    },
    {
        "id": 5751,
        "name": "Pasta Estrellas Paquete CONSUM",
        "price": 0.8,
        "price_kilo": 1.6,
        "slug": "pasta-estrellas-paquete",
        "description": "Pasta Estrellas Paquete 500 Gr",
        "image": "https:\/\/cdn-consum.aktiosdigitalservices.com\/tol\/consum\/media\/product\/img\/300x300\/7060577.jpg?t=20250222075732"
    },
    {
        "id": 5752,
        "name": "Fideos Cabell\u00edn Paquete CONSUM",
        "price": 0.8,
        "price_kilo": 1.6,
        "slug": "fideos-cabellin-paquete",
        "description": "Fideos Cabell\u00edn Paquete 500 Gr",
        "image": "https:\/\/cdn-consum.aktiosdigitalservices.com\/tol\/consum\/media\/product\/img\/300x300\/7060598.jpg?t=20250228075820"
    },
    {
        "id": 5753,
        "name": "Fideos Medianos Paquete CONSUM",
        "price": 0.8,
        "price_kilo": 1.6,
        "slug": "fideos-medianos-paquete",
        "description": "Fideos Medianos Paquete 500 Gr",
        "image": "https:\/\/cdn-consum.aktiosdigitalservices.com\/tol\/consum\/media\/product\/img\/300x300\/7060606.jpg?t=20250311164537"
    },
    {
        "id": 5755,
        "name": "Toldo Salvalluvias COLEBOLSA",
        "price": 1.99,
        "price_kilo": 1.99,
        "slug": "toldo-salvalluvias",
        "description": "Toldo Salvalluvias 1 U",
        "image": "https:\/\/cdn-consum.aktiosdigitalservices.com\/tol\/consum\/media\/product\/img\/300x300\/7060965.jpg?t=20241217081011"
    },
    {
        "id": 5763,
        "name": "Queso Fresco Pack de 2 Unidades CONSUM",
        "price": 1.98,
        "price_kilo": 3.96,
        "slug": "queso-fresco-pack-de-2-unidades",
        "description": "Queso Fresco Pack de 2 Unidades 2 x 250 Gr",
        "image": "https:\/\/cdn-consum.aktiosdigitalservices.com\/tol\/consum\/media\/product\/img\/300x300\/7061252.jpg?t=20250103080437"
    },
    {
        "id": 5767,
        "name": "Crema Manos Protectora R\u00e1pida Absorci\u00f3n EUDERMIN",
        "price": 2.15,
        "price_kilo": 2.87,
        "slug": "crema-manos-protectora-rapida-absorcion",
        "description": "Crema Manos Protectora R\u00e1pida Absorci\u00f3n 75 ml",
        "image": "https:\/\/cdn-consum.aktiosdigitalservices.com\/tol\/consum\/media\/product\/img\/300x300\/7061641.jpg?t=20250311164537"
    },
    {
        "id": 5768,
        "name": "Dent\u00edfrico Blanqueador KYREY",
        "price": 0.99,
        "price_kilo": 1.32,
        "slug": "dentifrico-blanqueador",
        "description": "Dent\u00edfrico Blanqueador 75 ml",
        "image": "https:\/\/cdn-consum.aktiosdigitalservices.com\/tol\/consum\/media\/product\/img\/300x300\/7061802.jpg?t=20241217081011"
    },
    {
        "id": 5769,
        "name": "Gel Dental 2 a 6 A\u00f1os Sabor Fresa CONSUM KIDS",
        "price": 0.89,
        "price_kilo": 1.78,
        "slug": "gel-dental-2-a-6-anos-sabor-fresa",
        "description": "Gel Dental 2 a 6 A\u00f1os Sabor Fresa 50 ml",
        "image": "https:\/\/cdn-consum.aktiosdigitalservices.com\/tol\/consum\/media\/product\/img\/300x300\/7061831.jpg?t=20241217081011"
    },
    {
        "id": 5770,
        "name": "Enjuague Bucal Junior CONSUM KIDS",
        "price": 1.4,
        "price_kilo": 0.28,
        "slug": "enjuague-bucal-junior",
        "description": "Enjuague Bucal Junior 500 ml",
        "image": "https:\/\/cdn-consum.aktiosdigitalservices.com\/tol\/consum\/media\/product\/img\/300x300\/7061851.jpg?t=20241217081011"
    },
    {
        "id": 5771,
        "name": "Agua Mineral Natural Tap\u00f3n Sport CONSUM",
        "price": 0.26,
        "price_kilo": 0.79,
        "slug": "agua-mineral-natural-tapon-sport",
        "description": "Agua Mineral Natural Tap\u00f3n Sport 0,33 L",
        "image": "https:\/\/cdn-consum.aktiosdigitalservices.com\/tol\/consum\/media\/product\/img\/300x300\/7061869.jpg?t=20250205075934"
    },
    {
        "id": 5772,
        "name": "Agua Mineral Natural. Tap\u00f3n Rosca CONSUM",
        "price": 0.24,
        "price_kilo": 0.48,
        "slug": "agua-mineral-natural-tapon-rosca",
        "description": "Agua Mineral Natural. Tap\u00f3n Rosca 0,5 L",
        "image": "https:\/\/cdn-consum.aktiosdigitalservices.com\/tol\/consum\/media\/product\/img\/300x300\/7061877.jpg?t=20250205075935"
    },
    {
        "id": 5773,
        "name": "T\u00f3nica Botella CONSUM",
        "price": 0.95,
        "price_kilo": 0.63,
        "slug": "tonica-botella",
        "description": "T\u00f3nica Botella 1,5 L",
        "image": "https:\/\/cdn-consum.aktiosdigitalservices.com\/tol\/consum\/media\/product\/img\/300x300\/7061927.jpg?t=20241217081011"
    },
    {
        "id": 5774,
        "name": "Cortezas de Cerdo Bolsa CONSUM",
        "price": 1.27,
        "price_kilo": 12.7,
        "slug": "cortezas-de-cerdo-bolsa",
        "description": "Cortezas de Cerdo Bolsa 100 Gr",
        "image": "https:\/\/cdn-consum.aktiosdigitalservices.com\/tol\/consum\/media\/product\/img\/300x300\/7062024.jpg?t=20241217081012"
    },
    {
        "id": 5778,
        "name": "Nata Montada 500 Ml. CONSUM",
        "price": 2.25,
        "price_kilo": 9.78,
        "slug": "nata-montada-500-ml",
        "description": "Nata Montada 500 Ml. 230 Gr",
        "image": "https:\/\/cdn-consum.aktiosdigitalservices.com\/tol\/consum\/media\/product\/img\/300x300\/7062581.jpg?t=20250312125047"
    },
    {
        "id": 5781,
        "name": "Champ\u00fa 2 en 1 Delicado TIMOTEI",
        "price": 3.29,
        "price_kilo": 0.82,
        "slug": "champu-2-en-1-delicado",
        "description": "Champ\u00fa 2 en 1 Delicado 400 ml",
        "image": "https:\/\/cdn-consum.aktiosdigitalservices.com\/tol\/consum\/media\/product\/img\/300x300\/7063944.jpg?t=20250206090842"
    },
    {
        "id": 5782,
        "name": "Chocolate con Leche CONSUM",
        "price": 1.35,
        "price_kilo": 9,
        "slug": "chocolate-con-leche",
        "description": "Chocolate con Leche 150 Gr",
        "image": "https:\/\/cdn-consum.aktiosdigitalservices.com\/tol\/consum\/media\/product\/img\/300x300\/7064004.jpg?t=20250311133146"
    },
    {
        "id": 5783,
        "name": "Chocolate Blanco Extrafino CONSUM",
        "price": 0.89,
        "price_kilo": 11.87,
        "slug": "chocolate-blanco-extrafino",
        "description": "Chocolate Blanco Extrafino 75 Gr",
        "image": "https:\/\/cdn-consum.aktiosdigitalservices.com\/tol\/consum\/media\/product\/img\/300x300\/7064009.jpg?t=20250311133148"
    },
    {
        "id": 5784,
        "name": "Chocolate con Leche con Almendras CONSUM",
        "price": 1.5,
        "price_kilo": 10,
        "slug": "chocolate-con-leche-con-almendras",
        "description": "Chocolate con Leche con Almendras 150 Gr",
        "image": "https:\/\/cdn-consum.aktiosdigitalservices.com\/tol\/consum\/media\/product\/img\/300x300\/7064020.jpg?t=20250311133150"
    },
    {
        "id": 5785,
        "name": "Chocolate con Avellanas CONSUM",
        "price": 1.5,
        "price_kilo": 10,
        "slug": "chocolate-con-avellanas",
        "description": "Chocolate con Avellanas 150 Gr",
        "image": "https:\/\/cdn-consum.aktiosdigitalservices.com\/tol\/consum\/media\/product\/img\/300x300\/7064025.jpg?t=20250311133152"
    },
    {
        "id": 5786,
        "name": "Jam\u00f3n Cocido Extra CONSUM",
        "price": 2.04,
        "price_kilo": 10.2,
        "slug": "jamon-cocido-extra",
        "description": "Jam\u00f3n Cocido Extra 200 Gr",
        "image": "https:\/\/cdn-consum.aktiosdigitalservices.com\/tol\/consum\/media\/product\/img\/300x300\/7064467.jpg?t=20241217081012"
    },
    {
        "id": 5789,
        "name": "Pi\u00f1a en su Jugo PELLI",
        "price": 1.65,
        "price_kilo": 4.85,
        "slug": "pina-en-su-jugo",
        "description": "Pi\u00f1a en su Jugo 340 Gr",
        "image": "https:\/\/cdn-consum.aktiosdigitalservices.com\/tol\/consum\/media\/product\/img\/300x300\/7064637.jpg?t=20250311133155"
    },
    {
        "id": 5793,
        "name": "Infusi\u00f3n Duerme Bien 20 Bolsitas POMPADOUR",
        "price": 2.79,
        "price_kilo": 0.14,
        "slug": "infusion-duerme-bien-20-bolsitas",
        "description": "Infusi\u00f3n Duerme Bien 20 Bolsitas 20 U",
        "image": "https:\/\/cdn-consum.aktiosdigitalservices.com\/tol\/consum\/media\/product\/img\/300x300\/7066066.jpg?t=20250311133159"
    },
    {
        "id": 5794,
        "name": "Desodorante Spray Fresh Nature BYLY",
        "price": 3.35,
        "price_kilo": 1.68,
        "slug": "desodorante-spray-fresh-nature",
        "description": "Desodorante Spray Fresh Nature 200 ml",
        "image": "https:\/\/cdn-consum.aktiosdigitalservices.com\/tol\/consum\/media\/product\/img\/300x300\/7066280.jpg?t=20250304105025"
    },
    {
        "id": 5795,
        "name": "Zumo Exprimido Naranja Sin pulpa - Brik DON SIMON",
        "price": 1.99,
        "price_kilo": 1.99,
        "slug": "zumo-exprimido-naranja-sin-pulpa---brik",
        "description": "Zumo Exprimido Naranja Sin pulpa - Brik 1 L",
        "image": "https:\/\/cdn-consum.aktiosdigitalservices.com\/tol\/consum\/media\/product\/img\/300x300\/7066389.jpg?t=20250311124124"
    },
    {
        "id": 5797,
        "name": "Queso Mezcla Semicurado Cu\u00f1a G.BAQUERO",
        "price": 5.19,
        "price_kilo": 15.97,
        "slug": "queso-mezcla-semicurado-cuna",
        "description": "Queso Mezcla Semicurado Cu\u00f1a 325 Gr",
        "image": "https:\/\/cdn-consum.aktiosdigitalservices.com\/tol\/consum\/media\/product\/img\/300x300\/7067093.jpg?t=20250121080006"
    },
    {
        "id": 5798,
        "name": "Queso Mezcla Tierno Cu\u00f1a G.BAQUERO",
        "price": 4.99,
        "price_kilo": 15.35,
        "slug": "queso-mezcla-tierno-cuna",
        "description": "Queso Mezcla Tierno Cu\u00f1a 325 Gr",
        "image": "https:\/\/cdn-consum.aktiosdigitalservices.com\/tol\/consum\/media\/product\/img\/300x300\/7067098.jpg?t=20250206090902"
    },
    {
        "id": 5811,
        "name": "Cava Brut Nature D.O.Cava JAUME SERRA",
        "price": 4.25,
        "price_kilo": 5.67,
        "slug": "cava-brut-nature-docava",
        "description": "Cava Brut Nature D.O.Cava 0,75 L",
        "image": "https:\/\/cdn-consum.aktiosdigitalservices.com\/tol\/consum\/media\/product\/img\/300x300\/7067994.jpg?t=20250313080012"
    },
    {
        "id": 5812,
        "name": "Sal Lavavajillas En Grano FINISH",
        "price": 6.99,
        "price_kilo": 3.5,
        "slug": "sal-lavavajillas-en-grano",
        "description": "Sal Lavavajillas En Grano 2 Kg",
        "image": "https:\/\/cdn-consum.aktiosdigitalservices.com\/tol\/consum\/media\/product\/img\/300x300\/7068484.jpg?t=20241217081012"
    },
    {
        "id": 5815,
        "name": "Apio Verde Cortado Bandeja ",
        "price": 1.29,
        "price_kilo": 4.3,
        "slug": "apio-verde-cortado-bandeja",
        "description": "Apio Verde Cortado Bandeja 300 Gr",
        "image": "https:\/\/cdn-consum.aktiosdigitalservices.com\/tol\/consum\/media\/product\/img\/300x300\/7068872.jpg?t=20250121080008"
    },
    {
        "id": 5817,
        "name": "Gamuzas Atrapapolvo CONSUM",
        "price": 1.25,
        "price_kilo": 0.06,
        "slug": "gamuzas-atrapapolvo",
        "description": "Gamuzas Atrapapolvo 20 U",
        "image": "https:\/\/cdn-consum.aktiosdigitalservices.com\/tol\/consum\/media\/product\/img\/300x300\/7068984.jpg?t=20241217081013"
    },
    {
        "id": 5818,
        "name": "Aluminio CONSUM",
        "price": 2.25,
        "price_kilo": 0.08,
        "slug": "aluminio",
        "description": "Aluminio 30 M",
        "image": "https:\/\/cdn-consum.aktiosdigitalservices.com\/tol\/consum\/media\/product\/img\/300x300\/7069003.jpg?t=20241226075628"
    },
    {
        "id": 5819,
        "name": "Aluminio CONSUM",
        "price": 3.59,
        "price_kilo": 0.07,
        "slug": "aluminio",
        "description": "Aluminio 50 M",
        "image": "https:\/\/cdn-consum.aktiosdigitalservices.com\/tol\/consum\/media\/product\/img\/300x300\/7069008.jpg?t=20250312092743"
    },
    {
        "id": 5821,
        "name": "Aceitunas Rellenas Anchoa Suave Pack 3 JOLCA",
        "price": 3.15,
        "price_kilo": 21,
        "slug": "aceitunas-rellenas-anchoa-suave-pack-3",
        "description": "Aceitunas Rellenas Anchoa Suave Pack 3 3 x 50 Gr",
        "image": "https:\/\/cdn-consum.aktiosdigitalservices.com\/tol\/consum\/media\/product\/img\/300x300\/7069029.jpg?t=20250318075934"
    },
    {
        "id": 5822,
        "name": "Queso Mezcla Tronch\u00f3n Cu\u00f1a GRANJA RINYA",
        "price": 2.51,
        "price_kilo": 12.55,
        "slug": "queso-mezcla-tronchon-cuna",
        "description": "Queso Mezcla Tronch\u00f3n Cu\u00f1a 200 Gr",
        "image": "https:\/\/cdn-consum.aktiosdigitalservices.com\/tol\/consum\/media\/product\/img\/300x300\/7069102.jpg?t=20250103080458"
    },
    {
        "id": 5824,
        "name": "Caldo L\u00edquido Casero de Pollo  Brik CONSUM",
        "price": 0.7,
        "price_kilo": 0.7,
        "slug": "caldo-liquido-casero-de-pollo-brik",
        "description": "Caldo L\u00edquido Casero de Pollo  Brik 1 L",
        "image": "https:\/\/cdn-consum.aktiosdigitalservices.com\/tol\/consum\/media\/product\/img\/300x300\/7069292.jpg?t=20241217081013"
    },
    {
        "id": 5825,
        "name": "Caldo L\u00edquido Pescado Brik CONSUM",
        "price": 1,
        "price_kilo": 1,
        "slug": "caldo-liquido-pescado-brik",
        "description": "Caldo L\u00edquido Pescado Brik 1 L",
        "image": "https:\/\/cdn-consum.aktiosdigitalservices.com\/tol\/consum\/media\/product\/img\/300x300\/7069297.jpg?t=20250206090917"
    },
    {
        "id": 5827,
        "name": "Pechuga de Pavo Finas Lonchas CONSUM",
        "price": 2,
        "price_kilo": 10,
        "slug": "pechuga-de-pavo-finas-lonchas",
        "description": "Pechuga de Pavo Finas Lonchas 200 Gr",
        "image": "https:\/\/cdn-consum.aktiosdigitalservices.com\/tol\/consum\/media\/product\/img\/300x300\/7069305.jpg?t=20241217081013"
    },
    {
        "id": 5828,
        "name": "Refresco Cola Zero Botella COCA-COLA",
        "price": 1.49,
        "price_kilo": 2.98,
        "slug": "refresco-cola-zero-botella",
        "description": "Refresco Cola Zero Botella 0,5 L",
        "image": "https:\/\/cdn-consum.aktiosdigitalservices.com\/tol\/consum\/media\/product\/img\/300x300\/7069458.jpg?t=20250228075825"
    },
    {
        "id": 5829,
        "name": "Bebida Isot\u00f3nica Naranja Botella AQUARIUS",
        "price": 1.49,
        "price_kilo": 2.98,
        "slug": "bebida-isotonica-naranja-botella",
        "description": "Bebida Isot\u00f3nica Naranja Botella 0,5 L",
        "image": "https:\/\/cdn-consum.aktiosdigitalservices.com\/tol\/consum\/media\/product\/img\/300x300\/7069461.jpg?t=20250228075827"
    },
    {
        "id": 5830,
        "name": "Bebida Isot\u00f3nica Lim\u00f3n Botella AQUARIUS",
        "price": 1.49,
        "price_kilo": 2.98,
        "slug": "bebida-isotonica-limon-botella",
        "description": "Bebida Isot\u00f3nica Lim\u00f3n Botella 0,5 L",
        "image": "https:\/\/cdn-consum.aktiosdigitalservices.com\/tol\/consum\/media\/product\/img\/300x300\/7069466.jpg?t=20250228075829"
    },
    {
        "id": 5836,
        "name": "Pizza congelada Ristorante 4 Quesos RISTORANTE",
        "price": 3.89,
        "price_kilo": 11.44,
        "slug": "pizza-congelada-ristorante-4-quesos",
        "description": "Pizza congelada Ristorante 4 Quesos 340 Gr",
        "image": "https:\/\/cdn-consum.aktiosdigitalservices.com\/tol\/consum\/media\/product\/img\/300x300\/7069581.jpg?t=20250227090535"
    },
    {
        "id": 5839,
        "name": "Valencianas 12 Unidades CONSUM",
        "price": 1.35,
        "price_kilo": 3.86,
        "slug": "valencianas-12-unidades",
        "description": "Valencianas 12 Unidades 350 Gr",
        "image": "https:\/\/cdn-consum.aktiosdigitalservices.com\/tol\/consum\/media\/product\/img\/300x300\/7069789.jpg?t=20250312092743"
    },
    {
        "id": 5840,
        "name": "Valencianas 24 Unidades CONSUM",
        "price": 2.4,
        "price_kilo": 3.43,
        "slug": "valencianas-24-unidades",
        "description": "Valencianas 24 Unidades 700 Gr",
        "image": "https:\/\/cdn-consum.aktiosdigitalservices.com\/tol\/consum\/media\/product\/img\/300x300\/7069792.jpg?t=20250311104106"
    },
    {
        "id": 5841,
        "name": "Pan de Molde Clasico 16 Rebanadas. CONSUM",
        "price": 0.8,
        "price_kilo": 1.74,
        "slug": "pan-de-molde-clasico-16-rebanadas",
        "description": "Pan de Molde Clasico 16 Rebanadas. 460 Gr",
        "image": "https:\/\/cdn-consum.aktiosdigitalservices.com\/tol\/consum\/media\/product\/img\/300x300\/7069797.jpg?t=20250311133205"
    },
    {
        "id": 5842,
        "name": "Pan Molde 100% Integral 0% Az\u00facares A\u00f1adidos CONSUM",
        "price": 0.9,
        "price_kilo": 1.96,
        "slug": "pan-molde-100-integral-0-azucares-anadidos",
        "description": "Pan Molde 100% Integral 0% Az\u00facares A\u00f1adidos 460 Gr",
        "image": "https:\/\/cdn-consum.aktiosdigitalservices.com\/tol\/consum\/media\/product\/img\/300x300\/7069800.jpg?t=20250311104111"
    },
    {
        "id": 5843,
        "name": "Pan Maxi Burger 4 Unidades CONSUM",
        "price": 0.85,
        "price_kilo": 2.83,
        "slug": "pan-maxi-burger-4-unidades",
        "description": "Pan Maxi Burger 4 Unidades 300 Gr",
        "image": "https:\/\/cdn-consum.aktiosdigitalservices.com\/tol\/consum\/media\/product\/img\/300x300\/7069821.jpg?t=20250311104114"
    },
    {
        "id": 5844,
        "name": "Pan Hot Dog 6 Unidades CONSUM",
        "price": 0.9,
        "price_kilo": 2.73,
        "slug": "pan-hot-dog-6-unidades",
        "description": "Pan Hot Dog 6 Unidades 330 Gr",
        "image": "https:\/\/cdn-consum.aktiosdigitalservices.com\/tol\/consum\/media\/product\/img\/300x300\/7069826.jpg?t=20250311104117"
    },
    {
        "id": 5846,
        "name": "San Jacobos 4 Unidades congelados CONSUM",
        "price": 1.35,
        "price_kilo": 4.22,
        "slug": "san-jacobos-4-unidades-congelados",
        "description": "San Jacobos 4 Unidades congelados 320 Gr",
        "image": "https:\/\/cdn-consum.aktiosdigitalservices.com\/tol\/consum\/media\/product\/img\/300x300\/7069859.jpg?t=20241217081013"
    },
    {
        "id": 5849,
        "name": "Caramelo Eucalipto Menta Pack de 4 HALLS",
        "price": 2.95,
        "price_kilo": 23.05,
        "slug": "caramelo-eucalipto-menta-pack-de-4",
        "description": "Caramelo Eucalipto Menta Pack de 4 4 x 32 Gr",
        "image": "https:\/\/cdn-consum.aktiosdigitalservices.com\/tol\/consum\/media\/product\/img\/300x300\/7070279.jpg?t=20250311124129"
    },
    {
        "id": 5850,
        "name": "Caramelos C\u00edtricos Vita C sin Az\u00facar HALLS",
        "price": 2.95,
        "price_kilo": 23.05,
        "slug": "caramelos-citricos-vita-c-sin-azucar",
        "description": "Caramelos C\u00edtricos Vita C sin Az\u00facar 4 x 32 Gr",
        "image": "https:\/\/cdn-consum.aktiosdigitalservices.com\/tol\/consum\/media\/product\/img\/300x300\/7070290.jpg?t=20250311124132"
    },
    {
        "id": 5852,
        "name": "Pizza Jam\u00f3n Serrano TARRADELLAS",
        "price": 3.19,
        "price_kilo": 8.18,
        "slug": "pizza-jamon-serrano",
        "description": "Pizza Jam\u00f3n Serrano 390 Gr",
        "image": "https:\/\/cdn-consum.aktiosdigitalservices.com\/tol\/consum\/media\/product\/img\/300x300\/7070753.jpg?t=20241217081013"
    },
    {
        "id": 5854,
        "name": "Cerveza Trigo Alemana Botella FRANZISKANER",
        "price": 1.75,
        "price_kilo": 3.5,
        "slug": "cerveza-trigo-alemana-botella",
        "description": "Cerveza Trigo Alemana Botella 0,5 L",
        "image": "https:\/\/cdn-consum.aktiosdigitalservices.com\/tol\/consum\/media\/product\/img\/300x300\/7070902.jpg?t=20250312125053"
    },
    {
        "id": 5857,
        "name": "Cepillo Dental Suave Filamento Cruzado KYREY",
        "price": 1.35,
        "price_kilo": 1.35,
        "slug": "cepillo-dental-suave-filamento-cruzado",
        "description": "Cepillo Dental Suave Filamento Cruzado 1 U",
        "image": "https:\/\/cdn-consum.aktiosdigitalservices.com\/tol\/consum\/media\/product\/img\/300x300\/7071376.jpg?t=20241217081013"
    },
    {
        "id": 5858,
        "name": "Cepillo Dental Medio Filamento Cruzado KYREY",
        "price": 1.49,
        "price_kilo": 1.49,
        "slug": "cepillo-dental-medio-filamento-cruzado",
        "description": "Cepillo Dental Medio Filamento Cruzado 1 U",
        "image": "https:\/\/cdn-consum.aktiosdigitalservices.com\/tol\/consum\/media\/product\/img\/300x300\/7071384.jpg?t=20241217081013"
    },
    {
        "id": 5859,
        "name": "Cepillo Dental Filamento Cruzado Duro KYREY",
        "price": 1.49,
        "price_kilo": 1.49,
        "slug": "cepillo-dental-filamento-cruzado-duro",
        "description": "Cepillo Dental Filamento Cruzado Duro 1 U",
        "image": "https:\/\/cdn-consum.aktiosdigitalservices.com\/tol\/consum\/media\/product\/img\/300x300\/7071392.jpg?t=20241217081013"
    },
    {
        "id": 5860,
        "name": "Cepillo Dental Avanzado Filamento Medio KYREY",
        "price": 1.5,
        "price_kilo": 1.5,
        "slug": "cepillo-dental-avanzado-filamento-medio",
        "description": "Cepillo Dental Avanzado Filamento Medio 1 U",
        "image": "https:\/\/cdn-consum.aktiosdigitalservices.com\/tol\/consum\/media\/product\/img\/300x300\/7071405.jpg?t=20241217081013"
    },
    {
        "id": 5861,
        "name": "Cepillo Dental Infantil CONSUM KIDS",
        "price": 1.19,
        "price_kilo": 1.19,
        "slug": "cepillo-dental-infantil",
        "description": "Cepillo Dental Infantil 1 U",
        "image": "https:\/\/cdn-consum.aktiosdigitalservices.com\/tol\/consum\/media\/product\/img\/300x300\/7071413.jpg?t=20241217081013"
    },
    {
        "id": 5862,
        "name": "Cepillo Dental Viaje KYREY",
        "price": 0.99,
        "price_kilo": 0.99,
        "slug": "cepillo-dental-viaje",
        "description": "Cepillo Dental Viaje 1 U",
        "image": "https:\/\/cdn-consum.aktiosdigitalservices.com\/tol\/consum\/media\/product\/img\/300x300\/7071418.jpg?t=20241217081013"
    },
    {
        "id": 5863,
        "name": "Cepillo Dental Ortodoncia KYREY",
        "price": 1.8,
        "price_kilo": 1.8,
        "slug": "cepillo-dental-ortodoncia",
        "description": "Cepillo Dental Ortodoncia 1 U",
        "image": "https:\/\/cdn-consum.aktiosdigitalservices.com\/tol\/consum\/media\/product\/img\/300x300\/7071421.jpg?t=20241217081013"
    },
    {
        "id": 5868,
        "name": "Caf\u00e9 Espresso Mezcla Molido CONSUM",
        "price": 3.1,
        "price_kilo": 12.4,
        "slug": "cafe-espresso-mezcla-molido",
        "description": "Caf\u00e9 Espresso Mezcla Molido 250 Gr",
        "image": "https:\/\/cdn-consum.aktiosdigitalservices.com\/tol\/consum\/media\/product\/img\/300x300\/7071629.jpg?t=20250311164538"
    },
    {
        "id": 5869,
        "name": "Comida H\u00fameda para Perros Sabor Buey e H\u00edgado PEDIGREE",
        "price": 2.89,
        "price_kilo": 9.63,
        "slug": "comida-humeda-para-perros-sabor-buey-e-higado",
        "description": "Comida H\u00fameda para Perros Sabor Buey e H\u00edgado en Pat\u00e9 Tarrina 300g",
        "image": "https:\/\/cdn-consum.aktiosdigitalservices.com\/tol\/consum\/media\/product\/img\/300x300\/7071686.jpg?t=20250227090548"
    },
    {
        "id": 5873,
        "name": "Crema de Verduras de la Huerta KNORR",
        "price": 2.29,
        "price_kilo": 4.58,
        "slug": "crema-de-verduras-de-la-huerta",
        "description": "Crema de Verduras de la Huerta 0,5 L",
        "image": "https:\/\/cdn-consum.aktiosdigitalservices.com\/tol\/consum\/media\/product\/img\/300x300\/7072721.jpg?t=20241217081013"
    },
    {
        "id": 5874,
        "name": "Crema de Calabaza con un Toque de Nata KNORR",
        "price": 2.29,
        "price_kilo": 4.58,
        "slug": "crema-de-calabaza-con-un-toque-de-nata",
        "description": "Crema de Calabaza con un Toque de Nata 0,5 L",
        "image": "https:\/\/cdn-consum.aktiosdigitalservices.com\/tol\/consum\/media\/product\/img\/300x300\/7072734.jpg?t=20241217081013"
    },
    {
        "id": 5876,
        "name": "Compresas Incontinencia Maxi Discreet INDASEC",
        "price": 5.99,
        "price_kilo": 0.4,
        "slug": "compresas-incontinencia-maxi-discreet",
        "description": "Compresas Incontinencia Maxi Discreet 15 U",
        "image": "https:\/\/cdn-consum.aktiosdigitalservices.com\/tol\/consum\/media\/product\/img\/300x300\/7072903.jpg?t=20250314121357"
    },
    {
        "id": 5879,
        "name": "Esp\u00e1rragos Extra 6\/9 Piezas Frasco CONSUM",
        "price": 3.05,
        "price_kilo": 9.38,
        "slug": "esparragos-extra-6-9-piezas-frasco",
        "description": "Esp\u00e1rragos Extra 6\/9 Piezas Frasco 325 Gr",
        "image": "https:\/\/cdn-consum.aktiosdigitalservices.com\/tol\/consum\/media\/product\/img\/300x300\/7073489.jpg?t=20241217081014"
    },
    {
        "id": 5880,
        "name": "Mantequilla en Porciones 12 Unidades ASTURIANA",
        "price": 1.69,
        "price_kilo": 17.6,
        "slug": "mantequilla-en-porciones-12-unidades",
        "description": "Mantequilla en Porciones 12 Unidades 96 Gr",
        "image": "https:\/\/cdn-consum.aktiosdigitalservices.com\/tol\/consum\/media\/product\/img\/300x300\/7073653.jpg?t=20241217081014"
    },
    {
        "id": 5882,
        "name": "Crema Lata Azul Cara, Cuerpo y Manos NIVEA",
        "price": 3.99,
        "price_kilo": 1.6,
        "slug": "crema-lata-azul-cara-cuerpo-y-manos",
        "description": "Crema Lata Azul Cara, Cuerpo y Manos 250 ml",
        "image": "https:\/\/cdn-consum.aktiosdigitalservices.com\/tol\/consum\/media\/product\/img\/300x300\/7074185.jpg?t=20250227090558"
    },
    {
        "id": 5883,
        "name": "Cava Semi Carta Nevada D.O.Cava FREIXENET",
        "price": 7.45,
        "price_kilo": 9.93,
        "slug": "cava-semi-carta-nevada-docava",
        "description": "Cava Semi Carta Nevada D.O.Cava 0,75 L",
        "image": "https:\/\/cdn-consum.aktiosdigitalservices.com\/tol\/consum\/media\/product\/img\/300x300\/7074730.jpg?t=20250225075822"
    },
    {
        "id": 5884,
        "name": "Cerveza Especial Botella. A.K.DAMM",
        "price": 1.46,
        "price_kilo": 4.42,
        "slug": "cerveza-especial-botella",
        "description": "Cerveza Especial Botella. 0,33 L",
        "image": "https:\/\/cdn-consum.aktiosdigitalservices.com\/tol\/consum\/media\/product\/img\/300x300\/7074938.jpg?t=20250205075943"
    },
    {
        "id": 5885,
        "name": "Agua Mineral Natural. Botella CONSUM",
        "price": 0.25,
        "price_kilo": 0.17,
        "slug": "agua-mineral-natural-botella",
        "description": "Agua Mineral Natural. Botella 1,5 L",
        "image": "https:\/\/cdn-consum.aktiosdigitalservices.com\/tol\/consum\/media\/product\/img\/300x300\/7075299.jpg?t=20241217081014"
    },
    {
        "id": 5886,
        "name": "Croissants Bolsa CONSUM",
        "price": 1.5,
        "price_kilo": 4.29,
        "slug": "croissants-bolsa",
        "description": "Croissants Bolsa 350 Gr",
        "image": "https:\/\/cdn-consum.aktiosdigitalservices.com\/tol\/consum\/media\/product\/img\/300x300\/7075385.jpg?t=20250311104137"
    },
    {
        "id": 5888,
        "name": "Pan de Leche 8 Unidades CONSUM",
        "price": 1.09,
        "price_kilo": 3.41,
        "slug": "pan-de-leche-8-unidades",
        "description": "Pan de Leche 8 Unidades 320 Gr",
        "image": "https:\/\/cdn-consum.aktiosdigitalservices.com\/tol\/consum\/media\/product\/img\/300x300\/7075401.jpg?t=20250312092744"
    },
    {
        "id": 5889,
        "name": "Croissants Rellenos de Chocolate CONSUM",
        "price": 1.79,
        "price_kilo": 4.97,
        "slug": "croissants-rellenos-de-chocolate",
        "description": "Croissants Rellenos de Chocolate 360 Gr",
        "image": "https:\/\/cdn-consum.aktiosdigitalservices.com\/tol\/consum\/media\/product\/img\/300x300\/7075414.jpg?t=20250312092744"
    },
    {
        "id": 5890,
        "name": "Palmeritas Hojaldre 16 Unidades CONSUM",
        "price": 0.89,
        "price_kilo": 4.94,
        "slug": "palmeritas-hojaldre-16-unidades",
        "description": "Palmeritas Hojaldre 16 Unidades 180 Gr",
        "image": "https:\/\/cdn-consum.aktiosdigitalservices.com\/tol\/consum\/media\/product\/img\/300x300\/7075419.jpg?t=20250311104148"
    },
    {
        "id": 5892,
        "name": "Desodorante Spray Extra Control Microtalco SANEX",
        "price": 3,
        "price_kilo": 1.5,
        "slug": "desodorante-spray-extra-control-microtalco",
        "description": "Desodorante Spray Extra Control Microtalco 200 ml",
        "image": "https:\/\/cdn-consum.aktiosdigitalservices.com\/tol\/consum\/media\/product\/img\/300x300\/7075653.jpg?t=20250312155929"
    },
    {
        "id": 5894,
        "name": "Ajoaceite Artesano GIL",
        "price": 1.69,
        "price_kilo": 13,
        "slug": "ajoaceite-artesano",
        "description": "Ajoaceite Artesano 130 ml",
        "image": "https:\/\/cdn-consum.aktiosdigitalservices.com\/tol\/consum\/media\/product\/img\/300x300\/7075984.jpg?t=20241217081014"
    },
    {
        "id": 5896,
        "name": "Salchich\u00f3n Extra Lonchas 4x60 CONSUM",
        "price": 2.05,
        "price_kilo": 8.54,
        "slug": "salchichon-extra-lonchas-4x60",
        "description": "Salchich\u00f3n Extra Lonchas 4x60 (240gr)",
        "image": "https:\/\/cdn-consum.aktiosdigitalservices.com\/tol\/consum\/media\/product\/img\/300x300\/7076107.jpg?t=20241217081014"
    },
    {
        "id": 5897,
        "name": "Chorizo Extra Lonchas 4x60 CONSUM",
        "price": 2.1,
        "price_kilo": 8.75,
        "slug": "chorizo-extra-lonchas-4x60",
        "description": "Chorizo Extra Lonchas 4x60 (240gr)",
        "image": "https:\/\/cdn-consum.aktiosdigitalservices.com\/tol\/consum\/media\/product\/img\/300x300\/7076110.jpg?t=20241217081014"
    },
    {
        "id": 5898,
        "name": "Chorizo Pamplona Lonchas 4x60 CONSUM",
        "price": 2.08,
        "price_kilo": 8.67,
        "slug": "chorizo-pamplona-lonchas-4x60",
        "description": "Chorizo Pamplona Lonchas 4x60 (240gr)",
        "image": "https:\/\/cdn-consum.aktiosdigitalservices.com\/tol\/consum\/media\/product\/img\/300x300\/7076123.jpg?t=20241217081014"
    },
    {
        "id": 5899,
        "name": "Cerveza Especial Lata ALHAMBRA",
        "price": 0.85,
        "price_kilo": 2.58,
        "slug": "cerveza-especial-lata",
        "description": "Cerveza Especial Lata 0,33 L",
        "image": "https:\/\/cdn-consum.aktiosdigitalservices.com\/tol\/consum\/media\/product\/img\/300x300\/7076214.jpg?t=20250312125056"
    },
    {
        "id": 5900,
        "name": "Melocot\u00f3n en Alm\u00edbar Lata CONSUM",
        "price": 2.05,
        "price_kilo": 4.27,
        "slug": "melocoton-en-almibar-lata",
        "description": "Melocot\u00f3n en Alm\u00edbar Lata 480 Gr",
        "image": "https:\/\/cdn-consum.aktiosdigitalservices.com\/tol\/consum\/media\/product\/img\/300x300\/7076250.jpg?t=20250311133208"
    },
    {
        "id": 5901,
        "name": "Melocot\u00f3n en Alm\u00edbar Lata CONSUM",
        "price": 1.25,
        "price_kilo": 5.21,
        "slug": "melocoton-en-almibar-lata",
        "description": "Melocot\u00f3n en Alm\u00edbar Lata 240 Gr",
        "image": "https:\/\/cdn-consum.aktiosdigitalservices.com\/tol\/consum\/media\/product\/img\/300x300\/7076255.jpg?t=20250311133210"
    },
    {
        "id": 5908,
        "name": "Cappuccino C\u00e1psulas 8 + 8 Unidades DOLCE GUSTO",
        "price": 5.2,
        "price_kilo": 0.65,
        "slug": "cappuccino-capsulas-8-8-unidades",
        "description": "Cappuccino C\u00e1psulas 8 + 8 Unidades",
        "image": "https:\/\/cdn-consum.aktiosdigitalservices.com\/tol\/consum\/media\/product\/img\/300x300\/7077246.jpg?t=20250311133215"
    },
    {
        "id": 5910,
        "name": "Caf\u00e9 Espresso C\u00e1psulas DOLCE GUSTO",
        "price": 5.2,
        "price_kilo": 0.33,
        "slug": "cafe-espresso-capsulas",
        "description": "Caf\u00e9 Espresso C\u00e1psulas 16 U",
        "image": "https:\/\/cdn-consum.aktiosdigitalservices.com\/tol\/consum\/media\/product\/img\/300x300\/7077287.jpg?t=20250312155932"
    },
    {
        "id": 5914,
        "name": "Zumo Melocot\u00f3n,Uva y Manzana Pack de 6 CONSUM",
        "price": 1.5,
        "price_kilo": 1.25,
        "slug": "zumo-melocotonuva-y-manzana-pack-de-6",
        "description": "Zumo Melocot\u00f3n,Uva y Manzana Pack de 6 6 x 0,2 L",
        "image": "https:\/\/cdn-consum.aktiosdigitalservices.com\/tol\/consum\/media\/product\/img\/300x300\/7078520.jpg?t=20250114083938"
    },
    {
        "id": 5915,
        "name": "Tortas de An\u00eds CONSUM",
        "price": 2.1,
        "price_kilo": 5.25,
        "slug": "tortas-de-anis",
        "description": "Tortas de An\u00eds 400 Gr",
        "image": "https:\/\/cdn-consum.aktiosdigitalservices.com\/tol\/consum\/media\/product\/img\/300x300\/7078553.jpg?t=20250311104220"
    },
    {
        "id": 5916,
        "name": "Cacao Soluble CONSUM",
        "price": 2.7,
        "price_kilo": 5.4,
        "slug": "cacao-soluble",
        "description": "Cacao Soluble 500 Gr",
        "image": "https:\/\/cdn-consum.aktiosdigitalservices.com\/tol\/consum\/media\/product\/img\/300x300\/7078587.jpg?t=20250311133221"
    },
    {
        "id": 5917,
        "name": "Cacao Soluble CONSUM",
        "price": 3.99,
        "price_kilo": 4.43,
        "slug": "cacao-soluble",
        "description": "Cacao Soluble 900 Gr",
        "image": "https:\/\/cdn-consum.aktiosdigitalservices.com\/tol\/consum\/media\/product\/img\/300x300\/7078590.jpg?t=20250311133224"
    },
    {
        "id": 5919,
        "name": "Perejil Bolsa ",
        "price": 1.15,
        "price_kilo": 7.67,
        "slug": "perejil-bolsa",
        "description": "Perejil Bolsa 150 Gr",
        "image": "https:\/\/cdn-consum.aktiosdigitalservices.com\/tol\/consum\/media\/product\/img\/300x300\/7078707.jpg?t=20241217081015"
    },
    {
        "id": 5921,
        "name": "Levadura Fresca Pack de 2 Unidades LEVANOVA",
        "price": 0.5,
        "price_kilo": 10,
        "slug": "levadura-fresca-pack-de-2-unidades",
        "description": "Levadura Fresca Pack de 2 Unidades 2 x 25 Gr",
        "image": "https:\/\/cdn-consum.aktiosdigitalservices.com\/tol\/consum\/media\/product\/img\/300x300\/7080419.jpg?t=20241217081015"
    },
    {
        "id": 5922,
        "name": "Ap\u00f3sitos Cl\u00e1sicos 4 Tama\u00f1os KYREY PHARMA",
        "price": 0.7,
        "price_kilo": 0.04,
        "slug": "apositos-clasicos-4-tamanos",
        "description": "Ap\u00f3sitos Cl\u00e1sicos 4 Tama\u00f1os 20 U",
        "image": "https:\/\/cdn-consum.aktiosdigitalservices.com\/tol\/consum\/media\/product\/img\/300x300\/7080492.jpg?t=20241217081015"
    },
    {
        "id": 5923,
        "name": "Ap\u00f3sitos Transparentes Tama\u00f1o Medios KYREY PHARMA",
        "price": 0.95,
        "price_kilo": 0.05,
        "slug": "apositos-transparentes-tamano-medios",
        "description": "Ap\u00f3sitos Transparentes Tama\u00f1o Medios 20 U",
        "image": "https:\/\/cdn-consum.aktiosdigitalservices.com\/tol\/consum\/media\/product\/img\/300x300\/7080497.jpg?t=20241217081015"
    },
    {
        "id": 5924,
        "name": "Ap\u00f3sitos Cl\u00e1sicos Tama\u00f1o Medios KYREY PHARMA",
        "price": 1.25,
        "price_kilo": 0.06,
        "slug": "apositos-clasicos-tamano-medios",
        "description": "Ap\u00f3sitos Cl\u00e1sicos Tama\u00f1o Medios 20 U",
        "image": "https:\/\/cdn-consum.aktiosdigitalservices.com\/tol\/consum\/media\/product\/img\/300x300\/7080500.jpg?t=20241217081015"
    },
    {
        "id": 5925,
        "name": "Ap\u00f3sitos Antiampollas Antirozaduras Invisibles KYREY PHARMA",
        "price": 2.99,
        "price_kilo": 0.6,
        "slug": "apositos-antiampollas-antirozaduras-invisibles",
        "description": "Ap\u00f3sitos Antiampollas Antirozaduras Invisibles 5 U",
        "image": "https:\/\/cdn-consum.aktiosdigitalservices.com\/tol\/consum\/media\/product\/img\/300x300\/7080513.jpg?t=20241217081015"
    },
    {
        "id": 5926,
        "name": "Esparadrapo Algod\u00f3n Color Piel 5m x 2,5cm KYREY PHARMA",
        "price": 1.3,
        "price_kilo": 1.3,
        "slug": "esparadrapo-algodon-color-piel-5m-x-25cm",
        "description": "Esparadrapo Algod\u00f3n Color Piel 5m x 2,5cm 1 U",
        "image": "https:\/\/cdn-consum.aktiosdigitalservices.com\/tol\/consum\/media\/product\/img\/300x300\/7080526.jpg?t=20241217081015"
    },
    {
        "id": 5927,
        "name": "Esparadrapo Blanco Tejido sin tejer 5mx2,5cm KYREY PHARMA",
        "price": 1.2,
        "price_kilo": 1.2,
        "slug": "esparadrapo-blanco-tejido-sin-tejer-5mx25cm",
        "description": "Esparadrapo Blanco Tejido sin tejer 5mx2,5cm 1 U",
        "image": "https:\/\/cdn-consum.aktiosdigitalservices.com\/tol\/consum\/media\/product\/img\/300x300\/7080534.jpg?t=20241217081015"
    },
    {
        "id": 5928,
        "name": "Compresa Gasa Est\u00e9ril 30x30 Cent\u00edmetros CONSUM",
        "price": 1.1,
        "price_kilo": 0.11,
        "slug": "compresa-gasa-esteril-30x30-centimetros",
        "description": "Compresa Gasa Est\u00e9ril 30x30 Cent\u00edmetros 10 U",
        "image": "https:\/\/cdn-consum.aktiosdigitalservices.com\/tol\/consum\/media\/product\/img\/300x300\/7080542.jpg?t=20241217081015"
    },
    {
        "id": 5929,
        "name": "Tapones Antirruido de Espuma Suaves KYREY PHARMA",
        "price": 1.99,
        "price_kilo": 0.5,
        "slug": "tapones-antirruido-de-espuma-suaves",
        "description": "Tapones Antirruido de Espuma Suaves 4 U",
        "image": "https:\/\/cdn-consum.aktiosdigitalservices.com\/tol\/consum\/media\/product\/img\/300x300\/7080562.jpg?t=20241217081015"
    },
    {
        "id": 5931,
        "name": "Leche Entera. Brik CONSUM",
        "price": 0.94,
        "price_kilo": 0.94,
        "slug": "leche-entera-brik",
        "description": "Leche Entera. Brik 1 L",
        "image": "https:\/\/cdn-consum.aktiosdigitalservices.com\/tol\/consum\/media\/product\/img\/300x300\/7080596.jpg?t=20250311104227"
    },
    {
        "id": 5932,
        "name": "Leche Semidesnatada. Brik CONSUM",
        "price": 0.85,
        "price_kilo": 0.85,
        "slug": "leche-semidesnatada-brik",
        "description": "Leche Semidesnatada. Brik 1 L",
        "image": "https:\/\/cdn-consum.aktiosdigitalservices.com\/tol\/consum\/media\/product\/img\/300x300\/7080604.jpg?t=20250311104230"
    },
    {
        "id": 5933,
        "name": "Leche Desnatada. Brik CONSUM",
        "price": 0.81,
        "price_kilo": 0.81,
        "slug": "leche-desnatada-brik",
        "description": "Leche Desnatada. Brik 1 L",
        "image": "https:\/\/cdn-consum.aktiosdigitalservices.com\/tol\/consum\/media\/product\/img\/300x300\/7080612.jpg?t=20250311104232"
    },
    {
        "id": 5934,
        "name": "Preparado L\u00e1cteo Omega 3 CONSUM",
        "price": 1.1,
        "price_kilo": 1.1,
        "slug": "preparado-lacteo-omega-3",
        "description": "Preparado L\u00e1cteo Omega 3 1 L",
        "image": "https:\/\/cdn-consum.aktiosdigitalservices.com\/tol\/consum\/media\/product\/img\/300x300\/7080620.jpg?t=20250311104235"
    },
    {
        "id": 5942,
        "name": "Cono Vainilla Chocolate Pack de 6 Unidades CONSUM",
        "price": 2.45,
        "price_kilo": 5.75,
        "slug": "cono-vainilla-chocolate-pack-de-6-unidades",
        "description": "Cono Vainilla Chocolate Pack de 6 Unidades 6 x 71 Gr",
        "image": "https:\/\/cdn-consum.aktiosdigitalservices.com\/tol\/consum\/media\/product\/img\/300x300\/7081151.jpg?t=20241219080038"
    },
    {
        "id": 5946,
        "name": "Galletas Digestive CONSUM",
        "price": 1.6,
        "price_kilo": 2,
        "slug": "galletas-digestive",
        "description": "Galletas Digestive 800 Gr",
        "image": "https:\/\/cdn-consum.aktiosdigitalservices.com\/tol\/consum\/media\/product\/img\/300x300\/7081854.jpg?t=20250312092744"
    },
    {
        "id": 5951,
        "name": "Mini Bomb\u00f3n Surtido Pack de 8 Unidades CONSUM",
        "price": 2.39,
        "price_kilo": 6.99,
        "slug": "mini-bombon-surtido-pack-de-8-unidades",
        "description": "Mini Bomb\u00f3n Surtido Pack de 8 Unidades 342 Gr",
        "image": "https:\/\/cdn-consum.aktiosdigitalservices.com\/tol\/consum\/media\/product\/img\/300x300\/7082258.jpg?t=20250312125102"
    },
    {
        "id": 5952,
        "name": "Sobrasada Ib\u00e9rica LEGADO",
        "price": 2.49,
        "price_kilo": 9.96,
        "slug": "sobrasada-iberica",
        "description": "Sobrasada Ib\u00e9rica 250 Gr",
        "image": "https:\/\/cdn-consum.aktiosdigitalservices.com\/tol\/consum\/media\/product\/img\/300x300\/7082337.jpg?t=20250311133226"
    },
    {
        "id": 5954,
        "name": "Bebida Espirituosa Solera ALFONSO I",
        "price": 6,
        "price_kilo": 6,
        "slug": "bebida-espirituosa-solera",
        "description": "Bebida Espirituosa Solera 1 L",
        "image": "https:\/\/cdn-consum.aktiosdigitalservices.com\/tol\/consum\/media\/product\/img\/300x300\/7082493.jpg?t=20241217081016"
    },
    {
        "id": 5956,
        "name": "Bizcochitos All Bran Cereales 6U KELLOGG'S",
        "price": 3.99,
        "price_kilo": 16.63,
        "slug": "bizcochitos-all-bran-cereales-6u",
        "description": "Bizcochitos All Bran Cereales 6U 240 Gr",
        "image": "https:\/\/cdn-consum.aktiosdigitalservices.com\/tol\/consum\/media\/product\/img\/300x300\/7082832.jpg?t=20250311133228"
    },
    {
        "id": 5960,
        "name": "Saladitos Pack de 2 CONSUM",
        "price": 1.37,
        "price_kilo": 7.61,
        "slug": "saladitos-pack-de-2",
        "description": "Saladitos Pack de 2 2 x 90 Gr",
        "image": "https:\/\/cdn-consum.aktiosdigitalservices.com\/tol\/consum\/media\/product\/img\/300x300\/7082881.jpg?t=20250311104249"
    },
    {
        "id": 5961,
        "name": "Zumo Pi\u00f1a Manzana Uva Concentrado Pack de 6 DON SIMON",
        "price": 1.99,
        "price_kilo": 1.66,
        "slug": "zumo-pina-manzana-uva-concentrado-pack-de-6",
        "description": "Zumo Pi\u00f1a Manzana Uva Concentrado Pack de 6 6 x 0,2 L",
        "image": "https:\/\/cdn-consum.aktiosdigitalservices.com\/tol\/consum\/media\/product\/img\/300x300\/7082931.jpg?t=20250312155938"
    },
    {
        "id": 5963,
        "name": "At\u00fan Claro  Aceite Oliva Pack de 6 CONSUM",
        "price": 5.15,
        "price_kilo": 16.51,
        "slug": "atun-claro-aceite-oliva-pack-de-6",
        "description": "At\u00fan Claro  Aceite Oliva Pack de 6 6 x 52 Gr",
        "image": "https:\/\/cdn-consum.aktiosdigitalservices.com\/tol\/consum\/media\/product\/img\/300x300\/7083231.jpg?t=20241217081016"
    },
    {
        "id": 5964,
        "name": "At\u00fan Claro Aceite Girasol Pack de 6 CONSUM",
        "price": 4.2,
        "price_kilo": 13.46,
        "slug": "atun-claro-aceite-girasol-pack-de-6",
        "description": "At\u00fan Claro Aceite Girasol Pack de 6 6 x 52 Gr",
        "image": "https:\/\/cdn-consum.aktiosdigitalservices.com\/tol\/consum\/media\/product\/img\/300x300\/7083236.jpg?t=20241217081016"
    },
    {
        "id": 5966,
        "name": "Pepinillos Finos Vinagre Frasco CONSUM",
        "price": 1.29,
        "price_kilo": 5.61,
        "slug": "pepinillos-finos-vinagre-frasco",
        "description": "Pepinillos Finos Vinagre Frasco 230 Gr",
        "image": "https:\/\/cdn-consum.aktiosdigitalservices.com\/tol\/consum\/media\/product\/img\/300x300\/7083327.jpg?t=20250312092745"
    },
    {
        "id": 5967,
        "name": "Pepinillos Finos Sabor Anchoa Frasco CONSUM",
        "price": 1.55,
        "price_kilo": 6.74,
        "slug": "pepinillos-finos-sabor-anchoa-frasco",
        "description": "Pepinillos Finos Sabor Anchoa Frasco 230 Gr",
        "image": "https:\/\/cdn-consum.aktiosdigitalservices.com\/tol\/consum\/media\/product\/img\/300x300\/7083335.jpg?t=20241217081016"
    },
    {
        "id": 5969,
        "name": "Banderillas Dulces Frasco CONSUM",
        "price": 2.2,
        "price_kilo": 10.23,
        "slug": "banderillas-dulces-frasco",
        "description": "Banderillas Dulces Frasco 215 Gr",
        "image": "https:\/\/cdn-consum.aktiosdigitalservices.com\/tol\/consum\/media\/product\/img\/300x300\/7083371.jpg?t=20250312092745"
    },
    {
        "id": 5970,
        "name": "Banderillas Picantes Frasco CONSUM",
        "price": 2.2,
        "price_kilo": 10.23,
        "slug": "banderillas-picantes-frasco",
        "description": "Banderillas Picantes Frasco 215 Gr",
        "image": "https:\/\/cdn-consum.aktiosdigitalservices.com\/tol\/consum\/media\/product\/img\/300x300\/7083376.jpg?t=20250312092745"
    },
    {
        "id": 5973,
        "name": "Cerveza Botella Cristal ADLERBRAU",
        "price": 1.05,
        "price_kilo": 1.05,
        "slug": "cerveza-botella-cristal",
        "description": "Cerveza Botella Cristal 1 L",
        "image": "https:\/\/cdn-consum.aktiosdigitalservices.com\/tol\/consum\/media\/product\/img\/300x300\/7083579.jpg?t=20250312092745"
    },
    {
        "id": 5974,
        "name": "Cerveza Botella Cristal  Pack de 6 ADLERBRAU",
        "price": 2.15,
        "price_kilo": 1.43,
        "slug": "cerveza-botella-cristal-pack-de-6",
        "description": "Cerveza Botella Cristal  Pack de 6 6 x 0,25 L",
        "image": "https:\/\/cdn-consum.aktiosdigitalservices.com\/tol\/consum\/media\/product\/img\/300x300\/7083582.jpg?t=20241217081016"
    },
    {
        "id": 5975,
        "name": "Cerveza sin Alcohol Lata ADLERBRAU",
        "price": 0.35,
        "price_kilo": 1.06,
        "slug": "cerveza-sin-alcohol-lata",
        "description": "Cerveza sin Alcohol Lata 0,33 L",
        "image": "https:\/\/cdn-consum.aktiosdigitalservices.com\/tol\/consum\/media\/product\/img\/300x300\/7083590.jpg?t=20241225075712"
    },
    {
        "id": 5976,
        "name": "Cerveza Lata ADLERBRAU",
        "price": 0.31,
        "price_kilo": 0.94,
        "slug": "cerveza-lata",
        "description": "Cerveza Lata 0,33 L",
        "image": "https:\/\/cdn-consum.aktiosdigitalservices.com\/tol\/consum\/media\/product\/img\/300x300\/7083608.jpg?t=20241217081016"
    },
    {
        "id": 5977,
        "name": "Cerveza Lata ADLERBRAU",
        "price": 0.55,
        "price_kilo": 1.1,
        "slug": "cerveza-lata",
        "description": "Cerveza Lata 0,5 L",
        "image": "https:\/\/cdn-consum.aktiosdigitalservices.com\/tol\/consum\/media\/product\/img\/300x300\/7083624.jpg?t=20241217081016"
    },
    {
        "id": 5978,
        "name": "Cerveza sin Alcohol Lim\u00f3n Lata ADLERBRAU",
        "price": 0.45,
        "price_kilo": 1.36,
        "slug": "cerveza-sin-alcohol-limon-lata",
        "description": "Cerveza sin Alcohol Lim\u00f3n Lata 0,33 L",
        "image": "https:\/\/cdn-consum.aktiosdigitalservices.com\/tol\/consum\/media\/product\/img\/300x300\/7083694.jpg?t=20250227090625"
    },
    {
        "id": 5979,
        "name": "Fiambre de Jam\u00f3n de Pavo CAMPOFR\u00cdO",
        "price": 3.99,
        "price_kilo": 10.5,
        "slug": "fiambre-de-jamon-de-pavo",
        "description": "Fiambre de Jam\u00f3n de Pavo 380 Gr",
        "image": "https:\/\/cdn-consum.aktiosdigitalservices.com\/tol\/consum\/media\/product\/img\/300x300\/7084270.jpg?t=20250227090627"
    },
    {
        "id": 5980,
        "name": "Philadelphia Light Tarrina PHILADELPHIA",
        "price": 2.54,
        "price_kilo": 12.7,
        "slug": "philadelphia-light-tarrina",
        "description": "Philadelphia Light Tarrina 200 Gr",
        "image": "https:\/\/cdn-consum.aktiosdigitalservices.com\/tol\/consum\/media\/product\/img\/300x300\/7084288.jpg?t=20250206091030"
    },
    {
        "id": 5982,
        "name": "Masa de Pizza Fin\u00edssima BUITONI",
        "price": 1.99,
        "price_kilo": 7.65,
        "slug": "masa-de-pizza-finissima",
        "description": "Masa de Pizza Fin\u00edssima 260 Gr",
        "image": "https:\/\/cdn-consum.aktiosdigitalservices.com\/tol\/consum\/media\/product\/img\/300x300\/7086374.jpg?t=20250227090628"
    },
    {
        "id": 5983,
        "name": "Caf\u00e9 Soluble Natural CONSUM",
        "price": 2.6,
        "price_kilo": 26,
        "slug": "cafe-soluble-natural",
        "description": "Caf\u00e9 Soluble Natural 100 Gr",
        "image": "https:\/\/cdn-consum.aktiosdigitalservices.com\/tol\/consum\/media\/product\/img\/300x300\/7086390.jpg?t=20250311133233"
    },
    {
        "id": 5984,
        "name": "Caf\u00e9 Soluble Natural CONSUM",
        "price": 3.95,
        "price_kilo": 19.75,
        "slug": "cafe-soluble-natural",
        "description": "Caf\u00e9 Soluble Natural 200 Gr",
        "image": "https:\/\/cdn-consum.aktiosdigitalservices.com\/tol\/consum\/media\/product\/img\/300x300\/7086395.jpg?t=20250311133235"
    },
    {
        "id": 5985,
        "name": "Caf\u00e9 Soluble Descafeinado CONSUM",
        "price": 2.8,
        "price_kilo": 28,
        "slug": "cafe-soluble-descafeinado",
        "description": "Caf\u00e9 Soluble Descafeinado 100 Gr",
        "image": "https:\/\/cdn-consum.aktiosdigitalservices.com\/tol\/consum\/media\/product\/img\/300x300\/7086403.jpg?t=20250312092745"
    },
    {
        "id": 5986,
        "name": "Caf\u00e9 Soluble Descafeinado CONSUM",
        "price": 4.25,
        "price_kilo": 21.25,
        "slug": "cafe-soluble-descafeinado",
        "description": "Caf\u00e9 Soluble Descafeinado 200 Gr",
        "image": "https:\/\/cdn-consum.aktiosdigitalservices.com\/tol\/consum\/media\/product\/img\/300x300\/7086408.jpg?t=20250311133240"
    },
    {
        "id": 5988,
        "name": "Vino Tinto Crianza D.O.Valdepe\u00f1as SE\u00d1OR.LLANOS",
        "price": 1.95,
        "price_kilo": 2.6,
        "slug": "vino-tinto-crianza-dovaldepenas",
        "description": "Vino Tinto Crianza D.O.Valdepe\u00f1as 0,75 L",
        "image": "https:\/\/cdn-consum.aktiosdigitalservices.com\/tol\/consum\/media\/product\/img\/300x300\/7086676.jpg?t=20250218080046"
    },
    {
        "id": 5994,
        "name": "Garbanzos Tostados Bolsa CONSUM",
        "price": 1.29,
        "price_kilo": 10.32,
        "slug": "garbanzos-tostados-bolsa",
        "description": "Garbanzos Tostados Bolsa 125 Gr",
        "image": "https:\/\/cdn-consum.aktiosdigitalservices.com\/tol\/consum\/media\/product\/img\/300x300\/7087187.jpg?t=20241217081017"
    },
    {
        "id": 5996,
        "name": "Anacardos Fritos Doypack CONSUM",
        "price": 2.75,
        "price_kilo": 13.75,
        "slug": "anacardos-fritos-doypack",
        "description": "Anacardos Fritos Doypack 200 Gr",
        "image": "https:\/\/cdn-consum.aktiosdigitalservices.com\/tol\/consum\/media\/product\/img\/300x300\/7087203.jpg?t=20250312092745"
    },
    {
        "id": 5997,
        "name": "Avellanas Tostadas Bolsa CONSUM",
        "price": 3.3,
        "price_kilo": 16.5,
        "slug": "avellanas-tostadas-bolsa",
        "description": "Avellanas Tostadas Bolsa 200 Gr",
        "image": "https:\/\/cdn-consum.aktiosdigitalservices.com\/tol\/consum\/media\/product\/img\/300x300\/7087211.jpg?t=20250128075836"
    },
    {
        "id": 6001,
        "name": "Tinte N\u00ba525 Marr\u00f3n Chocolate LLONGUERAS",
        "price": 7.49,
        "price_kilo": 7.49,
        "slug": "tinte-n525-marron-chocolate",
        "description": "Tinte N\u00ba525 Marr\u00f3n Chocolate 1 U",
        "image": "https:\/\/cdn-consum.aktiosdigitalservices.com\/tol\/consum\/media\/product\/img\/300x300\/7087802.jpg?t=20250304105335"
    },
    {
        "id": 6004,
        "name": "Vino Tinto Crianza D.O.Valdepe\u00f1as VI\u00d1A ALBALI",
        "price": 2.95,
        "price_kilo": 3.93,
        "slug": "vino-tinto-crianza-dovaldepenas",
        "description": "Vino Tinto Crianza D.O.Valdepe\u00f1as 0,75 L",
        "image": "https:\/\/cdn-consum.aktiosdigitalservices.com\/tol\/consum\/media\/product\/img\/300x300\/7088289.jpg?t=20250311124148"
    },
    {
        "id": 6007,
        "name": "Alcachofas 16\/20 Piezas Frasco PELLI",
        "price": 2.85,
        "price_kilo": 17.27,
        "slug": "alcachofas-16-20-piezas-frasco",
        "description": "Alcachofas 16\/20 Piezas Frasco 165 Gr",
        "image": "https:\/\/cdn-consum.aktiosdigitalservices.com\/tol\/consum\/media\/product\/img\/300x300\/7088859.jpg?t=20241217081017"
    },
    {
        "id": 6008,
        "name": "Copos de Arroz y Trigo con Chocolate CONSUM",
        "price": 1.79,
        "price_kilo": 5.97,
        "slug": "copos-de-arroz-y-trigo-con-chocolate",
        "description": "Copos de Arroz y Trigo con Chocolate 300 Gr",
        "image": "https:\/\/cdn-consum.aktiosdigitalservices.com\/tol\/consum\/media\/product\/img\/300x300\/7089170.jpg?t=20250312092745"
    },
    {
        "id": 6013,
        "name": "Cerveza Especial Lata ADLERBRAU",
        "price": 0.34,
        "price_kilo": 1.03,
        "slug": "cerveza-especial-lata",
        "description": "Cerveza Especial Lata 0,33 L",
        "image": "https:\/\/cdn-consum.aktiosdigitalservices.com\/tol\/consum\/media\/product\/img\/300x300\/7089600.jpg?t=20241217081017"
    },
    {
        "id": 6016,
        "name": "Caf\u00e9 Descafeinado Molido VALIENTE",
        "price": 4.65,
        "price_kilo": 18.6,
        "slug": "cafe-descafeinado-molido",
        "description": "Caf\u00e9 Descafeinado Molido 250 Gr",
        "image": "https:\/\/cdn-consum.aktiosdigitalservices.com\/tol\/consum\/media\/product\/img\/300x300\/7090272.jpg?t=20250311104313"
    },
    {
        "id": 6017,
        "name": "Caf\u00e9 Molido Mezcla VALIENTE",
        "price": 3.9,
        "price_kilo": 15.6,
        "slug": "cafe-molido-mezcla",
        "description": "Caf\u00e9 Molido Mezcla 250 Gr",
        "image": "https:\/\/cdn-consum.aktiosdigitalservices.com\/tol\/consum\/media\/product\/img\/300x300\/7090277.jpg?t=20250312155947"
    },
    {
        "id": 6018,
        "name": "Caf\u00e9 Molido Natural VALIENTE",
        "price": 3.9,
        "price_kilo": 15.6,
        "slug": "cafe-molido-natural",
        "description": "Caf\u00e9 Molido Natural 250 Gr",
        "image": "https:\/\/cdn-consum.aktiosdigitalservices.com\/tol\/consum\/media\/product\/img\/300x300\/7090285.jpg?t=20250312155949"
    },
    {
        "id": 6019,
        "name": "Laca Antiencrespamiento NELLY",
        "price": 3.89,
        "price_kilo": 0.97,
        "slug": "laca-antiencrespamiento",
        "description": "Laca Antiencrespamiento 400 ml",
        "image": "https:\/\/cdn-consum.aktiosdigitalservices.com\/tol\/consum\/media\/product\/img\/300x300\/7090905.jpg?t=20241217081017"
    },
    {
        "id": 6020,
        "name": "Lacasitos Tubo Pack de 4 LACASITOS",
        "price": 3.29,
        "price_kilo": 41.13,
        "slug": "lacasitos-tubo-pack-de-4",
        "description": "Lacasitos Tubo Pack de 4 4 x 20 Gr",
        "image": "https:\/\/cdn-consum.aktiosdigitalservices.com\/tol\/consum\/media\/product\/img\/300x300\/7090913.jpg?t=20250311133251"
    },
    {
        "id": 6024,
        "name": "Arena de Gato Ultra City Aglomerante CITYCAT",
        "price": 2.99,
        "price_kilo": 0.75,
        "slug": "arena-de-gato-ultra-city-aglomerante",
        "description": "Arena de Gato Ultra City Aglomerante 4 Kg",
        "image": "https:\/\/cdn-consum.aktiosdigitalservices.com\/tol\/consum\/media\/product\/img\/300x300\/7091239.jpg?t=20250312092745"
    },
    {
        "id": 6026,
        "name": "Enjuague Bucal Total Care LISTERINE",
        "price": 5.65,
        "price_kilo": 1.13,
        "slug": "enjuague-bucal-total-care",
        "description": "Enjuague Bucal Total Care 500 ml",
        "image": "https:\/\/cdn-consum.aktiosdigitalservices.com\/tol\/consum\/media\/product\/img\/300x300\/7091721.jpg?t=20250311133253"
    },
    {
        "id": 6031,
        "name": "Vel\u00f3n Rojo Cilindro 15 x 5,7 cm ",
        "price": 1.2,
        "price_kilo": 1.2,
        "slug": "velon-rojo-cilindro-15-x-57-cm",
        "description": "Vel\u00f3n Rojo Cilindro 15 x 5,7 cm 1 U",
        "image": "https:\/\/cdn-consum.aktiosdigitalservices.com\/tol\/consum\/media\/product\/img\/300x300\/7092138.jpg?t=20241217081017"
    },
    {
        "id": 6032,
        "name": "Vel\u00f3n Blanco Cilindro 15 x 5,7 cm ",
        "price": 1.2,
        "price_kilo": 1.2,
        "slug": "velon-blanco-cilindro-15-x-57-cm",
        "description": "Vel\u00f3n Blanco Cilindro 15 x 5,7 cm 1 U",
        "image": "https:\/\/cdn-consum.aktiosdigitalservices.com\/tol\/consum\/media\/product\/img\/300x300\/7092158.jpg?t=20241217081017"
    },
    {
        "id": 6038,
        "name": "Bifrutas Tropical Pack de 6 BIFRUTAS",
        "price": 2.52,
        "price_kilo": 2.1,
        "slug": "bifrutas-tropical-pack-de-6",
        "description": "Bifrutas Tropical Pack de 6 6 x 200 ml",
        "image": "https:\/\/cdn-consum.aktiosdigitalservices.com\/tol\/consum\/media\/product\/img\/300x300\/7093107.jpg?t=20250313080030"
    },
    {
        "id": 6039,
        "name": "Galletas Digestive Avena con Chocolate GULLON",
        "price": 2.59,
        "price_kilo": 6.09,
        "slug": "galletas-digestive-avena-con-chocolate",
        "description": "Galletas Digestive Avena con Chocolate 425 Gr",
        "image": "https:\/\/cdn-consum.aktiosdigitalservices.com\/tol\/consum\/media\/product\/img\/300x300\/7093177.jpg?t=20250312092745"
    },
    {
        "id": 6047,
        "name": "Caf\u00e9 Descafeinado Molido Mezcla CONSUM",
        "price": 2.55,
        "price_kilo": 10.2,
        "slug": "cafe-descafeinado-molido-mezcla",
        "description": "Caf\u00e9 Descafeinado Molido Mezcla 250 Gr",
        "image": "https:\/\/cdn-consum.aktiosdigitalservices.com\/tol\/consum\/media\/product\/img\/300x300\/7093693.jpg?t=20250311104329"
    },
    {
        "id": 6048,
        "name": "Fiambre York S\u00e1ndwich ELPOZO",
        "price": 2.35,
        "price_kilo": 9.4,
        "slug": "fiambre-york-sandwich",
        "description": "Fiambre York S\u00e1ndwich 250 Gr",
        "image": "https:\/\/cdn-consum.aktiosdigitalservices.com\/tol\/consum\/media\/product\/img\/300x300\/7093706.jpg?t=20250312155952"
    },
    {
        "id": 6050,
        "name": "Higi\u00e9nico Bouquet Color 4 Rollos M\u00e1s 2 Gratis FOXY",
        "price": 3.89,
        "price_kilo": 0.65,
        "slug": "higienico-bouquet-color-4-rollos-mas-2-gratis",
        "description": "Higi\u00e9nico Bouquet Color 4 Rollos M\u00e1s 2 Gratis 6 U",
        "image": "https:\/\/cdn-consum.aktiosdigitalservices.com\/tol\/consum\/media\/product\/img\/300x300\/7094175.jpg?t=20250206091056"
    },
    {
        "id": 6057,
        "name": "Aceitunas Gazpachas Partidas Frasco CONSUM",
        "price": 2.65,
        "price_kilo": 5.3,
        "slug": "aceitunas-gazpachas-partidas-frasco",
        "description": "Aceitunas Gazpachas Partidas Frasco 500 Gr",
        "image": "https:\/\/cdn-consum.aktiosdigitalservices.com\/tol\/consum\/media\/product\/img\/300x300\/7094840.jpg?t=20241217081018"
    },
    {
        "id": 6058,
        "name": "Maquinilla Blue 3 Desechable Piel Sensible GILLETTE",
        "price": 5.99,
        "price_kilo": 1.5,
        "slug": "maquinilla-blue-3-desechable-piel-sensible",
        "description": "Maquinilla Blue 3 Desechable Piel Sensible 4 U",
        "image": "https:\/\/cdn-consum.aktiosdigitalservices.com\/tol\/consum\/media\/product\/img\/300x300\/7095078.jpg?t=20241217081018"
    },
    {
        "id": 6060,
        "name": "Salvaslip Maxi Pack Ahorro EVAX",
        "price": 4.65,
        "price_kilo": 0.06,
        "slug": "salvaslip-maxi-pack-ahorro",
        "description": "Salvaslip Maxi Pack Ahorro 72 U",
        "image": "https:\/\/cdn-consum.aktiosdigitalservices.com\/tol\/consum\/media\/product\/img\/300x300\/7095292.jpg?t=20250313080032"
    },
    {
        "id": 6062,
        "name": "Queso Castello Pi\u00f1a Unidad ARLA",
        "price": 2.59,
        "price_kilo": 20.72,
        "slug": "queso-castello-pina-unidad",
        "description": "Queso Castello Pi\u00f1a Unidad 125 Gr",
        "image": "https:\/\/cdn-consum.aktiosdigitalservices.com\/tol\/consum\/media\/product\/img\/300x300\/7095404.jpg?t=20250109094530"
    },
    {
        "id": 6063,
        "name": "Melocot\u00f3n en Alm\u00edbar Pack de 3 CONSUM",
        "price": 2.45,
        "price_kilo": 7.1,
        "slug": "melocoton-en-almibar-pack-de-3",
        "description": "Melocot\u00f3n en Alm\u00edbar Pack de 3 3 x 115 Gr",
        "image": "https:\/\/cdn-consum.aktiosdigitalservices.com\/tol\/consum\/media\/product\/img\/300x300\/7095461.jpg?t=20250311133256"
    },
    {
        "id": 6077,
        "name": "Arroz Basmati CONSUM",
        "price": 2.35,
        "price_kilo": 2.35,
        "slug": "arroz-basmati",
        "description": "Arroz Basmati 1 Kg",
        "image": "https:\/\/cdn-consum.aktiosdigitalservices.com\/tol\/consum\/media\/product\/img\/300x300\/7095610.jpg?t=20250103080524"
    },
    {
        "id": 6079,
        "name": "Vino Tinto Roble D.O.Ribera del Duero DEHES.VIEJAS",
        "price": 3.65,
        "price_kilo": 4.87,
        "slug": "vino-tinto-roble-doribera-del-duero",
        "description": "Vino Tinto Roble D.O.Ribera del Duero 0,75 L",
        "image": "https:\/\/cdn-consum.aktiosdigitalservices.com\/tol\/consum\/media\/product\/img\/300x300\/7096253.jpg?t=20241217081018"
    },
    {
        "id": 6081,
        "name": "Tortellinis Rellenos de Carne CONSUM",
        "price": 1.8,
        "price_kilo": 7.2,
        "slug": "tortellinis-rellenos-de-carne",
        "description": "Tortellinis Rellenos de Carne 250 Gr",
        "image": "https:\/\/cdn-consum.aktiosdigitalservices.com\/tol\/consum\/media\/product\/img\/300x300\/7096381.jpg?t=20250103080527"
    },
    {
        "id": 6082,
        "name": "Tortellinis Rellenos de Quesos CONSUM",
        "price": 1.8,
        "price_kilo": 7.2,
        "slug": "tortellinis-rellenos-de-quesos",
        "description": "Tortellinis Rellenos de Quesos 250 Gr",
        "image": "https:\/\/cdn-consum.aktiosdigitalservices.com\/tol\/consum\/media\/product\/img\/300x300\/7096386.jpg?t=20250103080529"
    },
    {
        "id": 6083,
        "name": "Tortellini Relleno Reques\u00f3n y Espinacas CONSUM",
        "price": 1.8,
        "price_kilo": 7.2,
        "slug": "tortellini-relleno-requeson-y-espinacas",
        "description": "Tortellini Relleno Reques\u00f3n y Espinacas 250 Gr",
        "image": "https:\/\/cdn-consum.aktiosdigitalservices.com\/tol\/consum\/media\/product\/img\/300x300\/7096394.jpg?t=20250103080532"
    },
    {
        "id": 6084,
        "name": "Tagliatelles al Huevo CONSUM",
        "price": 1.21,
        "price_kilo": 4.84,
        "slug": "tagliatelles-al-huevo",
        "description": "Tagliatelles al Huevo 250 Gr",
        "image": "https:\/\/cdn-consum.aktiosdigitalservices.com\/tol\/consum\/media\/product\/img\/300x300\/7096407.jpg?t=20250103080537"
    },
    {
        "id": 6087,
        "name": "B\u00falgaros de Chocolate 5 Unidades CONSUM",
        "price": 1.59,
        "price_kilo": 9.09,
        "slug": "bulgaros-de-chocolate-5-unidades",
        "description": "B\u00falgaros de Chocolate 5 Unidades 175 Gr",
        "image": "https:\/\/cdn-consum.aktiosdigitalservices.com\/tol\/consum\/media\/product\/img\/300x300\/7096543.jpg?t=20250311104339"
    },
    {
        "id": 6090,
        "name": "Tomate de untar Frasco Pack de 2 CONSUM",
        "price": 1.9,
        "price_kilo": 5.14,
        "slug": "tomate-de-untar-frasco-pack-de-2",
        "description": "Tomate de untar Frasco Pack de 2 2 x 185 Gr",
        "image": "https:\/\/cdn-consum.aktiosdigitalservices.com\/tol\/consum\/media\/product\/img\/300x300\/7096647.jpg?t=20250204080225"
    },
    {
        "id": 6092,
        "name": "Cerveza Especial Abad\u00eda Botella GRIMBERGEN",
        "price": 1.99,
        "price_kilo": 6.03,
        "slug": "cerveza-especial-abadia-botella",
        "description": "Cerveza Especial Abad\u00eda Botella 0,33 L",
        "image": "https:\/\/cdn-consum.aktiosdigitalservices.com\/tol\/consum\/media\/product\/img\/300x300\/7096824.jpg?t=20250205075956"
    },
    {
        "id": 6093,
        "name": "Brocoli para Cocinar Microondas FLORETTE",
        "price": 1.99,
        "price_kilo": 8.84,
        "slug": "brocoli-para-cocinar-microondas",
        "description": "Brocoli para Cocinar Microondas 225 Gr",
        "image": "https:\/\/cdn-consum.aktiosdigitalservices.com\/tol\/consum\/media\/product\/img\/300x300\/7096832.jpg?t=20250317075717"
    },
    {
        "id": 6096,
        "name": "Zamburi\u00f1as Salsa Vieira Lata CONSUM",
        "price": 1.95,
        "price_kilo": 30,
        "slug": "zamburinas-salsa-vieira-lata",
        "description": "Zamburi\u00f1as Salsa Vieira Lata 65 Gr",
        "image": "https:\/\/cdn-consum.aktiosdigitalservices.com\/tol\/consum\/media\/product\/img\/300x300\/7097285.jpg?t=20241217081018"
    },
    {
        "id": 6100,
        "name": "Filetes de Caballa en Aceite Girasol Lata CONSUM",
        "price": 1.09,
        "price_kilo": 13.63,
        "slug": "filetes-de-caballa-en-aceite-girasol-lata",
        "description": "Filetes de Caballa en Aceite Girasol Lata 80 Gr",
        "image": "https:\/\/cdn-consum.aktiosdigitalservices.com\/tol\/consum\/media\/product\/img\/300x300\/7098200.jpg?t=20241217081018"
    },
    {
        "id": 6101,
        "name": "Filetes de Caballa Sur en Escabeche Lata CONSUM",
        "price": 0.99,
        "price_kilo": 12.69,
        "slug": "filetes-de-caballa-sur-en-escabeche-lata",
        "description": "Filetes de Caballa Sur en Escabeche Lata 78 Gr",
        "image": "https:\/\/cdn-consum.aktiosdigitalservices.com\/tol\/consum\/media\/product\/img\/300x300\/7098205.jpg?t=20250311164542"
    },
    {
        "id": 6102,
        "name": "Huevos M Medianos Docena MONTERDE",
        "price": 2.6,
        "price_kilo": 2.6,
        "slug": "huevos-m-medianos-docena",
        "description": "Huevos M Medianos Docena 1 Dc",
        "image": "https:\/\/cdn-consum.aktiosdigitalservices.com\/tol\/consum\/media\/product\/img\/300x300\/7098382.jpg?t=20250311104344"
    },
    {
        "id": 6103,
        "name": "Huevos L Grandes Docena MONTERDE",
        "price": 2.8,
        "price_kilo": 2.8,
        "slug": "huevos-l-grandes-docena",
        "description": "Huevos L Grandes Docena 1 Dc",
        "image": "https:\/\/cdn-consum.aktiosdigitalservices.com\/tol\/consum\/media\/product\/img\/300x300\/7098395.jpg?t=20250311104345"
    },
    {
        "id": 6104,
        "name": "Huevos L Grandes 1\/2 Docena MONTERDE",
        "price": 1.5,
        "price_kilo": 3,
        "slug": "huevos-l-grandes-1-2-docena",
        "description": "Huevos L Grandes 1\/2 Docena 0,5 Dc",
        "image": "https:\/\/cdn-consum.aktiosdigitalservices.com\/tol\/consum\/media\/product\/img\/300x300\/7098411.jpg?t=20250311104347"
    },
    {
        "id": 6108,
        "name": "Zumo de Lim\u00f3n Exprimido SOLIMON",
        "price": 1.19,
        "price_kilo": 4.25,
        "slug": "zumo-de-limon-exprimido",
        "description": "Zumo de Lim\u00f3n Exprimido 280 ml",
        "image": "https:\/\/cdn-consum.aktiosdigitalservices.com\/tol\/consum\/media\/product\/img\/300x300\/7098718.jpg?t=20250102080104"
    },
    {
        "id": 6113,
        "name": "Higi\u00e9nico H\u00famedo Fresh SCOTTEX",
        "price": 1.89,
        "price_kilo": 0.05,
        "slug": "higienico-humedo-fresh",
        "description": "Higi\u00e9nico H\u00famedo Fresh 42 U",
        "image": "https:\/\/cdn-consum.aktiosdigitalservices.com\/tol\/consum\/media\/product\/img\/300x300\/7099195.jpg?t=20250312125114"
    },
    {
        "id": 6116,
        "name": "Agua Mineral  Natural Garrafa CONSUM",
        "price": 0.92,
        "price_kilo": 0.12,
        "slug": "agua-mineral-natural-garrafa",
        "description": "Agua Mineral  Natural Garrafa 8 L",
        "image": "https:\/\/cdn-consum.aktiosdigitalservices.com\/tol\/consum\/media\/product\/img\/300x300\/7099682.jpg?t=20250204080234"
    },
    {
        "id": 6119,
        "name": "Longaniza Blanca sin Tripa SERRANO",
        "price": 2.69,
        "price_kilo": 6.04,
        "slug": "longaniza-blanca-sin-tripa",
        "description": "Longaniza Blanca sin Tripa 445 Gr",
        "image": "https:\/\/cdn-consum.aktiosdigitalservices.com\/tol\/consum\/media\/product\/img\/300x300\/7099815.jpg?t=20250225075829"
    },
    {
        "id": 6122,
        "name": "Remolacha Cocida y Pelada HUERCASA",
        "price": 1.04,
        "price_kilo": 2.08,
        "slug": "remolacha-cocida-y-pelada",
        "description": "Remolacha Cocida y Pelada 500 Gr",
        "image": "https:\/\/cdn-consum.aktiosdigitalservices.com\/tol\/consum\/media\/product\/img\/300x300\/7099880.jpg?t=20250206091112"
    },
    {
        "id": 6128,
        "name": "Pizza Forno congelada Jam\u00f3n y Queso BUITONI",
        "price": 3.65,
        "price_kilo": 10.43,
        "slug": "pizza-forno-congelada-jamon-y-queso",
        "description": "Pizza Forno congelada Jam\u00f3n y Queso 350 Gr",
        "image": "https:\/\/cdn-consum.aktiosdigitalservices.com\/tol\/consum\/media\/product\/img\/300x300\/7100824.jpg?t=20250320075821"
    },
    {
        "id": 6130,
        "name": "Cebolla Dulce ",
        "price": 0.67,
        "price_kilo": 2.79,
        "slug": "cebolla-dulce",
        "description": "Cebolla Dulce",
        "image": "https:\/\/cdn-consum.aktiosdigitalservices.com\/tol\/consum\/media\/product\/img\/300x300\/7101137.jpg?t=20250317075718"
    },
    {
        "id": 6133,
        "name": "Mortadela Bologna FERRARINI",
        "price": 2.55,
        "price_kilo": 25.5,
        "slug": "mortadela-bologna",
        "description": "Mortadela Bologna 100 Gr",
        "image": "https:\/\/cdn-consum.aktiosdigitalservices.com\/tol\/consum\/media\/product\/img\/300x300\/7101371.jpg?t=20250109094613"
    },
    {
        "id": 6136,
        "name": "Queso Fresco Tradicional Tarrina CONSUM",
        "price": 2.45,
        "price_kilo": 9.8,
        "slug": "queso-fresco-tradicional-tarrina",
        "description": "Queso Fresco Tradicional Tarrina 250 Gr",
        "image": "https:\/\/cdn-consum.aktiosdigitalservices.com\/tol\/consum\/media\/product\/img\/300x300\/7101728.jpg?t=20250103080557"
    },
    {
        "id": 6139,
        "name": "Preparado L\u00e1cteo Max con Cereales PULEVA",
        "price": 1.89,
        "price_kilo": 1.89,
        "slug": "preparado-lacteo-max-con-cereales",
        "description": "Preparado L\u00e1cteo Max con Cereales 1 L",
        "image": "https:\/\/cdn-consum.aktiosdigitalservices.com\/tol\/consum\/media\/product\/img\/300x300\/7101793.jpg?t=20250311104353"
    },
    {
        "id": 6140,
        "name": "Chorizo Tradicional REVILLA",
        "price": 1,
        "price_kilo": 15.38,
        "slug": "chorizo-tradicional",
        "description": "Chorizo Tradicional 65 Gr",
        "image": "https:\/\/cdn-consum.aktiosdigitalservices.com\/tol\/consum\/media\/product\/img\/300x300\/7101806.jpg?t=20241217081019"
    },
    {
        "id": 6141,
        "name": "Bebida de Soja Ligera Brik ALPRO",
        "price": 1.99,
        "price_kilo": 1.99,
        "slug": "bebida-de-soja-ligera-brik",
        "description": "Bebida de Soja Ligera Brik 1 L",
        "image": "https:\/\/cdn-consum.aktiosdigitalservices.com\/tol\/consum\/media\/product\/img\/300x300\/7101871.jpg?t=20250313080045"
    },
    {
        "id": 6142,
        "name": "Alb\u00f3ndigas de Bacalao Caseras congeladas PRECOAN",
        "price": 2.35,
        "price_kilo": 5.88,
        "slug": "albondigas-de-bacalao-caseras-congeladas",
        "description": "Alb\u00f3ndigas de Bacalao Caseras congeladas 400 Gr",
        "image": "https:\/\/cdn-consum.aktiosdigitalservices.com\/tol\/consum\/media\/product\/img\/300x300\/7102072.jpg?t=20250218080055"
    },
    {
        "id": 6145,
        "name": "Chocolate Puro y Almendras sin Az\u00facar VALOR",
        "price": 3.99,
        "price_kilo": 26.6,
        "slug": "chocolate-puro-y-almendras-sin-azucar",
        "description": "Chocolate Puro y Almendras sin Az\u00facar 150 Gr",
        "image": "https:\/\/cdn-consum.aktiosdigitalservices.com\/tol\/consum\/media\/product\/img\/300x300\/7102247.jpg?t=20250311133302"
    },
    {
        "id": 6146,
        "name": "Cubitos de Hielo Bolsa HIELOSUR",
        "price": 0.95,
        "price_kilo": 0.48,
        "slug": "cubitos-de-hielo-bolsa",
        "description": "Cubitos de Hielo Bolsa 2 Kg",
        "image": "https:\/\/cdn-consum.aktiosdigitalservices.com\/tol\/consum\/media\/product\/img\/300x300\/7102655.jpg?t=20241217081019"
    },
    {
        "id": 6147,
        "name": "Tomate Tamizado Lata CONSUM",
        "price": 0.9,
        "price_kilo": 2.25,
        "slug": "tomate-tamizado-lata",
        "description": "Tomate Tamizado Lata 400 Gr",
        "image": "https:\/\/cdn-consum.aktiosdigitalservices.com\/tol\/consum\/media\/product\/img\/300x300\/7102759.jpg?t=20250312092745"
    },
    {
        "id": 6149,
        "name": "Moras Tarrina ",
        "price": 2.79,
        "price_kilo": 22.32,
        "slug": "moras-tarrina",
        "description": "Moras Tarrina 125 Gr",
        "image": "https:\/\/cdn-consum.aktiosdigitalservices.com\/tol\/consum\/media\/product\/img\/300x300\/7102791.jpg?t=20250312125125"
    },
    {
        "id": 6150,
        "name": "Compota de Manzana sin Fr\u00edo Pack de 2 ANELA",
        "price": 1.4,
        "price_kilo": 7,
        "slug": "compota-de-manzana-sin-frio-pack-de-2",
        "description": "Compota de Manzana sin Fr\u00edo Pack de 2 2 x 100 Gr",
        "image": "https:\/\/cdn-consum.aktiosdigitalservices.com\/tol\/consum\/media\/product\/img\/300x300\/7102952.jpg?t=20250311133306"
    },
    {
        "id": 6151,
        "name": "Dracos Snack de Ma\u00edz Sabor Queso-Bac\u00f3n CONSUM",
        "price": 1.19,
        "price_kilo": 14.88,
        "slug": "dracos-snack-de-maiz-sabor-queso-bacon",
        "description": "Dracos Snack de Ma\u00edz Sabor Queso-Bac\u00f3n 80 Gr",
        "image": "https:\/\/cdn-consum.aktiosdigitalservices.com\/tol\/consum\/media\/product\/img\/300x300\/7103042.jpg?t=20250312092745"
    },
    {
        "id": 6152,
        "name": "Batido de Cacao Pack de 6 CONSUM",
        "price": 1.45,
        "price_kilo": 1.21,
        "slug": "batido-de-cacao-pack-de-6",
        "description": "Batido de Cacao Pack de 6 6 x 200 ml",
        "image": "https:\/\/cdn-consum.aktiosdigitalservices.com\/tol\/consum\/media\/product\/img\/300x300\/7103208.jpg?t=20250312092745"
    },
    {
        "id": 6153,
        "name": "Philadelphia Natural Tarrina PHILADELPHIA",
        "price": 2.54,
        "price_kilo": 12.7,
        "slug": "philadelphia-natural-tarrina",
        "description": "Philadelphia Natural Tarrina 200 Gr",
        "image": "https:\/\/cdn-consum.aktiosdigitalservices.com\/tol\/consum\/media\/product\/img\/300x300\/7103658.jpg?t=20250206091132"
    },
    {
        "id": 6156,
        "name": "Agua Mineral Natural. Botella AQUABONA",
        "price": 0.65,
        "price_kilo": 0.43,
        "slug": "agua-mineral-natural-botella",
        "description": "Agua Mineral Natural. Botella 1,5 L",
        "image": "https:\/\/cdn-consum.aktiosdigitalservices.com\/tol\/consum\/media\/product\/img\/300x300\/7103740.jpg?t=20250220080105"
    },
    {
        "id": 6160,
        "name": "Alcachofas ",
        "price": 0.45,
        "price_kilo": 2.59,
        "slug": "alcachofas",
        "description": "Alcachofas (Granel)",
        "image": "https:\/\/cdn-consum.aktiosdigitalservices.com\/tol\/consum\/media\/product\/img\/300x300\/7104164.jpg?t=20250322075841"
    },
    {
        "id": 6161,
        "name": "Comida para Conejos Enanos VITAKRAFT",
        "price": 3.99,
        "price_kilo": 3.99,
        "slug": "comida-para-conejos-enanos",
        "description": "Comida para Conejos Enanos 1 Kg",
        "image": "https:\/\/cdn-consum.aktiosdigitalservices.com\/tol\/consum\/media\/product\/img\/300x300\/7104300.jpg?t=20250206091138"
    },
    {
        "id": 6162,
        "name": "Caldo Casero Cocido Brik CONSUM",
        "price": 0.9,
        "price_kilo": 0.9,
        "slug": "caldo-casero-cocido-brik",
        "description": "Caldo Casero Cocido Brik 1 L",
        "image": "https:\/\/cdn-consum.aktiosdigitalservices.com\/tol\/consum\/media\/product\/img\/300x300\/7104511.jpg?t=20241217081020"
    },
    {
        "id": 6163,
        "name": "Mantequillla CONSUM",
        "price": 2.3,
        "price_kilo": 9.2,
        "slug": "mantequillla",
        "description": "Mantequilla - Pastilla de 250 Gr",
        "image": "https:\/\/cdn-consum.aktiosdigitalservices.com\/tol\/consum\/media\/product\/img\/300x300\/7104599.jpg?t=20241217081020"
    },
    {
        "id": 6164,
        "name": "Baguette R\u00fastica ",
        "price": 0.96,
        "price_kilo": 4.57,
        "slug": "baguette-rustica",
        "description": "Baguette R\u00fastica 210 Gr",
        "image": "https:\/\/cdn-consum.aktiosdigitalservices.com\/tol\/consum\/media\/product\/img\/300x300\/7104961.jpg?t=20250211075843"
    },
    {
        "id": 6165,
        "name": "Patata Fre\u00edr ",
        "price": 3.7,
        "price_kilo": 1.85,
        "slug": "patata-freir",
        "description": "Patata Fre\u00edr 2 Kg",
        "image": "https:\/\/cdn-consum.aktiosdigitalservices.com\/tol\/consum\/media\/product\/img\/300x300\/7105232.jpg?t=20250204080251"
    },
    {
        "id": 6166,
        "name": "Patata Cocer ",
        "price": 3.7,
        "price_kilo": 1.85,
        "slug": "patata-cocer",
        "description": "Patata Cocer 2 Kg",
        "image": "https:\/\/cdn-consum.aktiosdigitalservices.com\/tol\/consum\/media\/product\/img\/300x300\/7105237.jpg?t=20250204080254"
    },
    {
        "id": 6170,
        "name": "Activia 0% Edulcorado Desnatado Natural P-4ud DANONE",
        "price": 2.69,
        "price_kilo": 5.6,
        "slug": "activia-0-edulcorado-desnatado-natural-p-4ud",
        "description": "Activia 0% Edulcorado Desnatado Natural P-4ud 4 x 120 Gr",
        "image": "https:\/\/cdn-consum.aktiosdigitalservices.com\/tol\/consum\/media\/product\/img\/300x300\/7106032.jpg?t=20250213075905"
    },
    {
        "id": 6173,
        "name": "Guindillas Vascas en Vinagre Frasco GUIPUZCOANA",
        "price": 4.99,
        "price_kilo": 38.38,
        "slug": "guindillas-vascas-en-vinagre-frasco",
        "description": "Guindillas Vascas en Vinagre Frasco 130 Gr",
        "image": "https:\/\/cdn-consum.aktiosdigitalservices.com\/tol\/consum\/media\/product\/img\/300x300\/7106248.jpg?t=20241217081020"
    },
    {
        "id": 6176,
        "name": "Pimiento Italiano ",
        "price": 0.32,
        "price_kilo": 2.79,
        "slug": "pimiento-italiano",
        "description": "Pimiento Italiano",
        "image": "https:\/\/cdn-consum.aktiosdigitalservices.com\/tol\/consum\/media\/product\/img\/300x300\/7106425.jpg?t=20250322075842"
    },
    {
        "id": 6177,
        "name": "Verduras para Cocido Peso Variable ",
        "price": 2.3,
        "price_kilo": 2.07,
        "slug": "verduras-para-cocido-peso-variable",
        "description": "Verduras para Cocido Peso Variable",
        "image": "https:\/\/cdn-consum.aktiosdigitalservices.com\/tol\/consum\/media\/product\/img\/300x300\/7106438.jpg?t=20250322075844"
    },
    {
        "id": 6186,
        "name": "Protege Slip Fresh m\u00e1s 4 ud de Regalo CAREFREE",
        "price": 2.39,
        "price_kilo": 0.05,
        "slug": "protege-slip-fresh-mas-4-ud-de-regalo",
        "description": "Protege Slip Fresh m\u00e1s 4 ud de Regalo 44 U",
        "image": "https:\/\/cdn-consum.aktiosdigitalservices.com\/tol\/consum\/media\/product\/img\/300x300\/7107399.jpg?t=20250311133314"
    },
    {
        "id": 6193,
        "name": "Protegeslip Maxi Plus CAREFREE",
        "price": 2.39,
        "price_kilo": 0.07,
        "slug": "protegeslip-maxi-plus",
        "description": "Protegeslip Maxi Plus 36 U",
        "image": "https:\/\/cdn-consum.aktiosdigitalservices.com\/tol\/consum\/media\/product\/img\/300x300\/7107915.jpg?t=20250312160002"
    },
    {
        "id": 6194,
        "name": "Filete At\u00fan Claro Aceite de Oliva Frasco CALVO",
        "price": 5.79,
        "price_kilo": 35.52,
        "slug": "filete-atun-claro-aceite-de-oliva-frasco",
        "description": "Filete At\u00fan Claro Aceite de Oliva Frasco 163 Gr",
        "image": "https:\/\/cdn-consum.aktiosdigitalservices.com\/tol\/consum\/media\/product\/img\/300x300\/7107972.jpg?t=20250313080059"
    },
    {
        "id": 6200,
        "name": "Chocolate Negro Postres CONSUM",
        "price": 2.39,
        "price_kilo": 11.95,
        "slug": "chocolate-negro-postres",
        "description": "Chocolate Negro Postres 200 Gr",
        "image": "https:\/\/cdn-consum.aktiosdigitalservices.com\/tol\/consum\/media\/product\/img\/300x300\/7108504.jpg?t=20250311133318"
    },
    {
        "id": 6205,
        "name": "Chocolate Relleno Caramelo MILKA",
        "price": 1.99,
        "price_kilo": 19.9,
        "slug": "chocolate-relleno-caramelo",
        "description": "Chocolate Relleno Caramelo 100 Gr",
        "image": "https:\/\/cdn-consum.aktiosdigitalservices.com\/tol\/consum\/media\/product\/img\/300x300\/7109036.jpg?t=20250312160012"
    },
    {
        "id": 6210,
        "name": "Pepinillos Estilo Alem\u00e1n Frasco ORZECH",
        "price": 4.29,
        "price_kilo": 4.88,
        "slug": "pepinillos-estilo-aleman-frasco",
        "description": "Pepinillos Estilo Alem\u00e1n Frasco 880 Gr",
        "image": "https:\/\/cdn-consum.aktiosdigitalservices.com\/tol\/consum\/media\/product\/img\/300x300\/7109858.jpg?t=20250312092746"
    },
    {
        "id": 6211,
        "name": "Merluza Empanada congelada PESCANOVA",
        "price": 4.35,
        "price_kilo": 12.79,
        "slug": "merluza-empanada-congelada",
        "description": "Merluza Empanada congelada 340 Gr",
        "image": "https:\/\/cdn-consum.aktiosdigitalservices.com\/tol\/consum\/media\/product\/img\/300x300\/7109973.jpg?t=20250227090732"
    },
    {
        "id": 6212,
        "name": "Bocaditos 18 Unidades CONSUM",
        "price": 1.49,
        "price_kilo": 4.03,
        "slug": "bocaditos-18-unidades",
        "description": "Bocaditos 18 Unidades 370 Gr",
        "image": "https:\/\/cdn-consum.aktiosdigitalservices.com\/tol\/consum\/media\/product\/img\/300x300\/7110161.jpg?t=20250312092746"
    },
    {
        "id": 6213,
        "name": "Bocaditos Chocolate 12 Unidades CONSUM",
        "price": 1.42,
        "price_kilo": 4.3,
        "slug": "bocaditos-chocolate-12-unidades",
        "description": "Bocaditos Chocolate 12 Unidades 330 Gr",
        "image": "https:\/\/cdn-consum.aktiosdigitalservices.com\/tol\/consum\/media\/product\/img\/300x300\/7110166.jpg?t=20250312092746"
    },
    {
        "id": 6223,
        "name": "Gel Higienizante Manos Hidro-Alcoh\u00f3lico ANIAN",
        "price": 1.99,
        "price_kilo": 1.99,
        "slug": "gel-higienizante-manos-hidro-alcoholico",
        "description": "Gel Higienizante Manos Hidro-Alcoh\u00f3lico 100 ml",
        "image": "https:\/\/cdn-consum.aktiosdigitalservices.com\/tol\/consum\/media\/product\/img\/300x300\/7111131.jpg?t=20241217081021"
    },
    {
        "id": 6227,
        "name": "Mascarilla Total Repair5 ELVIVE",
        "price": 4.5,
        "price_kilo": 1.45,
        "slug": "mascarilla-total-repair5",
        "description": "Mascarilla Total Repair5 310 ml",
        "image": "https:\/\/cdn-consum.aktiosdigitalservices.com\/tol\/consum\/media\/product\/img\/300x300\/7111326.jpg?t=20250312160018"
    },
    {
        "id": 6229,
        "name": "Miel Milflores Panal Dosificador GRANJA S.FCO",
        "price": 6.77,
        "price_kilo": 15.93,
        "slug": "miel-milflores-panal-dosificador",
        "description": "Miel Milflores Panal Dosificador 425 Gr",
        "image": "https:\/\/cdn-consum.aktiosdigitalservices.com\/tol\/consum\/media\/product\/img\/300x300\/7111529.jpg?t=20250311104453"
    },
    {
        "id": 6230,
        "name": "Papel Cocina Compacto Mega3 2 Unid.Igual a 6 FOXY",
        "price": 3.75,
        "price_kilo": 1.88,
        "slug": "papel-cocina-compacto-mega3-2-unidigual-a-6",
        "description": "Papel Cocina Compacto Mega3 2 Unid.Igual a 6 2 U",
        "image": "https:\/\/cdn-consum.aktiosdigitalservices.com\/tol\/consum\/media\/product\/img\/300x300\/7111784.jpg?t=20250206091211"
    },
    {
        "id": 6231,
        "name": "Plumero de Avestruz KORONIS",
        "price": 4.5,
        "price_kilo": 4.5,
        "slug": "plumero-de-avestruz",
        "description": "Plumero de Avestruz 1 U",
        "image": "https:\/\/cdn-consum.aktiosdigitalservices.com\/tol\/consum\/media\/product\/img\/300x300\/7111842.jpg?t=20250121080051"
    },
    {
        "id": 6232,
        "name": "Solomillo de Pollo . CONSUM",
        "price": 4.2,
        "price_kilo": 8.39,
        "slug": "solomillo-de-pollo-",
        "description": "Solomillo de Pollo .",
        "image": "https:\/\/cdn-consum.aktiosdigitalservices.com\/tol\/consum\/media\/product\/img\/300x300\/7112266.jpg?t=20241217081021"
    },
    {
        "id": 6233,
        "name": "Alas Partidas de Pollo CONSUM",
        "price": 2.75,
        "price_kilo": 5.49,
        "slug": "alas-partidas-de-pollo",
        "description": "Alas Partidas de Pollo",
        "image": "https:\/\/cdn-consum.aktiosdigitalservices.com\/tol\/consum\/media\/product\/img\/300x300\/7112365.jpg?t=20250218080111"
    },
    {
        "id": 6238,
        "name": "Cerveza Gran Reserva Botella CRUZCAMPO",
        "price": 1.29,
        "price_kilo": 3.91,
        "slug": "cerveza-gran-reserva-botella",
        "description": "Cerveza Gran Reserva Botella 0,33 L",
        "image": "https:\/\/cdn-consum.aktiosdigitalservices.com\/tol\/consum\/media\/product\/img\/300x300\/7112717.jpg?t=20250312125137"
    },
    {
        "id": 6242,
        "name": "Bebida de Soja Brik VIVESOY",
        "price": 1.89,
        "price_kilo": 1.89,
        "slug": "bebida-de-soja-brik",
        "description": "Bebida de Soja Brik 1 L",
        "image": "https:\/\/cdn-consum.aktiosdigitalservices.com\/tol\/consum\/media\/product\/img\/300x300\/7113033.jpg?t=20250311104459"
    },
    {
        "id": 6243,
        "name": "Masa Brisa BUITONI",
        "price": 2.35,
        "price_kilo": 10.22,
        "slug": "masa-brisa",
        "description": "Masa Brisa 230 Gr",
        "image": "https:\/\/cdn-consum.aktiosdigitalservices.com\/tol\/consum\/media\/product\/img\/300x300\/7113223.jpg?t=20250206091216"
    },
    {
        "id": 6248,
        "name": "Bebida de Soja sin Az\u00facares A\u00f1adidos Brik CONSUM",
        "price": 0.75,
        "price_kilo": 0.75,
        "slug": "bebida-de-soja-sin-azucares-anadidos-brik",
        "description": "Bebida de Soja sin Az\u00facares A\u00f1adidos Brik 1 L",
        "image": "https:\/\/cdn-consum.aktiosdigitalservices.com\/tol\/consum\/media\/product\/img\/300x300\/7113756.jpg?t=20250311104504"
    },
    {
        "id": 6249,
        "name": "Bebida de Soja con Calcio Brik CONSUM",
        "price": 0.65,
        "price_kilo": 0.65,
        "slug": "bebida-de-soja-con-calcio-brik",
        "description": "Bebida de Soja con Calcio Brik 1 L",
        "image": "https:\/\/cdn-consum.aktiosdigitalservices.com\/tol\/consum\/media\/product\/img\/300x300\/7113764.jpg?t=20250311104506"
    },
    {
        "id": 6250,
        "name": "Bebida Isot\u00f3nica Lim\u00f3n Botella AQUARIUS",
        "price": 1.99,
        "price_kilo": 1.33,
        "slug": "bebida-isotonica-limon-botella",
        "description": "Bebida Isot\u00f3nica Lim\u00f3n Botella 1,5 L",
        "image": "https:\/\/cdn-consum.aktiosdigitalservices.com\/tol\/consum\/media\/product\/img\/300x300\/7114002.jpg?t=20250227090756"
    },
    {
        "id": 6251,
        "name": "Bebida Isot\u00f3nica Naranja Botella AQUARIUS",
        "price": 1.99,
        "price_kilo": 1.33,
        "slug": "bebida-isotonica-naranja-botella",
        "description": "Bebida Isot\u00f3nica Naranja Botella 1,5 L",
        "image": "https:\/\/cdn-consum.aktiosdigitalservices.com\/tol\/consum\/media\/product\/img\/300x300\/7114015.jpg?t=20250227090759"
    },
    {
        "id": 6252,
        "name": "Crema de Setas con Champi\u00f1ones KNORR",
        "price": 2.29,
        "price_kilo": 4.58,
        "slug": "crema-de-setas-con-champinones",
        "description": "Crema de Setas con Champi\u00f1ones 0,5 L",
        "image": "https:\/\/cdn-consum.aktiosdigitalservices.com\/tol\/consum\/media\/product\/img\/300x300\/7114049.jpg?t=20241217081021"
    },
    {
        "id": 6254,
        "name": "Bandeja Cart\u00f3n Redonda m\u00e1s Blondas 32cm 4un. NV",
        "price": 2.89,
        "price_kilo": 2.89,
        "slug": "bandeja-carton-redonda-mas-blondas-32cm-4un",
        "description": "Bandeja Cart\u00f3n Redonda m\u00e1s Blondas 32cm 4un. 1 U",
        "image": "https:\/\/cdn-consum.aktiosdigitalservices.com\/tol\/consum\/media\/product\/img\/300x300\/7114155.jpg?t=20250311164542"
    },
    {
        "id": 6255,
        "name": "Caramelo con Mu\u00f1eco M\u00e1s 3 Recambios PEZ",
        "price": 2.05,
        "price_kilo": 7.88,
        "slug": "caramelo-con-muneco-mas-3-recambios",
        "description": "Caramelo con Mu\u00f1eco M\u00e1s 3 Recambios 26 Gr",
        "image": "https:\/\/cdn-consum.aktiosdigitalservices.com\/tol\/consum\/media\/product\/img\/300x300\/7114288.jpg?t=20250311124218"
    },
    {
        "id": 6256,
        "name": "Cacao Puro en Polvo sin Az\u00facar VALOR",
        "price": 6.25,
        "price_kilo": 25,
        "slug": "cacao-puro-en-polvo-sin-azucar",
        "description": "Cacao Puro en Polvo sin Az\u00facar 250 Gr",
        "image": "https:\/\/cdn-consum.aktiosdigitalservices.com\/tol\/consum\/media\/product\/img\/300x300\/7114630.jpg?t=20250311133328"
    },
    {
        "id": 6257,
        "name": "Chocolate con leche y Almendras sin Az\u00facar VALOR",
        "price": 3.99,
        "price_kilo": 26.6,
        "slug": "chocolate-con-leche-y-almendras-sin-azucar",
        "description": "Chocolate con leche y Almendras sin Az\u00facar 150 Gr",
        "image": "https:\/\/cdn-consum.aktiosdigitalservices.com\/tol\/consum\/media\/product\/img\/300x300\/7114635.jpg?t=20250311133330"
    },
    {
        "id": 6258,
        "name": "Chocolate Negro 55% CONSUM",
        "price": 1.65,
        "price_kilo": 11,
        "slug": "chocolate-negro-55",
        "description": "Chocolate Negro 55% 150 Gr",
        "image": "https:\/\/cdn-consum.aktiosdigitalservices.com\/tol\/consum\/media\/product\/img\/300x300\/7114903.jpg?t=20250311133332"
    },
    {
        "id": 6259,
        "name": "Jam\u00f3n Cocido CAMPOFR\u00cdO",
        "price": 1,
        "price_kilo": 13.33,
        "slug": "jamon-cocido",
        "description": "Jam\u00f3n Cocido 75 Gr",
        "image": "https:\/\/cdn-consum.aktiosdigitalservices.com\/tol\/consum\/media\/product\/img\/300x300\/7114929.jpg?t=20241217081021"
    },
    {
        "id": 6260,
        "name": "Huevos Camperos 1\/2 Docena MONTERDE",
        "price": 1.9,
        "price_kilo": 3.8,
        "slug": "huevos-camperos-1-2-docena",
        "description": "Huevos Camperos 1\/2 Docena 0,5 Dc",
        "image": "https:\/\/cdn-consum.aktiosdigitalservices.com\/tol\/consum\/media\/product\/img\/300x300\/7114932.jpg?t=20250311104518"
    },
    {
        "id": 6264,
        "name": "Jugoso al Horno Hierbas Provenzales MAGGI",
        "price": 1.19,
        "price_kilo": 3.5,
        "slug": "jugoso-al-horno-hierbas-provenzales",
        "description": "Jugoso al Horno Hierbas Provenzales 34 Gr",
        "image": "https:\/\/cdn-consum.aktiosdigitalservices.com\/tol\/consum\/media\/product\/img\/300x300\/7116499.jpg?t=20250313080113"
    },
    {
        "id": 6269,
        "name": "Leche Semidesnatada sin Lactosa PASCUAL",
        "price": 1.49,
        "price_kilo": 1.49,
        "slug": "leche-semidesnatada-sin-lactosa",
        "description": "Leche Semidesnatada sin Lactosa 1 L",
        "image": "https:\/\/cdn-consum.aktiosdigitalservices.com\/tol\/consum\/media\/product\/img\/300x300\/7116627.jpg?t=20250311104529"
    },
    {
        "id": 6270,
        "name": "Leche Desnatada sin Lactosa PASCUAL",
        "price": 1.45,
        "price_kilo": 1.45,
        "slug": "leche-desnatada-sin-lactosa",
        "description": "Leche Desnatada sin Lactosa 1 L",
        "image": "https:\/\/cdn-consum.aktiosdigitalservices.com\/tol\/consum\/media\/product\/img\/300x300\/7116630.jpg?t=20250311104532"
    },
    {
        "id": 6272,
        "name": "Panecilllos Tostados Bolsa CONSUM",
        "price": 0.76,
        "price_kilo": 3.8,
        "slug": "panecilllos-tostados-bolsa",
        "description": "Panecilllos Tostados Bolsa 200 Gr",
        "image": "https:\/\/cdn-consum.aktiosdigitalservices.com\/tol\/consum\/media\/product\/img\/300x300\/7116833.jpg?t=20250311104534"
    },
    {
        "id": 6273,
        "name": "Panecillos Tostados Integrales bolsa CONSUM",
        "price": 0.76,
        "price_kilo": 3.8,
        "slug": "panecillos-tostados-integrales-bolsa",
        "description": "Panecillos Tostados Integrales bolsa 200 Gr",
        "image": "https:\/\/cdn-consum.aktiosdigitalservices.com\/tol\/consum\/media\/product\/img\/300x300\/7116838.jpg?t=20250311104537"
    },
    {
        "id": 6279,
        "name": "Queso Fundido Light 16 Lonchas CONSUM",
        "price": 1.93,
        "price_kilo": 6.43,
        "slug": "queso-fundido-light-16-lonchas",
        "description": "Queso Fundido Light 16 Lonchas 300 Gr",
        "image": "https:\/\/cdn-consum.aktiosdigitalservices.com\/tol\/consum\/media\/product\/img\/300x300\/7117302.jpg?t=20250103080648"
    },
    {
        "id": 6281,
        "name": "Minibiscotte Normal CONSUM",
        "price": 0.76,
        "price_kilo": 6.33,
        "slug": "minibiscotte-normal",
        "description": "Minibiscotte Normal 120 Gr",
        "image": "https:\/\/cdn-consum.aktiosdigitalservices.com\/tol\/consum\/media\/product\/img\/300x300\/7117591.jpg?t=20250311104544"
    },
    {
        "id": 6287,
        "name": "Gel Dental Menta Fresca 2EN1 KYREY",
        "price": 1.05,
        "price_kilo": 1.05,
        "slug": "gel-dental-menta-fresca-2en1",
        "description": "Gel Dental Menta Fresca 2EN1 100 ml",
        "image": "https:\/\/cdn-consum.aktiosdigitalservices.com\/tol\/consum\/media\/product\/img\/300x300\/7118727.jpg?t=20241217081022"
    },
    {
        "id": 6288,
        "name": "Gel Dental Blanqueador 2 en 1 KYREY",
        "price": 1.05,
        "price_kilo": 1.05,
        "slug": "gel-dental-blanqueador-2-en-1",
        "description": "Gel Dental Blanqueador 2 en 1 100 ml",
        "image": "https:\/\/cdn-consum.aktiosdigitalservices.com\/tol\/consum\/media\/product\/img\/300x300\/7118730.jpg?t=20241217081022"
    },
    {
        "id": 6294,
        "name": "N\u00e9ctar Naranja Disfruta sin Az\u00facar A\u00f1adido Pet DON SIMON",
        "price": 2.69,
        "price_kilo": 1.79,
        "slug": "nectar-naranja-disfruta-sin-azucar-anadido-pet",
        "description": "N\u00e9ctar Naranja Disfruta sin Az\u00facar A\u00f1adido Pet 1,5 L",
        "image": "https:\/\/cdn-consum.aktiosdigitalservices.com\/tol\/consum\/media\/product\/img\/300x300\/7119043.jpg?t=20250220080125"
    },
    {
        "id": 6295,
        "name": "N\u00e9ctar Pi\u00f1a Disfruta sin Az\u00facar A\u00f1adido Pet DON SIMON",
        "price": 1.95,
        "price_kilo": 1.3,
        "slug": "nectar-pina-disfruta-sin-azucar-anadido-pet",
        "description": "N\u00e9ctar Pi\u00f1a Disfruta sin Az\u00facar A\u00f1adido Pet 1,5 L",
        "image": "https:\/\/cdn-consum.aktiosdigitalservices.com\/tol\/consum\/media\/product\/img\/300x300\/7119048.jpg?t=20250220080127"
    },
    {
        "id": 6296,
        "name": "N\u00e9ctar Mango Manzana sin Az\u00facar A\u00f1adido Pet DON SIMON",
        "price": 1.95,
        "price_kilo": 1.3,
        "slug": "nectar-mango-manzana-sin-azucar-anadido-pet",
        "description": "N\u00e9ctar Mango Manzana sin Az\u00facar A\u00f1adido Pet 1,5 L",
        "image": "https:\/\/cdn-consum.aktiosdigitalservices.com\/tol\/consum\/media\/product\/img\/300x300\/7119113.jpg?t=20250220080130"
    },
    {
        "id": 6297,
        "name": "N\u00e9ctar Naranja Zanahoria Mango sin Az\u00facar A\u00f1. Pet DON SIMON",
        "price": 1.95,
        "price_kilo": 1.3,
        "slug": "nectar-naranja-zanahoria-mango-sin-azucar-an-pet",
        "description": "N\u00e9ctar Naranja Zanahoria Mango sin Az\u00facar A\u00f1. Pet 1,5 L",
        "image": "https:\/\/cdn-consum.aktiosdigitalservices.com\/tol\/consum\/media\/product\/img\/300x300\/7119118.jpg?t=20250220080132"
    },
    {
        "id": 6298,
        "name": "Espinacas congeladas con Pasas y Pi\u00f1ones FINDUS",
        "price": 3.89,
        "price_kilo": 9.73,
        "slug": "espinacas-congeladas-con-pasas-y-pinones",
        "description": "Espinacas congeladas con Pasas y Pi\u00f1ones 400 Gr",
        "image": "https:\/\/cdn-consum.aktiosdigitalservices.com\/tol\/consum\/media\/product\/img\/300x300\/7119154.jpg?t=20250206091254"
    },
    {
        "id": 6308,
        "name": "Pizza congelada Ristorante Jam\u00f3n RISTORANTE",
        "price": 3.89,
        "price_kilo": 11.44,
        "slug": "pizza-congelada-ristorante-jamon",
        "description": "Pizza congelada Ristorante Jam\u00f3n 340 Gr",
        "image": "https:\/\/cdn-consum.aktiosdigitalservices.com\/tol\/consum\/media\/product\/img\/300x300\/7119878.jpg?t=20250227090820"
    },
    {
        "id": 6317,
        "name": "Tinto Verano Cl\u00e1sico sin Alcohol Botella Pet DON SIMON",
        "price": 1.55,
        "price_kilo": 1.03,
        "slug": "tinto-verano-clasico-sin-alcohol-botella-pet",
        "description": "Tinto Verano Cl\u00e1sico sin Alcohol Botella Pet 1,5 L",
        "image": "https:\/\/cdn-consum.aktiosdigitalservices.com\/tol\/consum\/media\/product\/img\/300x300\/7120397.jpg?t=20250228075920"
    },
    {
        "id": 6318,
        "name": "Tinto Verano Lim\u00f3n Sin Alcohol Botella Pet DON SIMON",
        "price": 1.55,
        "price_kilo": 1.03,
        "slug": "tinto-verano-limon-sin-alcohol-botella-pet",
        "description": "Tinto Verano Lim\u00f3n Sin Alcohol Botella Pet 1,5 L",
        "image": "https:\/\/cdn-consum.aktiosdigitalservices.com\/tol\/consum\/media\/product\/img\/300x300\/7120400.jpg?t=20250228075923"
    },
    {
        "id": 6326,
        "name": "Philadelphia Finas Hierbas PHILADELPHIA",
        "price": 2.7,
        "price_kilo": 18,
        "slug": "philadelphia-finas-hierbas",
        "description": "Philadelphia Finas Hierbas 150 Gr",
        "image": "https:\/\/cdn-consum.aktiosdigitalservices.com\/tol\/consum\/media\/product\/img\/300x300\/7120900.jpg?t=20250227090834"
    },
    {
        "id": 6332,
        "name": "Caf\u00e9 Cortado C\u00e1psulas DOLCE GUSTO",
        "price": 5.2,
        "price_kilo": 0.33,
        "slug": "cafe-cortado-capsulas",
        "description": "Caf\u00e9 Cortado C\u00e1psulas 16 U",
        "image": "https:\/\/cdn-consum.aktiosdigitalservices.com\/tol\/consum\/media\/product\/img\/300x300\/7131233.jpg?t=20250312160026"
    },
    {
        "id": 6333,
        "name": "Queso Emmental Lonchas JUAN LUNA",
        "price": 2.99,
        "price_kilo": 14.95,
        "slug": "queso-emmental-lonchas",
        "description": "Queso Emmental Lonchas 200 Gr",
        "image": "https:\/\/cdn-consum.aktiosdigitalservices.com\/tol\/consum\/media\/product\/img\/300x300\/7131274.jpg?t=20250103080657"
    },
    {
        "id": 6334,
        "name": "D\u00fao Can\u00f3nigo R\u00facula Bolsa FLORETTE",
        "price": 1.99,
        "price_kilo": 19.9,
        "slug": "duo-canonigo-rucula-bolsa",
        "description": "D\u00fao Can\u00f3nigo R\u00facula Bolsa 100 Gr",
        "image": "https:\/\/cdn-consum.aktiosdigitalservices.com\/tol\/consum\/media\/product\/img\/300x300\/7131290.jpg?t=20250225075844"
    },
    {
        "id": 6345,
        "name": "Bebida Isot\u00f3nica Lim\u00f3n Zero Botella AQUARIUS",
        "price": 1.99,
        "price_kilo": 1.33,
        "slug": "bebida-isotonica-limon-zero-botella",
        "description": "Bebida Isot\u00f3nica Lim\u00f3n Zero Botella 1,5 L",
        "image": "https:\/\/cdn-consum.aktiosdigitalservices.com\/tol\/consum\/media\/product\/img\/300x300\/7134369.jpg?t=20250227090841"
    },
    {
        "id": 6346,
        "name": "Bebida Isot\u00f3nica Naranja Zero Botella AQUARIUS",
        "price": 1.99,
        "price_kilo": 1.33,
        "slug": "bebida-isotonica-naranja-zero-botella",
        "description": "Bebida Isot\u00f3nica Naranja Zero Botella 1,5 L",
        "image": "https:\/\/cdn-consum.aktiosdigitalservices.com\/tol\/consum\/media\/product\/img\/300x300\/7134372.jpg?t=20250227090843"
    },
    {
        "id": 6347,
        "name": "Ginebra SEAGRAM\u00b4S",
        "price": 16.95,
        "price_kilo": 24.21,
        "slug": "ginebra",
        "description": "Ginebra 0,7 L",
        "image": "https:\/\/cdn-consum.aktiosdigitalservices.com\/tol\/consum\/media\/product\/img\/300x300\/7134443.jpg?t=20250322075849"
    },
    {
        "id": 6348,
        "name": "Arroz Bomba LA FALLERA",
        "price": 6.03,
        "price_kilo": 6.03,
        "slug": "arroz-bomba",
        "description": "Arroz Bomba 1 Kg",
        "image": "https:\/\/cdn-consum.aktiosdigitalservices.com\/tol\/consum\/media\/product\/img\/300x300\/7134497.jpg?t=20250320075832"
    },
    {
        "id": 6352,
        "name": "Arroz Redondo Vaso Pack de 2 BRILLANTE",
        "price": 1.25,
        "price_kilo": 5,
        "slug": "arroz-redondo-vaso-pack-de-2",
        "description": "Arroz Redondo Vaso Pack de 2 2 x 125 Gr",
        "image": "https:\/\/cdn-consum.aktiosdigitalservices.com\/tol\/consum\/media\/product\/img\/300x300\/7135101.jpg?t=20241217081023"
    },
    {
        "id": 6353,
        "name": "Arroz Integral Vaso Pack de 2 BRILLANTE",
        "price": 1.25,
        "price_kilo": 5,
        "slug": "arroz-integral-vaso-pack-de-2",
        "description": "Arroz Integral Vaso Pack de 2 2 x 125 Gr",
        "image": "https:\/\/cdn-consum.aktiosdigitalservices.com\/tol\/consum\/media\/product\/img\/300x300\/7135106.jpg?t=20241217081023"
    },
    {
        "id": 6354,
        "name": "Vino Blanco Verdejo D.O.Rueda DEHES.VIEJAS",
        "price": 3.9,
        "price_kilo": 5.2,
        "slug": "vino-blanco-verdejo-dorueda",
        "description": "Vino Blanco Verdejo D.O.Rueda 0,75 L",
        "image": "https:\/\/cdn-consum.aktiosdigitalservices.com\/tol\/consum\/media\/product\/img\/300x300\/7135176.jpg?t=20250129075815"
    },
    {
        "id": 6360,
        "name": "Fregona Sint\u00e9tica Tira Amarilla CONSUM",
        "price": 1,
        "price_kilo": 1,
        "slug": "fregona-sintetica-tira-amarilla",
        "description": "Fregona Sint\u00e9tica Tira Amarilla 1 U",
        "image": "https:\/\/cdn-consum.aktiosdigitalservices.com\/tol\/consum\/media\/product\/img\/300x300\/7140759.jpg?t=20241217081023"
    },
    {
        "id": 6361,
        "name": "Fregona Sint\u00e9tica Algod\u00f3n Crudo CONSUM",
        "price": 1.1,
        "price_kilo": 1.1,
        "slug": "fregona-sintetica-algodon-crudo",
        "description": "Fregona Sint\u00e9tica Algod\u00f3n Crudo 1 U",
        "image": "https:\/\/cdn-consum.aktiosdigitalservices.com\/tol\/consum\/media\/product\/img\/300x300\/7140762.jpg?t=20241217081023"
    },
    {
        "id": 6362,
        "name": "Crema de Cacao 1 Sabor. Bote CONSUM",
        "price": 1.95,
        "price_kilo": 3.9,
        "slug": "crema-de-cacao-1-sabor-bote",
        "description": "Crema de Cacao 1 Sabor. Bote 500 Gr",
        "image": "https:\/\/cdn-consum.aktiosdigitalservices.com\/tol\/consum\/media\/product\/img\/300x300\/7140767.jpg?t=20250311133347"
    },
    {
        "id": 6363,
        "name": "Crema Calabac\u00edn con Quesito KNORR",
        "price": 2.29,
        "price_kilo": 4.58,
        "slug": "crema-calabacin-con-quesito",
        "description": "Crema Calabac\u00edn con Quesito 0,5 L",
        "image": "https:\/\/cdn-consum.aktiosdigitalservices.com\/tol\/consum\/media\/product\/img\/300x300\/7140783.jpg?t=20250312092746"
    },
    {
        "id": 6366,
        "name": "T\u00f3nica Lata CONSUM",
        "price": 0.37,
        "price_kilo": 1.12,
        "slug": "tonica-lata",
        "description": "T\u00f3nica Lata 0,33 L",
        "image": "https:\/\/cdn-consum.aktiosdigitalservices.com\/tol\/consum\/media\/product\/img\/300x300\/7140879.jpg?t=20241217081023"
    },
    {
        "id": 6367,
        "name": "Refresco Cola Light Lata CONSUM",
        "price": 0.34,
        "price_kilo": 1.03,
        "slug": "refresco-cola-light-lata",
        "description": "Refresco Cola Light Lata 0,33 L",
        "image": "https:\/\/cdn-consum.aktiosdigitalservices.com\/tol\/consum\/media\/product\/img\/300x300\/7140882.jpg?t=20241217081023"
    },
    {
        "id": 6369,
        "name": "Chocolate con Leche Extrafino NESTLE",
        "price": 3.55,
        "price_kilo": 14.2,
        "slug": "chocolate-con-leche-extrafino",
        "description": "Chocolate con Leche Extrafino 250 Gr",
        "image": "https:\/\/cdn-consum.aktiosdigitalservices.com\/tol\/consum\/media\/product\/img\/300x300\/7141104.jpg?t=20250311133349"
    },
    {
        "id": 6373,
        "name": "Higi\u00e9nico Mega3 FOXY",
        "price": 3.89,
        "price_kilo": 0.97,
        "slug": "higienico-mega3",
        "description": "Higi\u00e9nico Mega3 4 U",
        "image": "https:\/\/cdn-consum.aktiosdigitalservices.com\/tol\/consum\/media\/product\/img\/300x300\/7141471.jpg?t=20250206091337"
    },
    {
        "id": 6374,
        "name": "Yogur Natural Azucarado S\/Lactosa Pack de 4 Ud KAIKU",
        "price": 1.99,
        "price_kilo": 3.98,
        "slug": "yogur-natural-azucarado-s-lactosa-pack-de-4-ud",
        "description": "Yogur Natural Azucarado S\/Lactosa Pack de 4 Ud 4 x 125 Gr",
        "image": "https:\/\/cdn-consum.aktiosdigitalservices.com\/tol\/consum\/media\/product\/img\/300x300\/7141542.jpg?t=20250114084048"
    },
    {
        "id": 6375,
        "name": "Caff\u00e8 Latte Cappuccino KAIKU",
        "price": 1.79,
        "price_kilo": 7.78,
        "slug": "caffe-latte-cappuccino",
        "description": "Caff\u00e8 Latte Cappuccino 230 ml",
        "image": "https:\/\/cdn-consum.aktiosdigitalservices.com\/tol\/consum\/media\/product\/img\/300x300\/7141559.jpg?t=20250201075832"
    },
    {
        "id": 6376,
        "name": "Caff\u00e8 Latte Espresso KAIKU",
        "price": 1.79,
        "price_kilo": 7.78,
        "slug": "caffe-latte-espresso",
        "description": "Caff\u00e8 Latte Espresso 230 ml",
        "image": "https:\/\/cdn-consum.aktiosdigitalservices.com\/tol\/consum\/media\/product\/img\/300x300\/7141562.jpg?t=20250218080151"
    },
    {
        "id": 6379,
        "name": "Queso Fundido Light Porciones CONSUM",
        "price": 1.68,
        "price_kilo": 6.72,
        "slug": "queso-fundido-light-porciones",
        "description": "Queso Fundido Light Porciones 250 Gr",
        "image": "https:\/\/cdn-consum.aktiosdigitalservices.com\/tol\/consum\/media\/product\/img\/300x300\/7142032.jpg?t=20250103080721"
    },
    {
        "id": 6380,
        "name": "Queso Fundido Porciones CONSUM",
        "price": 1.55,
        "price_kilo": 6.2,
        "slug": "queso-fundido-porciones",
        "description": "Queso Fundido Porciones 250 Gr",
        "image": "https:\/\/cdn-consum.aktiosdigitalservices.com\/tol\/consum\/media\/product\/img\/300x300\/7142045.jpg?t=20250103080724"
    },
    {
        "id": 6382,
        "name": "Queso Mezcla Semi Lonchas CONSUM",
        "price": 2.35,
        "price_kilo": 11.75,
        "slug": "queso-mezcla-semi-lonchas",
        "description": "Queso Mezcla Semi Lonchas 200 Gr",
        "image": "https:\/\/cdn-consum.aktiosdigitalservices.com\/tol\/consum\/media\/product\/img\/300x300\/7142057.jpg?t=20250103080728"
    },
    {
        "id": 6383,
        "name": "Mermelada Melocot\u00f3n 0% Az\u00facares A\u00f1adidos HELIOS",
        "price": 1.99,
        "price_kilo": 7.11,
        "slug": "mermelada-melocoton-0-azucares-anadidos",
        "description": "Mermelada Melocot\u00f3n 0% Az\u00facares A\u00f1adidos 280 Gr",
        "image": "https:\/\/cdn-consum.aktiosdigitalservices.com\/tol\/consum\/media\/product\/img\/300x300\/7142198.jpg?t=20250315075728"
    },
    {
        "id": 6384,
        "name": "Pizza Jam\u00f3n y Queso al Horno de Piedra CONSUM",
        "price": 2.5,
        "price_kilo": 6.25,
        "slug": "pizza-jamon-y-queso-al-horno-de-piedra",
        "description": "Pizza Jam\u00f3n y Queso al Horno de Piedra 400 Gr",
        "image": "https:\/\/cdn-consum.aktiosdigitalservices.com\/tol\/consum\/media\/product\/img\/300x300\/7142474.jpg?t=20250218080154"
    },
    {
        "id": 6385,
        "name": "Pizza 4 Quesos al Horno de Piedra CONSUM",
        "price": 2.9,
        "price_kilo": 7.25,
        "slug": "pizza-4-quesos-al-horno-de-piedra",
        "description": "Pizza 4 Quesos al Horno de Piedra 400 Gr",
        "image": "https:\/\/cdn-consum.aktiosdigitalservices.com\/tol\/consum\/media\/product\/img\/300x300\/7142479.jpg?t=20241217081024"
    },
    {
        "id": 6386,
        "name": "Pizza At\u00fan y Bac\u00f3n CONSUM",
        "price": 2.9,
        "price_kilo": 7.25,
        "slug": "pizza-atun-y-bacon",
        "description": "Pizza At\u00fan y Bac\u00f3n 400 Gr",
        "image": "https:\/\/cdn-consum.aktiosdigitalservices.com\/tol\/consum\/media\/product\/img\/300x300\/7142482.jpg?t=20241217081024"
    },
    {
        "id": 6387,
        "name": "Crema de Cacao 2 Sabores Bote CONSUM",
        "price": 1.95,
        "price_kilo": 3.9,
        "slug": "crema-de-cacao-2-sabores-bote",
        "description": "Crema de Cacao 2 Sabores Bote 500 Gr",
        "image": "https:\/\/cdn-consum.aktiosdigitalservices.com\/tol\/consum\/media\/product\/img\/300x300\/7144157.jpg?t=20250311133354"
    },
    {
        "id": 6394,
        "name": "Tarrito Buenas Noches Guisantes con Jam\u00f3n P-2 HERO",
        "price": 2.99,
        "price_kilo": 7.87,
        "slug": "tarrito-buenas-noches-guisantes-con-jamon-p-2",
        "description": "Tarrito Buenas Noches Guisantes con Jam\u00f3n P-2 2 x 190 Gr",
        "image": "https:\/\/cdn-consum.aktiosdigitalservices.com\/tol\/consum\/media\/product\/img\/300x300\/7144558.jpg?t=20250311133358"
    },
    {
        "id": 6401,
        "name": "Cepillo Dental 2 M\u00e1s 2 Extra Clean COLGATE",
        "price": 2.99,
        "price_kilo": 0.75,
        "slug": "cepillo-dental-2-mas-2-extra-clean",
        "description": "Cepillo Dental 2 M\u00e1s 2 Extra Clean 4 U",
        "image": "https:\/\/cdn-consum.aktiosdigitalservices.com\/tol\/consum\/media\/product\/img\/300x300\/7145571.jpg?t=20250312160036"
    },
    {
        "id": 6402,
        "name": "Refresco Cola Zero Zero Pet COCA-COLA",
        "price": 2.1,
        "price_kilo": 1.05,
        "slug": "refresco-cola-zero-zero-pet",
        "description": "Refresco Cola Zero Zero Pet 2 L",
        "image": "https:\/\/cdn-consum.aktiosdigitalservices.com\/tol\/consum\/media\/product\/img\/300x300\/7145860.jpg?t=20250311133401"
    },
    {
        "id": 6403,
        "name": "Bebida Energ\u00e9tica Lata RED BULL",
        "price": 2.09,
        "price_kilo": 5.97,
        "slug": "bebida-energetica-lata",
        "description": "Bebida Energ\u00e9tica Lata 0,35 L",
        "image": "https:\/\/cdn-consum.aktiosdigitalservices.com\/tol\/consum\/media\/product\/img\/300x300\/7146186.jpg?t=20250319075810"
    },
    {
        "id": 6405,
        "name": "Tomate Asurcado ",
        "price": 0.76,
        "price_kilo": 3.99,
        "slug": "tomate-asurcado",
        "description": "Tomate Asurcado",
        "image": "https:\/\/cdn-consum.aktiosdigitalservices.com\/tol\/consum\/media\/product\/img\/300x300\/7146798.jpg?t=20250322075853"
    },
    {
        "id": 6406,
        "name": "Cerveza Mexicana Botella CORONA",
        "price": 1.53,
        "price_kilo": 4.37,
        "slug": "cerveza-mexicana-botella",
        "description": "Cerveza Mexicana Botella 0,35 L",
        "image": "https:\/\/cdn-consum.aktiosdigitalservices.com\/tol\/consum\/media\/product\/img\/300x300\/7147192.jpg?t=20250320075838"
    },
    {
        "id": 6407,
        "name": "Filet\u00f3n de Bacalao ANGOMAR",
        "price": 6.95,
        "price_kilo": 13.9,
        "slug": "fileton-de-bacalao",
        "description": "Filet\u00f3n de Bacalao",
        "image": "https:\/\/cdn-consum.aktiosdigitalservices.com\/tol\/consum\/media\/product\/img\/300x300\/7147689.jpg?t=20250315075735"
    },
    {
        "id": 6415,
        "name": "Palmeras ",
        "price": 2.29,
        "price_kilo": 14.31,
        "slug": "palmeras",
        "description": "Palmeras 160 Gr",
        "image": "https:\/\/cdn-consum.aktiosdigitalservices.com\/tol\/consum\/media\/product\/img\/300x300\/7148856.jpg?t=20250320075847"
    },
    {
        "id": 6416,
        "name": "Pan de Molde Cl\u00e1sico Sin Corteza CONSUM",
        "price": 1.13,
        "price_kilo": 2.51,
        "slug": "pan-de-molde-clasico-sin-corteza",
        "description": "Pan de Molde Cl\u00e1sico Sin Corteza 450 Gr",
        "image": "https:\/\/cdn-consum.aktiosdigitalservices.com\/tol\/consum\/media\/product\/img\/300x300\/7149094.jpg?t=20250311104636"
    },
    {
        "id": 6418,
        "name": "Body Milk Aceite de Oliva Piel Seca NIVEA",
        "price": 4.49,
        "price_kilo": 1.12,
        "slug": "body-milk-aceite-de-oliva-piel-seca",
        "description": "Body Milk Aceite de Oliva Piel Seca 400 ml",
        "image": "https:\/\/cdn-consum.aktiosdigitalservices.com\/tol\/consum\/media\/product\/img\/300x300\/7149222.jpg?t=20250313080123"
    },
    {
        "id": 6419,
        "name": "Desodorante Roll-On Invisible Black & White NIVEA",
        "price": 1.6,
        "price_kilo": 3.2,
        "slug": "desodorante-roll-on-invisible-black-white",
        "description": "Desodorante Roll-On Invisible Black & White 50 ml",
        "image": "https:\/\/cdn-consum.aktiosdigitalservices.com\/tol\/consum\/media\/product\/img\/300x300\/7149227.jpg?t=20250312092748"
    },
    {
        "id": 6420,
        "name": "Cerveza Lata \u00c1GUILA NEGRA",
        "price": 0.31,
        "price_kilo": 0.94,
        "slug": "cerveza-lata",
        "description": "Cerveza Lata 0,33 L",
        "image": "https:\/\/cdn-consum.aktiosdigitalservices.com\/tol\/consum\/media\/product\/img\/300x300\/7149230.jpg?t=20250225075854"
    },
    {
        "id": 6422,
        "name": "Zumo+Leche Mediterr\u00e1neo CONSUM",
        "price": 1.2,
        "price_kilo": 1,
        "slug": "zumoleche-mediterraneo",
        "description": "Zumo+Leche Mediterr\u00e1neo 6 x 200 ml",
        "image": "https:\/\/cdn-consum.aktiosdigitalservices.com\/tol\/consum\/media\/product\/img\/300x300\/7149438.jpg?t=20250312092748"
    },
    {
        "id": 6423,
        "name": "Zumo+Leche Tropical CONSUM",
        "price": 1.2,
        "price_kilo": 1,
        "slug": "zumoleche-tropical",
        "description": "Zumo+Leche Tropical 6 x 200 ml",
        "image": "https:\/\/cdn-consum.aktiosdigitalservices.com\/tol\/consum\/media\/product\/img\/300x300\/7149441.jpg?t=20250312092748"
    },
    {
        "id": 6435,
        "name": "Gazpacho Suave CONSUM",
        "price": 1.8,
        "price_kilo": 1.8,
        "slug": "gazpacho-suave",
        "description": "Gazpacho Suave 1 L",
        "image": "https:\/\/cdn-consum.aktiosdigitalservices.com\/tol\/consum\/media\/product\/img\/300x300\/7150311.jpg?t=20241217081025"
    },
    {
        "id": 6440,
        "name": "Tomate Frito Brik Pack de 3 ORLANDO",
        "price": 1.99,
        "price_kilo": 3.16,
        "slug": "tomate-frito-brik-pack-de-3",
        "description": "Tomate Frito Brik Pack de 3 3 x 210 Gr",
        "image": "https:\/\/cdn-consum.aktiosdigitalservices.com\/tol\/consum\/media\/product\/img\/300x300\/7150589.jpg?t=20250312092748"
    },
    {
        "id": 6444,
        "name": "Compresa Ultra Normal Con Alas AUSONIA",
        "price": 1.85,
        "price_kilo": 0.13,
        "slug": "compresa-ultra-normal-con-alas",
        "description": "Compresa Ultra Normal Con Alas 14 U",
        "image": "https:\/\/cdn-consum.aktiosdigitalservices.com\/tol\/consum\/media\/product\/img\/300x300\/7151082.jpg?t=20241217081025"
    },
    {
        "id": 6447,
        "name": "Crema Lata Azul Cara,Cuerpo y Manos NIVEA",
        "price": 1.19,
        "price_kilo": 3.97,
        "slug": "crema-lata-azul-caracuerpo-y-manos",
        "description": "Crema Lata Azul Cara,Cuerpo y Manos 30 ml",
        "image": "https:\/\/cdn-consum.aktiosdigitalservices.com\/tol\/consum\/media\/product\/img\/300x300\/7151285.jpg?t=20250208075741"
    },
    {
        "id": 6448,
        "name": "Crema Hidrantante Soft Cara,Cuerpo y Manos NIVEA",
        "price": 1.49,
        "price_kilo": 2.98,
        "slug": "crema-hidrantante-soft-caracuerpo-y-manos",
        "description": "Crema Hidrantante Soft Cara,Cuerpo y Manos 50 ml",
        "image": "https:\/\/cdn-consum.aktiosdigitalservices.com\/tol\/consum\/media\/product\/img\/300x300\/7151298.jpg?t=20250313080132"
    },
    {
        "id": 6453,
        "name": "Pizza At\u00fan y Cebolla CONSUM",
        "price": 2.6,
        "price_kilo": 7.03,
        "slug": "pizza-atun-y-cebolla",
        "description": "Pizza At\u00fan y Cebolla 370 Gr",
        "image": "https:\/\/cdn-consum.aktiosdigitalservices.com\/tol\/consum\/media\/product\/img\/300x300\/7151330.jpg?t=20241217081025"
    },
    {
        "id": 6454,
        "name": "Pizza congelada 5 Quesos CONSUM",
        "price": 2.5,
        "price_kilo": 7.25,
        "slug": "pizza-congelada-5-quesos",
        "description": "Pizza congelada 5 Quesos 345 Gr",
        "image": "https:\/\/cdn-consum.aktiosdigitalservices.com\/tol\/consum\/media\/product\/img\/300x300\/7151335.jpg?t=20250227090929"
    },
    {
        "id": 6455,
        "name": "Pizza congelada Jam\u00f3n y Queso CONSUM",
        "price": 2.5,
        "price_kilo": 7.35,
        "slug": "pizza-congelada-jamon-y-queso",
        "description": "Pizza congelada Jam\u00f3n y Queso 340 Gr",
        "image": "https:\/\/cdn-consum.aktiosdigitalservices.com\/tol\/consum\/media\/product\/img\/300x300\/7151343.jpg?t=20250227090931"
    },
    {
        "id": 6462,
        "name": "Caf\u00e9 Con Leche C\u00e1psulas DOLCE GUSTO",
        "price": 5.2,
        "price_kilo": 0.33,
        "slug": "cafe-con-leche-capsulas",
        "description": "Caf\u00e9 Con Leche C\u00e1psulas 16 U",
        "image": "https:\/\/cdn-consum.aktiosdigitalservices.com\/tol\/consum\/media\/product\/img\/300x300\/7152010.jpg?t=20250312160044"
    },
    {
        "id": 6464,
        "name": "Tinto Verano Lim\u00f3n Botella Pet DON SIMON",
        "price": 1.85,
        "price_kilo": 1.23,
        "slug": "tinto-verano-limon-botella-pet",
        "description": "Tinto Verano Lim\u00f3n Botella Pet 1,5 L",
        "image": "https:\/\/cdn-consum.aktiosdigitalservices.com\/tol\/consum\/media\/product\/img\/300x300\/7152031.jpg?t=20250228075951"
    },
    {
        "id": 6473,
        "name": "Desodorante Spray Invisible Black&White NIVEA",
        "price": 2.95,
        "price_kilo": 1.48,
        "slug": "desodorante-spray-invisible-blackwhite",
        "description": "Desodorante Spray Invisible Black&White 200 ml",
        "image": "https:\/\/cdn-consum.aktiosdigitalservices.com\/tol\/consum\/media\/product\/img\/300x300\/7152754.jpg?t=20250227090935"
    },
    {
        "id": 6474,
        "name": "Leche Merengada Pack de 2 Unidades MONZO",
        "price": 1.95,
        "price_kilo": 4.88,
        "slug": "leche-merengada-pack-de-2-unidades",
        "description": "Leche Merengada Pack de 2 Unidades 2 x 200 ml",
        "image": "https:\/\/cdn-consum.aktiosdigitalservices.com\/tol\/consum\/media\/product\/img\/300x300\/7153448.jpg?t=20241217081025"
    },
    {
        "id": 6475,
        "name": "Panecillos Tostados Sabor Ajo y Perejil CONSUM",
        "price": 1.2,
        "price_kilo": 7.5,
        "slug": "panecillos-tostados-sabor-ajo-y-perejil",
        "description": "Panecillos Tostados Sabor Ajo y Perejil 160 Gr",
        "image": "https:\/\/cdn-consum.aktiosdigitalservices.com\/tol\/consum\/media\/product\/img\/300x300\/7153794.jpg?t=20250311104704"
    },
    {
        "id": 6477,
        "name": "Antical Gel CALGON",
        "price": 8.99,
        "price_kilo": 11.99,
        "slug": "antical-gel",
        "description": "Antical Gel 0,75 L",
        "image": "https:\/\/cdn-consum.aktiosdigitalservices.com\/tol\/consum\/media\/product\/img\/300x300\/7153885.jpg?t=20250227090938"
    },
    {
        "id": 6479,
        "name": "Comida H\u00fameda para Perro Sabor Pollo en pat\u00e9 CESAR",
        "price": 1.69,
        "price_kilo": 11.27,
        "slug": "comida-humeda-para-perro-sabor-pollo-en-pate",
        "description": "Comida H\u00fameda para Perro Sabor Pollo en pat\u00e9 Tarrina 150g",
        "image": "https:\/\/cdn-consum.aktiosdigitalservices.com\/tol\/consum\/media\/product\/img\/300x300\/7153906.jpg?t=20250227090939"
    },
    {
        "id": 6486,
        "name": "Bac\u00f3n en Lonchas CONSUM",
        "price": 2.09,
        "price_kilo": 10.45,
        "slug": "bacon-en-lonchas",
        "description": "Bac\u00f3n en Lonchas 200 Gr",
        "image": "https:\/\/cdn-consum.aktiosdigitalservices.com\/tol\/consum\/media\/product\/img\/300x300\/7154487.jpg?t=20250227090955"
    },
    {
        "id": 6490,
        "name": "Pat\u00e9 de Pato Pack de 2 Unidades LA CUINA",
        "price": 1.89,
        "price_kilo": 18.9,
        "slug": "pate-de-pato-pack-de-2-unidades",
        "description": "Pat\u00e9 de Pato Pack de 2 Unidades 2 x 50 Gr",
        "image": "https:\/\/cdn-consum.aktiosdigitalservices.com\/tol\/consum\/media\/product\/img\/300x300\/7155013.jpg?t=20241217081026"
    },
    {
        "id": 6491,
        "name": "Pat\u00e9 Pimienta Pack de 2 Unidades LA CUINA",
        "price": 1.45,
        "price_kilo": 14.5,
        "slug": "pate-pimienta-pack-de-2-unidades",
        "description": "Pat\u00e9 Pimienta Pack de 2 Unidades 2 x 50 Gr",
        "image": "https:\/\/cdn-consum.aktiosdigitalservices.com\/tol\/consum\/media\/product\/img\/300x300\/7155021.jpg?t=20241217081026"
    },
    {
        "id": 6494,
        "name": "Picatostes Fritos Naturales CONSUM",
        "price": 0.61,
        "price_kilo": 8.13,
        "slug": "picatostes-fritos-naturales",
        "description": "Picatostes Fritos Naturales 75 Gr",
        "image": "https:\/\/cdn-consum.aktiosdigitalservices.com\/tol\/consum\/media\/product\/img\/300x300\/7155310.jpg?t=20250312092748"
    },
    {
        "id": 6495,
        "name": "Picatostes Fritos al Aroma de Ajo CONSUM",
        "price": 0.61,
        "price_kilo": 8.13,
        "slug": "picatostes-fritos-al-aroma-de-ajo",
        "description": "Picatostes Fritos al Aroma de Ajo 75 Gr",
        "image": "https:\/\/cdn-consum.aktiosdigitalservices.com\/tol\/consum\/media\/product\/img\/300x300\/7155315.jpg?t=20250311104714"
    },
    {
        "id": 6496,
        "name": "Colonia Infantil Spray NENUCO",
        "price": 3.99,
        "price_kilo": 1.66,
        "slug": "colonia-infantil-spray",
        "description": "Colonia Infantil Spray 240 ml",
        "image": "https:\/\/cdn-consum.aktiosdigitalservices.com\/tol\/consum\/media\/product\/img\/300x300\/7155591.jpg?t=20241217081026"
    },
    {
        "id": 6498,
        "name": "Desmaquillante Ojos Cuidado Essencials Bif GARNIER",
        "price": 3.95,
        "price_kilo": 3.16,
        "slug": "desmaquillante-ojos-cuidado-essencials-bif",
        "description": "Desmaquillante Ojos Cuidado Essencials Bif 125 ml",
        "image": "https:\/\/cdn-consum.aktiosdigitalservices.com\/tol\/consum\/media\/product\/img\/300x300\/7155609.jpg?t=20250214075752"
    },
    {
        "id": 6500,
        "name": "Tinte N\u00ba8 Rubio Claro PALETTE",
        "price": 4.79,
        "price_kilo": 4.79,
        "slug": "tinte-n8-rubio-claro",
        "description": "Tinte N\u00ba8 Rubio Claro 1 U",
        "image": "https:\/\/cdn-consum.aktiosdigitalservices.com\/tol\/consum\/media\/product\/img\/300x300\/7155666.jpg?t=20250312160048"
    },
    {
        "id": 6501,
        "name": "Tinte N\u00ba6 Rubio Oscuro PALETTE",
        "price": 4.79,
        "price_kilo": 4.79,
        "slug": "tinte-n6-rubio-oscuro",
        "description": "Tinte N\u00ba6 Rubio Oscuro 1 U",
        "image": "https:\/\/cdn-consum.aktiosdigitalservices.com\/tol\/consum\/media\/product\/img\/300x300\/7155674.jpg?t=20250312160051"
    },
    {
        "id": 6502,
        "name": "Tinte N\u00ba5 Casta\u00f1o Claro PALETTE",
        "price": 4.79,
        "price_kilo": 4.79,
        "slug": "tinte-n5-castano-claro",
        "description": "Tinte N\u00ba5 Casta\u00f1o Claro 1 U",
        "image": "https:\/\/cdn-consum.aktiosdigitalservices.com\/tol\/consum\/media\/product\/img\/300x300\/7155679.jpg?t=20250312160053"
    },
    {
        "id": 6503,
        "name": "Tinte N\u00ba3.65 Casta\u00f1o Chocolate PALETTE",
        "price": 4.79,
        "price_kilo": 4.79,
        "slug": "tinte-n365-castano-chocolate",
        "description": "Tinte N\u00ba3.65 Casta\u00f1o Chocolate 1 U",
        "image": "https:\/\/cdn-consum.aktiosdigitalservices.com\/tol\/consum\/media\/product\/img\/300x300\/7155682.jpg?t=20250312160056"
    },
    {
        "id": 6504,
        "name": "Tinte N\u00ba 3 Casta\u00f1o Oscuro PALETTE",
        "price": 4.79,
        "price_kilo": 4.79,
        "slug": "tinte-n-3-castano-oscuro",
        "description": "Tinte N\u00ba 3 Casta\u00f1o Oscuro 1 U",
        "image": "https:\/\/cdn-consum.aktiosdigitalservices.com\/tol\/consum\/media\/product\/img\/300x300\/7155687.jpg?t=20250312160058"
    },
    {
        "id": 6505,
        "name": "Tinte N\u00ba1 Negro PALETTE",
        "price": 4.79,
        "price_kilo": 4.79,
        "slug": "tinte-n1-negro",
        "description": "Tinte N\u00ba1 Negro 1 U",
        "image": "https:\/\/cdn-consum.aktiosdigitalservices.com\/tol\/consum\/media\/product\/img\/300x300\/7155695.jpg?t=20250312160100"
    },
    {
        "id": 6506,
        "name": "Tinte N\u00ba1.1 Negro Azulado PALETTE",
        "price": 4.79,
        "price_kilo": 4.79,
        "slug": "tinte-n11-negro-azulado",
        "description": "Tinte N\u00ba1.1 Negro Azulado 1 U",
        "image": "https:\/\/cdn-consum.aktiosdigitalservices.com\/tol\/consum\/media\/product\/img\/300x300\/7155703.jpg?t=20250312160103"
    },
    {
        "id": 6513,
        "name": "Toallitas Lavadora Antitransferente CONSUM",
        "price": 1.85,
        "price_kilo": 0.09,
        "slug": "toallitas-lavadora-antitransferente",
        "description": "Toallitas Lavadora Antitransferente 20 U",
        "image": "https:\/\/cdn-consum.aktiosdigitalservices.com\/tol\/consum\/media\/product\/img\/300x300\/7156185.jpg?t=20250312092748"
    },
    {
        "id": 6519,
        "name": "Pinza Punta Oblicua KYREY",
        "price": 2,
        "price_kilo": 2,
        "slug": "pinza-punta-oblicua",
        "description": "Pinza Punta Oblicua 1 U",
        "image": "https:\/\/cdn-consum.aktiosdigitalservices.com\/tol\/consum\/media\/product\/img\/300x300\/7156631.jpg?t=20241217081026"
    },
    {
        "id": 6520,
        "name": "Cepillo de U\u00f1as KYREY",
        "price": 1.89,
        "price_kilo": 1.89,
        "slug": "cepillo-de-unas",
        "description": "Cepillo de U\u00f1as 1 U",
        "image": "https:\/\/cdn-consum.aktiosdigitalservices.com\/tol\/consum\/media\/product\/img\/300x300\/7156672.jpg?t=20241217081026"
    },
    {
        "id": 6522,
        "name": "Lima Fibra de Vidrio KYREY",
        "price": 0.99,
        "price_kilo": 0.99,
        "slug": "lima-fibra-de-vidrio",
        "description": "Lima Fibra de Vidrio 1 U",
        "image": "https:\/\/cdn-consum.aktiosdigitalservices.com\/tol\/consum\/media\/product\/img\/300x300\/7156685.jpg?t=20241217081026"
    },
    {
        "id": 6525,
        "name": "Lima Durezas y Raspador KYREY",
        "price": 3.09,
        "price_kilo": 3.09,
        "slug": "lima-durezas-y-raspador",
        "description": "Lima Durezas y Raspador 1 U",
        "image": "https:\/\/cdn-consum.aktiosdigitalservices.com\/tol\/consum\/media\/product\/img\/300x300\/7156727.jpg?t=20241217081026"
    },
    {
        "id": 6526,
        "name": "Piedra Durezas Pies y Manos KYREY",
        "price": 2.49,
        "price_kilo": 2.49,
        "slug": "piedra-durezas-pies-y-manos",
        "description": "Piedra Durezas Pies y Manos 1 U",
        "image": "https:\/\/cdn-consum.aktiosdigitalservices.com\/tol\/consum\/media\/product\/img\/300x300\/7156735.jpg?t=20241217081026"
    },
    {
        "id": 6533,
        "name": "Chicles Sin Az\u00facar de Eucalipto en grageas, 10 uds ORBIT",
        "price": 1.29,
        "price_kilo": 9.21,
        "slug": "chicles-sin-azucar-de-eucalipto-en-grageas-10-uds",
        "description": "Chicles Sin Az\u00facar de Eucalipto en grageas, 10 uds",
        "image": "https:\/\/cdn-consum.aktiosdigitalservices.com\/tol\/consum\/media\/product\/img\/300x300\/7156982.jpg?t=20250311124305"
    },
    {
        "id": 6535,
        "name": "Chicles Sin Az\u00facar de Menta en grageas, 10 uds ORBIT",
        "price": 1.29,
        "price_kilo": 9.21,
        "slug": "chicles-sin-azucar-de-menta-en-grageas-10-uds",
        "description": "Chicles Sin Az\u00facar de Menta en grageas, 10 uds",
        "image": "https:\/\/cdn-consum.aktiosdigitalservices.com\/tol\/consum\/media\/product\/img\/300x300\/7156990.jpg?t=20250311124308"
    },
    {
        "id": 6536,
        "name": "Chicles Sin Az\u00facar de Hierbabuena en grageas, 10 u ORBIT",
        "price": 1.29,
        "price_kilo": 9.21,
        "slug": "chicles-sin-azucar-de-hierbabuena-en-grageas-10-u",
        "description": "Chicles Sin Az\u00facar de Hierbabuena en grageas, 10 uds 14gr",
        "image": "https:\/\/cdn-consum.aktiosdigitalservices.com\/tol\/consum\/media\/product\/img\/300x300\/7156995.jpg?t=20250311124310"
    },
    {
        "id": 6537,
        "name": "Boomer MaxiRoll Chicle de Fresa en Rollo, 180cm BOOMER",
        "price": 3.05,
        "price_kilo": 54.46,
        "slug": "boomer-maxiroll-chicle-de-fresa-en-rollo-180cm",
        "description": "Boomer MaxiRoll Chicle de Fresa en Rollo, 180cm 56 Gr",
        "image": "https:\/\/cdn-consum.aktiosdigitalservices.com\/tol\/consum\/media\/product\/img\/300x300\/7157014.jpg?t=20250311124313"
    },
    {
        "id": 6541,
        "name": "Patatas al Vapor Microondas ",
        "price": 1.49,
        "price_kilo": 3.73,
        "slug": "patatas-al-vapor-microondas",
        "description": "Patatas al Vapor Microondas 400 Gr",
        "image": "https:\/\/cdn-consum.aktiosdigitalservices.com\/tol\/consum\/media\/product\/img\/300x300\/7157654.jpg?t=20250101080841"
    },
    {
        "id": 6549,
        "name": "L Casei Fresa Pack de 12 Unidades CONSUM",
        "price": 2.22,
        "price_kilo": 1.85,
        "slug": "l-casei-fresa-pack-de-12-unidades",
        "description": "L Casei Fresa Pack de 12 Unidades 12 x 100 Gr",
        "image": "https:\/\/cdn-consum.aktiosdigitalservices.com\/tol\/consum\/media\/product\/img\/300x300\/7157860.jpg?t=20241223075932"
    },
    {
        "id": 6558,
        "name": "Huevo Chocolate con Sorpresa Pack KINDER",
        "price": 3.79,
        "price_kilo": 63.17,
        "slug": "huevo-chocolate-con-sorpresa-pack",
        "description": "Huevo Chocolate con Sorpresa Pack 3 x 20 Gr",
        "image": "https:\/\/cdn-consum.aktiosdigitalservices.com\/tol\/consum\/media\/product\/img\/300x300\/7159411.jpg?t=20250311133426"
    },
    {
        "id": 6560,
        "name": "Cera Peinado N\u00ba4 Poder Mate NELLY",
        "price": 3.89,
        "price_kilo": 3.89,
        "slug": "cera-peinado-n4-poder-mate",
        "description": "Cera Peinado N\u00ba4 Poder Mate 100 ml",
        "image": "https:\/\/cdn-consum.aktiosdigitalservices.com\/tol\/consum\/media\/product\/img\/300x300\/7159866.jpg?t=20241217081027"
    },
    {
        "id": 6561,
        "name": "Whisky Scotch GLENWOOD",
        "price": 6.99,
        "price_kilo": 9.99,
        "slug": "whisky-scotch",
        "description": "Whisky Scotch 0,7 L",
        "image": "https:\/\/cdn-consum.aktiosdigitalservices.com\/tol\/consum\/media\/product\/img\/300x300\/7159874.jpg?t=20250319075824"
    },
    {
        "id": 6567,
        "name": "Leche Sin Lactosa Semidesnatada CONSUM",
        "price": 0.93,
        "price_kilo": 0.93,
        "slug": "leche-sin-lactosa-semidesnatada",
        "description": "Leche Sin Lactosa Semidesnatada 1 L",
        "image": "https:\/\/cdn-consum.aktiosdigitalservices.com\/tol\/consum\/media\/product\/img\/300x300\/7161685.jpg?t=20250311104740"
    },
    {
        "id": 6568,
        "name": "Chocolate con Oreo MILKA",
        "price": 1.99,
        "price_kilo": 19.9,
        "slug": "chocolate-con-oreo",
        "description": "Chocolate con Oreo 100 Gr",
        "image": "https:\/\/cdn-consum.aktiosdigitalservices.com\/tol\/consum\/media\/product\/img\/300x300\/7161904.jpg?t=20250312160114"
    },
    {
        "id": 6571,
        "name": "Chicle Fresa en Bolsa TRIDENT",
        "price": 1.45,
        "price_kilo": 3.3,
        "slug": "chicle-fresa-en-bolsa",
        "description": "Chicle Fresa en Bolsa 44 Gr",
        "image": "https:\/\/cdn-consum.aktiosdigitalservices.com\/tol\/consum\/media\/product\/img\/300x300\/7162100.jpg?t=20250311124320"
    },
    {
        "id": 6572,
        "name": "Chicle Menta en Bolsa TRIDENT",
        "price": 1.45,
        "price_kilo": 3.3,
        "slug": "chicle-menta-en-bolsa",
        "description": "Chicle Menta en Bolsa 44 Gr",
        "image": "https:\/\/cdn-consum.aktiosdigitalservices.com\/tol\/consum\/media\/product\/img\/300x300\/7162118.jpg?t=20250311124323"
    },
    {
        "id": 6587,
        "name": "Body Milk Aloe Vera KYREY",
        "price": 1.19,
        "price_kilo": 0.3,
        "slug": "body-milk-aloe-vera",
        "description": "Body Milk Aloe Vera 400 ml",
        "image": "https:\/\/cdn-consum.aktiosdigitalservices.com\/tol\/consum\/media\/product\/img\/300x300\/7163314.jpg?t=20241217081027"
    },
    {
        "id": 6588,
        "name": "Body Milk Pieles At\u00f3picas KYREY",
        "price": 2.2,
        "price_kilo": 0.55,
        "slug": "body-milk-pieles-atopicas",
        "description": "Body Milk Pieles At\u00f3picas 400 ml",
        "image": "https:\/\/cdn-consum.aktiosdigitalservices.com\/tol\/consum\/media\/product\/img\/300x300\/7163327.jpg?t=20241217081027"
    },
    {
        "id": 6590,
        "name": "Crema Corporal Nutritiva Aceite de Oliva KYREY",
        "price": 1.4,
        "price_kilo": 0.7,
        "slug": "crema-corporal-nutritiva-aceite-de-oliva",
        "description": "Crema Corporal Nutritiva Aceite de Oliva 200 ml",
        "image": "https:\/\/cdn-consum.aktiosdigitalservices.com\/tol\/consum\/media\/product\/img\/300x300\/7163343.jpg?t=20241217081027"
    },
    {
        "id": 6596,
        "name": "Leche Limpiadora Con Aloe KYREY",
        "price": 1.15,
        "price_kilo": 0.58,
        "slug": "leche-limpiadora-con-aloe",
        "description": "Leche Limpiadora Con Aloe 200 ml",
        "image": "https:\/\/cdn-consum.aktiosdigitalservices.com\/tol\/consum\/media\/product\/img\/300x300\/7163413.jpg?t=20241217081027"
    },
    {
        "id": 6597,
        "name": "T\u00f3nico Facial con Aloe KYREY",
        "price": 1.15,
        "price_kilo": 0.58,
        "slug": "tonico-facial-con-aloe",
        "description": "T\u00f3nico Facial con Aloe 200 ml",
        "image": "https:\/\/cdn-consum.aktiosdigitalservices.com\/tol\/consum\/media\/product\/img\/300x300\/7163418.jpg?t=20241217081027"
    },
    {
        "id": 6607,
        "name": "Caf\u00e9 Espresso Bonka C\u00e1psulas DOLCE GUSTO",
        "price": 5.2,
        "price_kilo": 0.33,
        "slug": "cafe-espresso-bonka-capsulas",
        "description": "Caf\u00e9 Espresso Bonka C\u00e1psulas 16 U",
        "image": "https:\/\/cdn-consum.aktiosdigitalservices.com\/tol\/consum\/media\/product\/img\/300x300\/7163553.jpg?t=20250311133433"
    },
    {
        "id": 6612,
        "name": "Vino Tinto Barrica D.O.Cari\u00f1ena MONAST.VI\u00d1AS",
        "price": 3.29,
        "price_kilo": 4.39,
        "slug": "vino-tinto-barrica-docarinena",
        "description": "Vino Tinto Barrica D.O.Cari\u00f1ena 0,75 L",
        "image": "https:\/\/cdn-consum.aktiosdigitalservices.com\/tol\/consum\/media\/product\/img\/300x300\/7163822.jpg?t=20250206091527"
    },
    {
        "id": 6614,
        "name": "Cava Brut Nature D.O.Cava DOMN.DUQUES",
        "price": 3.65,
        "price_kilo": 4.87,
        "slug": "cava-brut-nature-docava",
        "description": "Cava Brut Nature D.O.Cava 0,75 L",
        "image": "https:\/\/cdn-consum.aktiosdigitalservices.com\/tol\/consum\/media\/product\/img\/300x300\/7163871.jpg?t=20250218080219"
    },
    {
        "id": 6615,
        "name": "Quitamanchas Tinte NELLY",
        "price": 2.85,
        "price_kilo": 2.85,
        "slug": "quitamanchas-tinte",
        "description": "Quitamanchas Tinte 100 ml",
        "image": "https:\/\/cdn-consum.aktiosdigitalservices.com\/tol\/consum\/media\/product\/img\/300x300\/7163913.jpg?t=20241217081028"
    },
    {
        "id": 6633,
        "name": "Paletina Tinte PONETTE",
        "price": 1.29,
        "price_kilo": 1.29,
        "slug": "paletina-tinte",
        "description": "Paletina Tinte 1 U",
        "image": "https:\/\/cdn-consum.aktiosdigitalservices.com\/tol\/consum\/media\/product\/img\/300x300\/7164122.jpg?t=20241217081028"
    },
    {
        "id": 6636,
        "name": "Vino Tinto Botell\u00edn D.O.Rioja FAUSTINO VII",
        "price": 1.69,
        "price_kilo": 9.04,
        "slug": "vino-tinto-botellin-dorioja",
        "description": "Vino Tinto Botell\u00edn D.O.Rioja 187 ml",
        "image": "https:\/\/cdn-consum.aktiosdigitalservices.com\/tol\/consum\/media\/product\/img\/300x300\/7164171.jpg?t=20250206091530"
    },
    {
        "id": 6639,
        "name": "Nuez C\u00e1scara Bolsa CONSUM",
        "price": 3.9,
        "price_kilo": 6.5,
        "slug": "nuez-cascara-bolsa",
        "description": "Nuez C\u00e1scara Bolsa 600 Gr",
        "image": "https:\/\/cdn-consum.aktiosdigitalservices.com\/tol\/consum\/media\/product\/img\/300x300\/7164510.jpg?t=20250221075913"
    },
    {
        "id": 6641,
        "name": "Mermelada Fresa de Temporada HERO",
        "price": 2.49,
        "price_kilo": 7.11,
        "slug": "mermelada-fresa-de-temporada",
        "description": "Mermelada Fresa de Temporada 350 Gr",
        "image": "https:\/\/cdn-consum.aktiosdigitalservices.com\/tol\/consum\/media\/product\/img\/300x300\/7164585.jpg?t=20250311104755"
    },
    {
        "id": 6644,
        "name": "Leche Semidesnatada Ec\u00f3logica, Brik PULEVA",
        "price": 1.51,
        "price_kilo": 1.51,
        "slug": "leche-semidesnatada-ecologica-brik",
        "description": "Leche Semidesnatada Ec\u00f3logica, Brik 1 L",
        "image": "https:\/\/cdn-consum.aktiosdigitalservices.com\/tol\/consum\/media\/product\/img\/300x300\/7164643.jpg?t=20250312092748"
    },
    {
        "id": 6648,
        "name": "Bebida de Soja sabor Vainilla CONSUM",
        "price": 1.09,
        "price_kilo": 1.09,
        "slug": "bebida-de-soja-sabor-vainilla",
        "description": "Bebida de Soja sabor Vainilla 1 L",
        "image": "https:\/\/cdn-consum.aktiosdigitalservices.com\/tol\/consum\/media\/product\/img\/300x300\/7164767.jpg?t=20250312092749"
    },
    {
        "id": 6649,
        "name": "Bebida de Soja con Chocolate CONSUM",
        "price": 1.09,
        "price_kilo": 1.09,
        "slug": "bebida-de-soja-con-chocolate",
        "description": "Bebida de Soja con Chocolate 1 L",
        "image": "https:\/\/cdn-consum.aktiosdigitalservices.com\/tol\/consum\/media\/product\/img\/300x300\/7164770.jpg?t=20250311104802"
    },
    {
        "id": 6650,
        "name": "Bolsas Basura Autocierre Lila Perfumada 30 Litros CONSUM",
        "price": 1.45,
        "price_kilo": 0.07,
        "slug": "bolsas-basura-autocierre-lila-perfumada-30-litros",
        "description": "Bolsas Basura Autocierre Lila Perfumada 30 Litros 20 U",
        "image": "https:\/\/cdn-consum.aktiosdigitalservices.com\/tol\/consum\/media\/product\/img\/300x300\/7164775.jpg?t=20241217081028"
    },
    {
        "id": 6652,
        "name": "Bolsa Basura Autocierre Blanca de  50 Litros CONSUM",
        "price": 1.6,
        "price_kilo": 0.11,
        "slug": "bolsa-basura-autocierre-blanca-de-50-litros",
        "description": "Bolsa Basura Autocierre Blanca de  50 Litros 15 U",
        "image": "https:\/\/cdn-consum.aktiosdigitalservices.com\/tol\/consum\/media\/product\/img\/300x300\/7164791.jpg?t=20250312092749"
    },
    {
        "id": 6653,
        "name": "Bolsas Basura Autocierre Gris de 30 Litros CONSUM",
        "price": 1.65,
        "price_kilo": 0.04,
        "slug": "bolsas-basura-autocierre-gris-de-30-litros",
        "description": "Bolsas Basura Autocierre Gris de 30 Litros 40 U",
        "image": "https:\/\/cdn-consum.aktiosdigitalservices.com\/tol\/consum\/media\/product\/img\/300x300\/7164804.jpg?t=20250211075913"
    },
    {
        "id": 6654,
        "name": "Bolsa Basura Autocierre Especi.Ba\u00f1os Blanca 10L CONSUM",
        "price": 1.35,
        "price_kilo": 0.03,
        "slug": "bolsa-basura-autocierre-especibanos-blanca-10l",
        "description": "Bolsa Basura Autocierre Especi.Ba\u00f1os Blanca 10L 40 U",
        "image": "https:\/\/cdn-consum.aktiosdigitalservices.com\/tol\/consum\/media\/product\/img\/300x300\/7164809.jpg?t=20241217081029"
    },
    {
        "id": 6655,
        "name": "Bolsa Basura Autocierre Gris de 100 Litros CONSUM",
        "price": 1.89,
        "price_kilo": 0.19,
        "slug": "bolsa-basura-autocierre-gris-de-100-litros",
        "description": "Bolsa Basura Autocierre Gris de 100 Litros 10 U",
        "image": "https:\/\/cdn-consum.aktiosdigitalservices.com\/tol\/consum\/media\/product\/img\/300x300\/7164812.jpg?t=20241217081029"
    },
    {
        "id": 6668,
        "name": "Perfeccionador Prodigioso P.Media GARNIER",
        "price": 9.75,
        "price_kilo": 19.5,
        "slug": "perfeccionador-prodigioso-pmedia",
        "description": "Perfeccionador Prodigioso P.Media 50 ml",
        "image": "https:\/\/cdn-consum.aktiosdigitalservices.com\/tol\/consum\/media\/product\/img\/300x300\/7166341.jpg?t=20250214075758"
    },
    {
        "id": 6672,
        "name": "Higi\u00e9nico Doble Capa CONSUM",
        "price": 1.89,
        "price_kilo": 0.32,
        "slug": "higienico-doble-capa",
        "description": "Higi\u00e9nico Doble Capa 6 U",
        "image": "https:\/\/cdn-consum.aktiosdigitalservices.com\/tol\/consum\/media\/product\/img\/300x300\/7166887.jpg?t=20250312092749"
    },
    {
        "id": 6673,
        "name": "Comida H\u00fameda Gatos Mousse Gourmet Gold GOURMET",
        "price": 6.45,
        "price_kilo": 9.49,
        "slug": "comida-humeda-gatos-mousse-gourmet-gold",
        "description": "Comida H\u00fameda Gatos Mousse Gourmet Gold 8 x 85 Gr",
        "image": "https:\/\/cdn-consum.aktiosdigitalservices.com\/tol\/consum\/media\/product\/img\/300x300\/7167005.jpg?t=20250207075916"
    },
    {
        "id": 6674,
        "name": "Postre Gelificado Sabor Fresa Pack de 6 U CONSUM",
        "price": 1,
        "price_kilo": 1.67,
        "slug": "postre-gelificado-sabor-fresa-pack-de-6-u",
        "description": "Postre Gelificado Sabor Fresa Pack de 6 U 6 x 100 Gr",
        "image": "https:\/\/cdn-consum.aktiosdigitalservices.com\/tol\/consum\/media\/product\/img\/300x300\/7167062.jpg?t=20241217081029"
    },
    {
        "id": 6676,
        "name": "Tarrina Dulce de Leche 900 Ml CONSUM",
        "price": 3.75,
        "price_kilo": 7.81,
        "slug": "tarrina-dulce-de-leche-900-ml",
        "description": "Tarrina Dulce de Leche 900 Ml 480 Gr",
        "image": "https:\/\/cdn-consum.aktiosdigitalservices.com\/tol\/consum\/media\/product\/img\/300x300\/7167463.jpg?t=20241217081029"
    },
    {
        "id": 6679,
        "name": "Altramuces Tarro SALADITOS",
        "price": 1.69,
        "price_kilo": 4.45,
        "slug": "altramuces-tarro",
        "description": "Altramuces Tarro 380 Gr",
        "image": "https:\/\/cdn-consum.aktiosdigitalservices.com\/tol\/consum\/media\/product\/img\/300x300\/7167794.jpg?t=20241217081029"
    },
    {
        "id": 6680,
        "name": "Infusi\u00f3n Tomillo 20 bolsitas POMPADOUR",
        "price": 2.79,
        "price_kilo": 0.14,
        "slug": "infusion-tomillo-20-bolsitas",
        "description": "Infusi\u00f3n Tomillo 20 bolsitas 20 U",
        "image": "https:\/\/cdn-consum.aktiosdigitalservices.com\/tol\/consum\/media\/product\/img\/300x300\/7167844.jpg?t=20250312160121"
    },
    {
        "id": 6683,
        "name": "Pizza Barbacoa al Horno de Piedra CONSUM",
        "price": 2.5,
        "price_kilo": 6.25,
        "slug": "pizza-barbacoa-al-horno-de-piedra",
        "description": "Pizza Barbacoa al Horno de Piedra 400 Gr",
        "image": "https:\/\/cdn-consum.aktiosdigitalservices.com\/tol\/consum\/media\/product\/img\/300x300\/7168011.jpg?t=20241217081029"
    },
    {
        "id": 6684,
        "name": "Pizza Romana CONSUM",
        "price": 2.9,
        "price_kilo": 7.25,
        "slug": "pizza-romana",
        "description": "Pizza Romana 400 Gr",
        "image": "https:\/\/cdn-consum.aktiosdigitalservices.com\/tol\/consum\/media\/product\/img\/300x300\/7168016.jpg?t=20241217081029"
    },
    {
        "id": 6696,
        "name": "Vino Tinto Joven D.O.Utiel-Requena M.VERDELLANO",
        "price": 1.49,
        "price_kilo": 1.99,
        "slug": "vino-tinto-joven-doutiel-requena",
        "description": "Vino Tinto Joven D.O.Utiel-Requena 0,75 L",
        "image": "https:\/\/cdn-consum.aktiosdigitalservices.com\/tol\/consum\/media\/product\/img\/300x300\/7168680.jpg?t=20241217081029"
    },
    {
        "id": 6701,
        "name": "Refresco Cola Cero Botella CONSUM",
        "price": 0.75,
        "price_kilo": 0.38,
        "slug": "refresco-cola-cero-botella",
        "description": "Refresco Cola Cero Botella 2 L",
        "image": "https:\/\/cdn-consum.aktiosdigitalservices.com\/tol\/consum\/media\/product\/img\/300x300\/7169006.jpg?t=20241217081029"
    },
    {
        "id": 6702,
        "name": "Almendras con Piel Tostadas Sal Bolsa CONSUM",
        "price": 3.25,
        "price_kilo": 16.25,
        "slug": "almendras-con-piel-tostadas-sal-bolsa",
        "description": "Almendras con Piel Tostadas Sal Bolsa 200 Gr",
        "image": "https:\/\/cdn-consum.aktiosdigitalservices.com\/tol\/consum\/media\/product\/img\/300x300\/7169084.jpg?t=20250312092749"
    },
    {
        "id": 6705,
        "name": "Pizza congelada Tradizionale Speciale TRADIZIONALE",
        "price": 4.59,
        "price_kilo": 11.92,
        "slug": "pizza-congelada-tradizionale-speciale",
        "description": "Pizza congelada Tradizionale Speciale 385 Gr",
        "image": "https:\/\/cdn-consum.aktiosdigitalservices.com\/tol\/consum\/media\/product\/img\/300x300\/7169662.jpg?t=20250312125234"
    },
    {
        "id": 6707,
        "name": "Leche Entera Sin Lactosa PASCUAL",
        "price": 1.55,
        "price_kilo": 1.55,
        "slug": "leche-entera-sin-lactosa",
        "description": "Leche Entera Sin Lactosa 1 L",
        "image": "https:\/\/cdn-consum.aktiosdigitalservices.com\/tol\/consum\/media\/product\/img\/300x300\/7169688.jpg?t=20250311104814"
    },
    {
        "id": 6709,
        "name": "Toallita Higiene Corporal Adulto SALUSTAR",
        "price": 3.99,
        "price_kilo": 0.07,
        "slug": "toallita-higiene-corporal-adulto",
        "description": "Toallita Higiene Corporal Adulto 60 U",
        "image": "https:\/\/cdn-consum.aktiosdigitalservices.com\/tol\/consum\/media\/product\/img\/300x300\/7169811.jpg?t=20250319080110"
    },
    {
        "id": 6712,
        "name": "Gel Dark Temptation AXE",
        "price": 3.45,
        "price_kilo": 0.86,
        "slug": "gel-dark-temptation",
        "description": "Gel Dark Temptation 400 ml",
        "image": "https:\/\/cdn-consum.aktiosdigitalservices.com\/tol\/consum\/media\/product\/img\/300x300\/7169852.jpg?t=20250227091057"
    },
    {
        "id": 6713,
        "name": "Caramelo Menta sin Az\u00facar SMINT",
        "price": 3.95,
        "price_kilo": 16.46,
        "slug": "caramelo-menta-sin-azucar",
        "description": "Caramelo Menta sin Az\u00facar 3 x 8 Gr",
        "image": "https:\/\/cdn-consum.aktiosdigitalservices.com\/tol\/consum\/media\/product\/img\/300x300\/7169865.jpg?t=20250311124329"
    },
    {
        "id": 6715,
        "name": "Agua Mineral con Gas Botella CONSUM",
        "price": 0.43,
        "price_kilo": 0.29,
        "slug": "agua-mineral-con-gas-botella",
        "description": "Agua Mineral con Gas Botella 1,5 L",
        "image": "https:\/\/cdn-consum.aktiosdigitalservices.com\/tol\/consum\/media\/product\/img\/300x300\/7169993.jpg?t=20250205080056"
    },
    {
        "id": 6716,
        "name": "Agua Mineral con Gas Botella CONSUM",
        "price": 0.29,
        "price_kilo": 0.58,
        "slug": "agua-mineral-con-gas-botella",
        "description": "Agua Mineral con Gas Botella 0,5 L",
        "image": "https:\/\/cdn-consum.aktiosdigitalservices.com\/tol\/consum\/media\/product\/img\/300x300\/7169998.jpg?t=20250312092749"
    },
    {
        "id": 6717,
        "name": "Tomate Frito Brik Pack de 3 CONSUM",
        "price": 0.95,
        "price_kilo": 1.58,
        "slug": "tomate-frito-brik-pack-de-3",
        "description": "Tomate Frito Brik Pack de 3 3 x 200 Gr",
        "image": "https:\/\/cdn-consum.aktiosdigitalservices.com\/tol\/consum\/media\/product\/img\/300x300\/7170012.jpg?t=20250312092749"
    },
    {
        "id": 6718,
        "name": "Tomate Frito Aceite Oliva Brik Pack de 3 CONSUM",
        "price": 1.33,
        "price_kilo": 2.22,
        "slug": "tomate-frito-aceite-oliva-brik-pack-de-3",
        "description": "Tomate Frito Aceite Oliva Brik Pack de 3 3 x 200 Gr",
        "image": "https:\/\/cdn-consum.aktiosdigitalservices.com\/tol\/consum\/media\/product\/img\/300x300\/7170017.jpg?t=20250312092749"
    },
    {
        "id": 6721,
        "name": "Estropajo Vitroceramicas Superficies Delicadas CONSUM",
        "price": 0.9,
        "price_kilo": 0.3,
        "slug": "estropajo-vitroceramicas-superficies-delicadas",
        "description": "Estropajo Vitroceramicas Superficies Delicadas 3 U",
        "image": "https:\/\/cdn-consum.aktiosdigitalservices.com\/tol\/consum\/media\/product\/img\/300x300\/7170418.jpg?t=20241217081030"
    },
    {
        "id": 6722,
        "name": "Estropajos Salvau\u00f1as CONSUM",
        "price": 0.75,
        "price_kilo": 0.25,
        "slug": "estropajos-salvaunas",
        "description": "Estropajos Salvau\u00f1as 3 U",
        "image": "https:\/\/cdn-consum.aktiosdigitalservices.com\/tol\/consum\/media\/product\/img\/300x300\/7170426.jpg?t=20241217081030"
    },
    {
        "id": 6724,
        "name": "Queso Rallado Parmigiano Reggiano FERRARINI",
        "price": 1.89,
        "price_kilo": 31.5,
        "slug": "queso-rallado-parmigiano-reggiano",
        "description": "Queso Rallado Parmigiano Reggiano 60 Gr",
        "image": "https:\/\/cdn-consum.aktiosdigitalservices.com\/tol\/consum\/media\/product\/img\/300x300\/7170442.jpg?t=20250227091100"
    },
    {
        "id": 6726,
        "name": "Desodorante Spray Invisible B&W Men NIVEA",
        "price": 2.95,
        "price_kilo": 1.48,
        "slug": "desodorante-spray-invisible-bw-men",
        "description": "Desodorante Spray Invisible B&W Men 200 ml",
        "image": "https:\/\/cdn-consum.aktiosdigitalservices.com\/tol\/consum\/media\/product\/img\/300x300\/7170819.jpg?t=20250227091103"
    },
    {
        "id": 6727,
        "name": "Desodorante Roll-On Invisible B&W Men NIVEA",
        "price": 1.6,
        "price_kilo": 3.2,
        "slug": "desodorante-roll-on-invisible-bw-men",
        "description": "Desodorante Roll-On Invisible B&W Men 50 ml",
        "image": "https:\/\/cdn-consum.aktiosdigitalservices.com\/tol\/consum\/media\/product\/img\/300x300\/7170822.jpg?t=20250311133443"
    },
    {
        "id": 6736,
        "name": "Detergente Concentrado VIKER",
        "price": 2.05,
        "price_kilo": 13.67,
        "slug": "detergente-concentrado",
        "description": "Detergente Concentrado 0,15 Kg",
        "image": "https:\/\/cdn-consum.aktiosdigitalservices.com\/tol\/consum\/media\/product\/img\/300x300\/7171999.jpg?t=20250318080934"
    },
    {
        "id": 6738,
        "name": "Enjuague Bucal Zero LISTERINE",
        "price": 5.35,
        "price_kilo": 1.07,
        "slug": "enjuague-bucal-zero",
        "description": "Enjuague Bucal Zero 500 ml",
        "image": "https:\/\/cdn-consum.aktiosdigitalservices.com\/tol\/consum\/media\/product\/img\/300x300\/7172125.jpg?t=20250206091623"
    },
    {
        "id": 6739,
        "name": "Crema Manos Oliva Hidratacion Duradera NIVEA",
        "price": 2.25,
        "price_kilo": 2.25,
        "slug": "crema-manos-oliva-hidratacion-duradera",
        "description": "Crema Manos Oliva Hidratacion Duradera 100 ml",
        "image": "https:\/\/cdn-consum.aktiosdigitalservices.com\/tol\/consum\/media\/product\/img\/300x300\/7172166.jpg?t=20250313080154"
    },
    {
        "id": 6741,
        "name": "Agua Mineral Natural de Mineralizaci\u00f3n Muy d\u00e9bil BEZOYA",
        "price": 0.55,
        "price_kilo": 1.67,
        "slug": "agua-mineral-natural-de-mineralizacion-muy-debil",
        "description": "Agua Mineral Natural de Mineralizaci\u00f3n Muy d\u00e9bil Bezoya T.Sport 0,33 L",
        "image": "https:\/\/cdn-consum.aktiosdigitalservices.com\/tol\/consum\/media\/product\/img\/300x300\/7172364.jpg?t=20250312092749"
    },
    {
        "id": 6742,
        "name": "Pipas con Sal Bolsa GREFUSA",
        "price": 1.6,
        "price_kilo": 9.7,
        "slug": "pipas-con-sal-bolsa",
        "description": "Pipas con Sal Bolsa 165 Gr",
        "image": "https:\/\/cdn-consum.aktiosdigitalservices.com\/tol\/consum\/media\/product\/img\/300x300\/7172476.jpg?t=20250109095258"
    },
    {
        "id": 6744,
        "name": "Dent\u00edfrico Dientes Sensibles KYREY",
        "price": 1.25,
        "price_kilo": 1.67,
        "slug": "dentifrico-dientes-sensibles",
        "description": "Dent\u00edfrico Dientes Sensibles 75 ml",
        "image": "https:\/\/cdn-consum.aktiosdigitalservices.com\/tol\/consum\/media\/product\/img\/300x300\/7172740.jpg?t=20241217081030"
    },
    {
        "id": 6745,
        "name": "Gel \u00cdntimo CHILLY",
        "price": 4.55,
        "price_kilo": 1.82,
        "slug": "gel-intimo",
        "description": "Gel \u00cdntimo 250 ml",
        "image": "https:\/\/cdn-consum.aktiosdigitalservices.com\/tol\/consum\/media\/product\/img\/300x300\/7172757.jpg?t=20250312160125"
    },
    {
        "id": 6747,
        "name": "Impulsor reposter\u00eda 6 sobres de 15gr. CONSUM",
        "price": 0.7,
        "price_kilo": 7.78,
        "slug": "impulsor-reposteria-6-sobres-de-15gr",
        "description": "Impulsor reposter\u00eda 6 sobres de 15gr. 90 Gr",
        "image": "https:\/\/cdn-consum.aktiosdigitalservices.com\/tol\/consum\/media\/product\/img\/300x300\/7172927.jpg?t=20250311104825"
    },
    {
        "id": 6749,
        "name": "Caf\u00e9 Soluble Descafeinado Sticks CONSUM",
        "price": 1.2,
        "price_kilo": 0.12,
        "slug": "cafe-soluble-descafeinado-sticks",
        "description": "Caf\u00e9 Soluble Descafeinado Sticks 10 U",
        "image": "https:\/\/cdn-consum.aktiosdigitalservices.com\/tol\/consum\/media\/product\/img\/300x300\/7172989.jpg?t=20250311133449"
    },
    {
        "id": 6753,
        "name": "Queso Mozzarella Fresca CONSUM",
        "price": 0.97,
        "price_kilo": 7.76,
        "slug": "queso-mozzarella-fresca",
        "description": "Queso Mozzarella Fresca 125 Gr",
        "image": "https:\/\/cdn-consum.aktiosdigitalservices.com\/tol\/consum\/media\/product\/img\/300x300\/7173094.jpg?t=20250103080828"
    },
    {
        "id": 6755,
        "name": "Danonino Street Sabor Fresa Pack de 4 U DANONE",
        "price": 2.59,
        "price_kilo": 9.25,
        "slug": "danonino-street-sabor-fresa-pack-de-4-u",
        "description": "Danonino Street Sabor Fresa Pack de 4 U 4 x 70 Gr",
        "image": "https:\/\/cdn-consum.aktiosdigitalservices.com\/tol\/consum\/media\/product\/img\/300x300\/7173227.jpg?t=20250213075941"
    },
    {
        "id": 6758,
        "name": "Queso Tierno Precortado CONSUM",
        "price": 3.12,
        "price_kilo": 12.48,
        "slug": "queso-tierno-precortado",
        "description": "Queso Tierno Precortado 250 Gr",
        "image": "https:\/\/cdn-consum.aktiosdigitalservices.com\/tol\/consum\/media\/product\/img\/300x300\/7173834.jpg?t=20250103080831"
    },
    {
        "id": 6759,
        "name": "Queso Semicurado Precortado CONSUM",
        "price": 3.53,
        "price_kilo": 14.12,
        "slug": "queso-semicurado-precortado",
        "description": "Queso Semicurado Precortado 250 Gr",
        "image": "https:\/\/cdn-consum.aktiosdigitalservices.com\/tol\/consum\/media\/product\/img\/300x300\/7173839.jpg?t=20250103080833"
    },
    {
        "id": 6760,
        "name": "Queso Tierno Light Lonchas CONSUM",
        "price": 2.37,
        "price_kilo": 11.85,
        "slug": "queso-tierno-light-lonchas",
        "description": "Queso Tierno Light Lonchas 200 Gr",
        "image": "https:\/\/cdn-consum.aktiosdigitalservices.com\/tol\/consum\/media\/product\/img\/300x300\/7173847.jpg?t=20250103080838"
    },
    {
        "id": 6762,
        "name": "Tabla Mixta de Quesos CONSUM",
        "price": 2.87,
        "price_kilo": 19.13,
        "slug": "tabla-mixta-de-quesos",
        "description": "Tabla Mixta de Quesos 150 Gr",
        "image": "https:\/\/cdn-consum.aktiosdigitalservices.com\/tol\/consum\/media\/product\/img\/300x300\/7173859.jpg?t=20250103080840"
    },
    {
        "id": 6772,
        "name": "Jam\u00f3n Curado 1\/2 Lonchas NAVIDUL",
        "price": 1,
        "price_kilo": 2.22,
        "slug": "jamon-curado-1-2-lonchas",
        "description": "Jam\u00f3n Curado 1\/2 Lonchas 45 Gr",
        "image": "https:\/\/cdn-consum.aktiosdigitalservices.com\/tol\/consum\/media\/product\/img\/300x300\/7174761.jpg?t=20241217081030"
    },
    {
        "id": 6776,
        "name": "Leche NESTL\u00c9 JUNIOR Galleta NESTLE",
        "price": 2.35,
        "price_kilo": 2.35,
        "slug": "leche-nestle-junior-galleta",
        "description": "Leche NESTL\u00c9 JUNIOR Galleta 1 L",
        "image": "https:\/\/cdn-consum.aktiosdigitalservices.com\/tol\/consum\/media\/product\/img\/300x300\/7176233.jpg?t=20250311133452"
    },
    {
        "id": 6791,
        "name": "Lima Bandeja ",
        "price": 1.59,
        "price_kilo": 6.36,
        "slug": "lima-bandeja",
        "description": "Lima Bandeja 250 Gr",
        "image": "https:\/\/cdn-consum.aktiosdigitalservices.com\/tol\/consum\/media\/product\/img\/300x300\/7177165.jpg?t=20250204080413"
    },
    {
        "id": 6792,
        "name": "Refresco Naranja sin Gas Zero Lata TRINA",
        "price": 0.66,
        "price_kilo": 2,
        "slug": "refresco-naranja-sin-gas-zero-lata",
        "description": "Refresco Naranja sin Gas Zero Lata 0,33 L",
        "image": "https:\/\/cdn-consum.aktiosdigitalservices.com\/tol\/consum\/media\/product\/img\/300x300\/7177207.jpg?t=20250227091127"
    },
    {
        "id": 6793,
        "name": "Laca Brillo Fuerte NELLY",
        "price": 3.15,
        "price_kilo": 0.79,
        "slug": "laca-brillo-fuerte",
        "description": "Laca Brillo Fuerte 400 ml",
        "image": "https:\/\/cdn-consum.aktiosdigitalservices.com\/tol\/consum\/media\/product\/img\/300x300\/7177236.jpg?t=20241217081031"
    },
    {
        "id": 6796,
        "name": "Ca\u00f1a Lomo en Lonchas NAVIDUL",
        "price": 1.1,
        "price_kilo": 2.75,
        "slug": "cana-lomo-en-lonchas",
        "description": "Ca\u00f1a Lomo en Lonchas 40 Gr",
        "image": "https:\/\/cdn-consum.aktiosdigitalservices.com\/tol\/consum\/media\/product\/img\/300x300\/7177355.jpg?t=20241217081031"
    },
    {
        "id": 6798,
        "name": "Fruta Leche Caribe Zero. Pack de 6 DON SIMON",
        "price": 1.5,
        "price_kilo": 1.25,
        "slug": "fruta-leche-caribe-zero-pack-de-6",
        "description": "Fruta Leche Caribe Zero. Pack de 6 6 x 200 ml",
        "image": "https:\/\/cdn-consum.aktiosdigitalservices.com\/tol\/consum\/media\/product\/img\/300x300\/7177512.jpg?t=20250311104844"
    },
    {
        "id": 6799,
        "name": "Rollo Multiusos 2 Capas 125 metros CONSUM",
        "price": 3.25,
        "price_kilo": 3.25,
        "slug": "rollo-multiusos-2-capas-125-metros",
        "description": "Rollo Multiusos 2 Capas 125 metros 1 U",
        "image": "https:\/\/cdn-consum.aktiosdigitalservices.com\/tol\/consum\/media\/product\/img\/300x300\/7177660.jpg?t=20241217081031"
    },
    {
        "id": 6800,
        "name": "Servilletas 2 Capas Blanca 30x30 CONSUM",
        "price": 1.55,
        "price_kilo": 0.02,
        "slug": "servilletas-2-capas-blanca-30x30",
        "description": "Servilletas 2 Capas Blanca 30x30 100 U",
        "image": "https:\/\/cdn-consum.aktiosdigitalservices.com\/tol\/consum\/media\/product\/img\/300x300\/7177665.jpg?t=20250312092749"
    },
    {
        "id": 6802,
        "name": "Servilleta 1 Capa Blanca 30x30 200unidad. CONSUM",
        "price": 1.25,
        "price_kilo": 0.01,
        "slug": "servilleta-1-capa-blanca-30x30-200unidad",
        "description": "Servilleta 1 Capa Blanca 30x30 200unidad. 1 U",
        "image": "https:\/\/cdn-consum.aktiosdigitalservices.com\/tol\/consum\/media\/product\/img\/300x300\/7177681.jpg?t=20241217081031"
    },
    {
        "id": 6803,
        "name": "Servilleta 1 Capa Decorada 33x33 CONSUM",
        "price": 1.85,
        "price_kilo": 0.02,
        "slug": "servilleta-1-capa-decorada-33x33",
        "description": "Servilleta 1 Capa Decorada 33x33 100 U",
        "image": "https:\/\/cdn-consum.aktiosdigitalservices.com\/tol\/consum\/media\/product\/img\/300x300\/7177686.jpg?t=20250123075825"
    },
    {
        "id": 6804,
        "name": "Higi\u00e9nico Doble Capa CONSUM",
        "price": 2.5,
        "price_kilo": 0.21,
        "slug": "higienico-doble-capa",
        "description": "Higi\u00e9nico Doble Capa 12 U",
        "image": "https:\/\/cdn-consum.aktiosdigitalservices.com\/tol\/consum\/media\/product\/img\/300x300\/7177723.jpg?t=20241217081031"
    },
    {
        "id": 6805,
        "name": "Higi\u00e9nico Triple Capa Perfumado CONSUM",
        "price": 4.99,
        "price_kilo": 0.42,
        "slug": "higienico-triple-capa-perfumado",
        "description": "Higi\u00e9nico Triple Capa Perfumado 12 U",
        "image": "https:\/\/cdn-consum.aktiosdigitalservices.com\/tol\/consum\/media\/product\/img\/300x300\/7177736.jpg?t=20241217081031"
    },
    {
        "id": 6807,
        "name": "Papel Cocina Megarrollo 2 Unidades Igual a 8 CONSUM",
        "price": 4.19,
        "price_kilo": 2.1,
        "slug": "papel-cocina-megarrollo-2-unidades-igual-a-8",
        "description": "Papel Cocina Megarrollo 2 Unidades Igual a 8 2 U",
        "image": "https:\/\/cdn-consum.aktiosdigitalservices.com\/tol\/consum\/media\/product\/img\/300x300\/7178200.jpg?t=20241217081031"
    },
    {
        "id": 6808,
        "name": "Papel Cocina Compacto 3 Unidades Igual a 6 CONSUM",
        "price": 2.79,
        "price_kilo": 0.93,
        "slug": "papel-cocina-compacto-3-unidades-igual-a-6",
        "description": "Papel Cocina Compacto 3 Unidades Igual a 6 3 U",
        "image": "https:\/\/cdn-consum.aktiosdigitalservices.com\/tol\/consum\/media\/product\/img\/300x300\/7178205.jpg?t=20241217081031"
    },
    {
        "id": 6809,
        "name": "Papel Cocina Blanco CONSUM",
        "price": 2.39,
        "price_kilo": 0.6,
        "slug": "papel-cocina-blanco",
        "description": "Papel Cocina Blanco 4 U",
        "image": "https:\/\/cdn-consum.aktiosdigitalservices.com\/tol\/consum\/media\/product\/img\/300x300\/7178234.jpg?t=20241217081031"
    },
    {
        "id": 6811,
        "name": "Caldo Verduras Brick CONSUM",
        "price": 1,
        "price_kilo": 1,
        "slug": "caldo-verduras-brick",
        "description": "Caldo Verduras Brick 1 L",
        "image": "https:\/\/cdn-consum.aktiosdigitalservices.com\/tol\/consum\/media\/product\/img\/300x300\/7178341.jpg?t=20250206091645"
    },
    {
        "id": 6812,
        "name": "Caldo de Pollo 12 Pastillas CONSUM",
        "price": 0.72,
        "price_kilo": 6,
        "slug": "caldo-de-pollo-12-pastillas",
        "description": "Caldo de Pollo 12 Pastillas 120 Gr",
        "image": "https:\/\/cdn-consum.aktiosdigitalservices.com\/tol\/consum\/media\/product\/img\/300x300\/7178705.jpg?t=20241217081031"
    },
    {
        "id": 6822,
        "name": "Berenjena Rayada ",
        "price": 0.84,
        "price_kilo": 1.89,
        "slug": "berenjena-rayada",
        "description": "Berenjena Rayada",
        "image": "https:\/\/cdn-consum.aktiosdigitalservices.com\/tol\/consum\/media\/product\/img\/300x300\/7179257.jpg?t=20250322075913"
    },
    {
        "id": 6823,
        "name": "Tomate Tipo Valenciano ",
        "price": 1.6,
        "price_kilo": 3.99,
        "slug": "tomate-tipo-valenciano",
        "description": "Tomate Tipo Valenciano",
        "image": "https:\/\/cdn-consum.aktiosdigitalservices.com\/tol\/consum\/media\/product\/img\/300x300\/7179265.jpg?t=20250322075914"
    },
    {
        "id": 6833,
        "name": "Batido de Vainilla Pack de 6 CONSUM KIDS",
        "price": 1.55,
        "price_kilo": 1.29,
        "slug": "batido-de-vainilla-pack-de-6",
        "description": "Batido de Vainilla Pack de 6 6 x 200 ml",
        "image": "https:\/\/cdn-consum.aktiosdigitalservices.com\/tol\/consum\/media\/product\/img\/300x300\/7179419.jpg?t=20250312092749"
    },
    {
        "id": 6834,
        "name": "Batido de Fresa Pack de 6 CONSUM KIDS",
        "price": 1.55,
        "price_kilo": 1.29,
        "slug": "batido-de-fresa-pack-de-6",
        "description": "Batido de Fresa Pack de 6 6 x 200 ml",
        "image": "https:\/\/cdn-consum.aktiosdigitalservices.com\/tol\/consum\/media\/product\/img\/300x300\/7179422.jpg?t=20250312092749"
    },
    {
        "id": 6841,
        "name": "Cereales Corn Flakes Caja KELLOGG'S",
        "price": 3,
        "price_kilo": 6,
        "slug": "cereales-corn-flakes-caja",
        "description": "Cereales Corn Flakes Caja 500 Gr",
        "image": "https:\/\/cdn-consum.aktiosdigitalservices.com\/tol\/consum\/media\/product\/img\/300x300\/7180016.jpg?t=20250313080203"
    },
    {
        "id": 6843,
        "name": "Comida H\u00fameda para Perro Senior con Pollo y Arroz CESAR",
        "price": 1.69,
        "price_kilo": 11.27,
        "slug": "comida-humeda-para-perro-senior-con-pollo-y-arroz",
        "description": "Comida H\u00fameda para Perro Senior con Pollo y Arroz en gelatina Tarrina 150gr",
        "image": "https:\/\/cdn-consum.aktiosdigitalservices.com\/tol\/consum\/media\/product\/img\/300x300\/7180206.jpg?t=20250227091145"
    },
    {
        "id": 6844,
        "name": "Smiley Sticks Dentales para Perros 175g FROLIC",
        "price": 1.99,
        "price_kilo": 0.28,
        "slug": "smiley-sticks-dentales-para-perros-175g",
        "description": "Smiley Sticks Dentales para Perros 175g 7 U",
        "image": "https:\/\/cdn-consum.aktiosdigitalservices.com\/tol\/consum\/media\/product\/img\/300x300\/7180268.jpg?t=20250313080205"
    },
    {
        "id": 6846,
        "name": "Almendras Repeladas Fritas Bolsa CONSUM",
        "price": 3.05,
        "price_kilo": 15.25,
        "slug": "almendras-repeladas-fritas-bolsa",
        "description": "Almendras Repeladas Fritas Bolsa 200 Gr",
        "image": "https:\/\/cdn-consum.aktiosdigitalservices.com\/tol\/consum\/media\/product\/img\/300x300\/7180391.jpg?t=20250312092749"
    },
    {
        "id": 6847,
        "name": "Habas Fritas Bolsa CONSUM",
        "price": 1.39,
        "price_kilo": 13.9,
        "slug": "habas-fritas-bolsa",
        "description": "Habas Fritas Bolsa 100 Gr",
        "image": "https:\/\/cdn-consum.aktiosdigitalservices.com\/tol\/consum\/media\/product\/img\/300x300\/7180420.jpg?t=20241225075750"
    },
    {
        "id": 6852,
        "name": "Lote Estropajos Multiusos Varios Colores GREEN NATURE",
        "price": 1.15,
        "price_kilo": 0.38,
        "slug": "lote-estropajos-multiusos-varios-colores",
        "description": "Lote Estropajos Multiusos Varios Colores 3 U",
        "image": "https:\/\/cdn-consum.aktiosdigitalservices.com\/tol\/consum\/media\/product\/img\/300x300\/7180628.jpg?t=20250312092749"
    },
    {
        "id": 6854,
        "name": "Bebida de Arroz Brik YOSOY",
        "price": 1.7,
        "price_kilo": 1.7,
        "slug": "bebida-de-arroz-brik",
        "description": "Bebida de Arroz Brik 1 L",
        "image": "https:\/\/cdn-consum.aktiosdigitalservices.com\/tol\/consum\/media\/product\/img\/300x300\/7180784.jpg?t=20250311104859"
    },
    {
        "id": 6856,
        "name": "Bebida de Avena Brik YOSOY",
        "price": 1.65,
        "price_kilo": 1.65,
        "slug": "bebida-de-avena-brik",
        "description": "Bebida de Avena Brik 1 L",
        "image": "https:\/\/cdn-consum.aktiosdigitalservices.com\/tol\/consum\/media\/product\/img\/300x300\/7180797.jpg?t=20250311104901"
    },
    {
        "id": 6857,
        "name": "Cortado Descafeinado C\u00e1psulas DOLCE GUSTO",
        "price": 5.2,
        "price_kilo": 0.33,
        "slug": "cortado-descafeinado-capsulas",
        "description": "Cortado Descafeinado C\u00e1psulas 16 U",
        "image": "https:\/\/cdn-consum.aktiosdigitalservices.com\/tol\/consum\/media\/product\/img\/300x300\/7180805.jpg?t=20250311104904"
    },
    {
        "id": 6862,
        "name": "Almendra Molida Bolsa CONSUM",
        "price": 2.29,
        "price_kilo": 18.32,
        "slug": "almendra-molida-bolsa",
        "description": "Almendra Molida Bolsa 125 Gr",
        "image": "https:\/\/cdn-consum.aktiosdigitalservices.com\/tol\/consum\/media\/product\/img\/300x300\/7181274.jpg?t=20250311104906"
    },
    {
        "id": 6863,
        "name": "Cacao a La Taza Paquete CONSUM",
        "price": 1.7,
        "price_kilo": 4.25,
        "slug": "cacao-a-la-taza-paquete",
        "description": "Cacao a La Taza Paquete 400 Gr",
        "image": "https:\/\/cdn-consum.aktiosdigitalservices.com\/tol\/consum\/media\/product\/img\/300x300\/7181311.jpg?t=20250311133504"
    },
    {
        "id": 6868,
        "name": "Natillas de Vainilla con Galleta Pack de 4 U. CONSUM",
        "price": 1.25,
        "price_kilo": 2.5,
        "slug": "natillas-de-vainilla-con-galleta-pack-de-4-u",
        "description": "Natillas de Vainilla con Galleta Pack de 4 U. 4 x 125 Gr",
        "image": "https:\/\/cdn-consum.aktiosdigitalservices.com\/tol\/consum\/media\/product\/img\/300x300\/7181485.jpg?t=20250312125253"
    },
    {
        "id": 6869,
        "name": "Arroz con Leche Pack de 4 Unidades CONSUM",
        "price": 1.35,
        "price_kilo": 2.7,
        "slug": "arroz-con-leche-pack-de-4-unidades",
        "description": "Arroz con Leche Pack de 4 Unidades 4 x 125 Gr",
        "image": "https:\/\/cdn-consum.aktiosdigitalservices.com\/tol\/consum\/media\/product\/img\/300x300\/7181493.jpg?t=20250221075922"
    },
    {
        "id": 6870,
        "name": "Surtido de Flanes Pack de 6 Unidades REINA",
        "price": 3.49,
        "price_kilo": 5.82,
        "slug": "surtido-de-flanes-pack-de-6-unidades",
        "description": "Surtido de Flanes Pack de 6 Unidades 6 x 100 Gr",
        "image": "https:\/\/cdn-consum.aktiosdigitalservices.com\/tol\/consum\/media\/product\/img\/300x300\/7181605.jpg?t=20250218080242"
    },
    {
        "id": 6877,
        "name": "Champ\u00fa Fresco y Puro TIMOTEI",
        "price": 3.29,
        "price_kilo": 0.82,
        "slug": "champu-fresco-y-puro",
        "description": "Champ\u00fa Fresco y Puro 400 ml",
        "image": "https:\/\/cdn-consum.aktiosdigitalservices.com\/tol\/consum\/media\/product\/img\/300x300\/7181998.jpg?t=20250206091720"
    },
    {
        "id": 6879,
        "name": "Vino Tinto Tierra de Castilla A.MERCIER",
        "price": 2.2,
        "price_kilo": 2.93,
        "slug": "vino-tinto-tierra-de-castilla",
        "description": "Vino Tinto Tierra de Castilla 0,75 L",
        "image": "https:\/\/cdn-consum.aktiosdigitalservices.com\/tol\/consum\/media\/product\/img\/300x300\/7182124.jpg?t=20250204080428"
    },
    {
        "id": 6882,
        "name": "Guantes L\u00e1tex Talla Peque\u00f1a\/Mediana CONSUM",
        "price": 3.1,
        "price_kilo": 0.06,
        "slug": "guantes-latex-talla-pequena-mediana",
        "description": "Guantes L\u00e1tex Talla Peque\u00f1a\/Mediana 50 U",
        "image": "https:\/\/cdn-consum.aktiosdigitalservices.com\/tol\/consum\/media\/product\/img\/300x300\/7182582.jpg?t=20241217081032"
    },
    {
        "id": 6896,
        "name": "Tinte Creme Gloss 535 Chocolat CASTING",
        "price": 6.6,
        "price_kilo": 6.6,
        "slug": "tinte-creme-gloss-535-chocolat",
        "description": "Tinte Creme Gloss 535 Chocolat 1 U",
        "image": "https:\/\/cdn-consum.aktiosdigitalservices.com\/tol\/consum\/media\/product\/img\/300x300\/7183239.jpg?t=20250311164551"
    },
    {
        "id": 6897,
        "name": "Tinte Creme Gloss 300 Chat Fon CASTING",
        "price": 6.6,
        "price_kilo": 6.6,
        "slug": "tinte-creme-gloss-300-chat-fon",
        "description": "Tinte Creme Gloss 300 Chat Fon 1 U",
        "image": "https:\/\/cdn-consum.aktiosdigitalservices.com\/tol\/consum\/media\/product\/img\/300x300\/7183242.jpg?t=20241217081033"
    },
    {
        "id": 6898,
        "name": "Tinte Creme Gloss 500 Chat CASTING",
        "price": 6.6,
        "price_kilo": 6.6,
        "slug": "tinte-creme-gloss-500-chat",
        "description": "Tinte Creme Gloss 500 Chat 1 U",
        "image": "https:\/\/cdn-consum.aktiosdigitalservices.com\/tol\/consum\/media\/product\/img\/300x300\/7183259.jpg?t=20250311164551"
    },
    {
        "id": 6899,
        "name": "Tinte Creme Gloss 600 Blond CASTING",
        "price": 6.6,
        "price_kilo": 6.6,
        "slug": "tinte-creme-gloss-600-blond",
        "description": "Tinte Creme Gloss 600 Blond 1 U",
        "image": "https:\/\/cdn-consum.aktiosdigitalservices.com\/tol\/consum\/media\/product\/img\/300x300\/7183267.jpg?t=20241217081033"
    },
    {
        "id": 6900,
        "name": "Tinte Creme Gloss 515 Moka CASTING",
        "price": 6.6,
        "price_kilo": 6.6,
        "slug": "tinte-creme-gloss-515-moka",
        "description": "Tinte Creme Gloss 515 Moka 1 U",
        "image": "https:\/\/cdn-consum.aktiosdigitalservices.com\/tol\/consum\/media\/product\/img\/300x300\/7183288.jpg?t=20250311164551"
    },
    {
        "id": 6904,
        "name": "Naranja Malla ",
        "price": 2.75,
        "price_kilo": 1.38,
        "slug": "naranja-malla",
        "description": "Naranja Malla 2 Kg",
        "image": "https:\/\/cdn-consum.aktiosdigitalservices.com\/tol\/consum\/media\/product\/img\/300x300\/7183556.jpg?t=20250312125257"
    },
    {
        "id": 6905,
        "name": "Mermelada de Higos De Temporada HERO",
        "price": 2.69,
        "price_kilo": 7.69,
        "slug": "mermelada-de-higos-de-temporada",
        "description": "Mermelada de Higos De Temporada 350 Gr",
        "image": "https:\/\/cdn-consum.aktiosdigitalservices.com\/tol\/consum\/media\/product\/img\/300x300\/7183569.jpg?t=20250311104918"
    },
    {
        "id": 6906,
        "name": "Tomate Triturado Natural Lata ORLANDO",
        "price": 1.59,
        "price_kilo": 3.98,
        "slug": "tomate-triturado-natural-lata",
        "description": "Tomate Triturado Natural Lata 400 Gr",
        "image": "https:\/\/cdn-consum.aktiosdigitalservices.com\/tol\/consum\/media\/product\/img\/300x300\/7183577.jpg?t=20250312092750"
    },
    {
        "id": 6907,
        "name": "Peques3 Preparado L\u00e1cteo Cereales y Cacao PULEVA",
        "price": 1.99,
        "price_kilo": 3.32,
        "slug": "peques3-preparado-lacteo-cereales-y-cacao",
        "description": "Peques3 Preparado L\u00e1cteo Cereales y Cacao 3 x 200 ml",
        "image": "https:\/\/cdn-consum.aktiosdigitalservices.com\/tol\/consum\/media\/product\/img\/300x300\/7183585.jpg?t=20250311133506"
    },
    {
        "id": 6911,
        "name": "Kinder Bueno 2 Unidades Pack 3 KINDER",
        "price": 3.29,
        "price_kilo": 24.37,
        "slug": "kinder-bueno-2-unidades-pack-3",
        "description": "Kinder Bueno 2 Unidades Pack 3 135 Gr",
        "image": "https:\/\/cdn-consum.aktiosdigitalservices.com\/tol\/consum\/media\/product\/img\/300x300\/7184398.jpg?t=20250313080213"
    },
    {
        "id": 6915,
        "name": "Leche Evaporada Brik IDEAL",
        "price": 2.52,
        "price_kilo": 4.8,
        "slug": "leche-evaporada-brik",
        "description": "Leche Evaporada Brik 525 Gr",
        "image": "https:\/\/cdn-consum.aktiosdigitalservices.com\/tol\/consum\/media\/product\/img\/300x300\/7184497.jpg?t=20250311104928"
    },
    {
        "id": 6916,
        "name": "Mermelada Ar\u00e1ndano Tarro HELIOS",
        "price": 2.25,
        "price_kilo": 6.62,
        "slug": "mermelada-arandano-tarro",
        "description": "Mermelada Ar\u00e1ndano Tarro 340 Gr",
        "image": "https:\/\/cdn-consum.aktiosdigitalservices.com\/tol\/consum\/media\/product\/img\/300x300\/7184625.jpg?t=20250311133513"
    },
    {
        "id": 6920,
        "name": "Mascarilla Sin Aclarado Extra Brillo GLISS",
        "price": 5.65,
        "price_kilo": 3.77,
        "slug": "mascarilla-sin-aclarado-extra-brillo",
        "description": "Mascarilla Sin Aclarado Extra Brillo 150 ml",
        "image": "https:\/\/cdn-consum.aktiosdigitalservices.com\/tol\/consum\/media\/product\/img\/300x300\/7185358.jpg?t=20250312160142"
    },
    {
        "id": 6925,
        "name": "Mini Tosta con Ar\u00e1ndanos ORTIZ",
        "price": 1.88,
        "price_kilo": 20.89,
        "slug": "mini-tosta-con-arandanos",
        "description": "Mini Tosta con Ar\u00e1ndanos 90 Gr",
        "image": "https:\/\/cdn-consum.aktiosdigitalservices.com\/tol\/consum\/media\/product\/img\/300x300\/7186547.jpg?t=20250311104958"
    },
    {
        "id": 6927,
        "name": "Pouche Hero Nanos Pl\u00e1tano y Fresa HERO",
        "price": 1.19,
        "price_kilo": 11.9,
        "slug": "pouche-hero-nanos-platano-y-fresa",
        "description": "Pouche Hero Nanos Pl\u00e1tano y Fresa 100 Gr",
        "image": "https:\/\/cdn-consum.aktiosdigitalservices.com\/tol\/consum\/media\/product\/img\/300x300\/7186653.jpg?t=20250313080220"
    },
    {
        "id": 6928,
        "name": "Pouche Hero Nanos Naranja, Pl\u00e1tano y Galleta HERO",
        "price": 1.19,
        "price_kilo": 11.9,
        "slug": "pouche-hero-nanos-naranja-platano-y-galleta",
        "description": "Pouche Hero Nanos Naranja, Pl\u00e1tano y Galleta 100 Gr",
        "image": "https:\/\/cdn-consum.aktiosdigitalservices.com\/tol\/consum\/media\/product\/img\/300x300\/7186666.jpg?t=20250313080222"
    },
    {
        "id": 6934,
        "name": "Vino Tinto Vendimia Plata D.O.Valencia J. DE JUANES",
        "price": 4.65,
        "price_kilo": 6.2,
        "slug": "vino-tinto-vendimia-plata-dovalencia",
        "description": "Vino Tinto Vendimia Plata D.O.Valencia 0,75 L",
        "image": "https:\/\/cdn-consum.aktiosdigitalservices.com\/tol\/consum\/media\/product\/img\/300x300\/7187359.jpg?t=20250227091213"
    },
    {
        "id": 6938,
        "name": "Tostada Canape Cuadrada RECONDO",
        "price": 3.77,
        "price_kilo": 18.85,
        "slug": "tostada-canape-cuadrada",
        "description": "Tostada Canape Cuadrada 200 Gr",
        "image": "https:\/\/cdn-consum.aktiosdigitalservices.com\/tol\/consum\/media\/product\/img\/300x300\/7187672.jpg?t=20250311105006"
    },
    {
        "id": 6940,
        "name": "Dent\u00edfrico Repair-Protect Blanqueante SENSODYNE",
        "price": 4.79,
        "price_kilo": 6.39,
        "slug": "dentifrico-repair-protect-blanqueante",
        "description": "Dent\u00edfrico Repair-Protect Blanqueante 75 ml",
        "image": "https:\/\/cdn-consum.aktiosdigitalservices.com\/tol\/consum\/media\/product\/img\/300x300\/7187685.jpg?t=20250312160146"
    },
    {
        "id": 6942,
        "name": "Salsa con Soja HEINZ",
        "price": 2.99,
        "price_kilo": 19.93,
        "slug": "salsa-con-soja",
        "description": "Salsa con Soja 150 ml",
        "image": "https:\/\/cdn-consum.aktiosdigitalservices.com\/tol\/consum\/media\/product\/img\/300x300\/7187805.jpg?t=20250313080224"
    },
    {
        "id": 6944,
        "name": "Agua Mineral Natural Botella FONT VELLA",
        "price": 1.49,
        "price_kilo": 0.6,
        "slug": "agua-mineral-natural-botella",
        "description": "Agua Mineral Natural Botella 2,5 L",
        "image": "https:\/\/cdn-consum.aktiosdigitalservices.com\/tol\/consum\/media\/product\/img\/300x300\/7188139.jpg?t=20250312092750"
    },
    {
        "id": 6946,
        "name": "Caldo Casero Pescado Brik G.BLANCA",
        "price": 2.2,
        "price_kilo": 2.2,
        "slug": "caldo-casero-pescado-brik",
        "description": "Caldo Casero Pescado Brik 1 L",
        "image": "https:\/\/cdn-consum.aktiosdigitalservices.com\/tol\/consum\/media\/product\/img\/300x300\/7188217.jpg?t=20250206091810"
    },
    {
        "id": 6948,
        "name": "Leche de Cabra Semidesnatada Botella PULEVA",
        "price": 2.2,
        "price_kilo": 2.2,
        "slug": "leche-de-cabra-semidesnatada-botella",
        "description": "Leche de Cabra Semidesnatada Botella 1 L",
        "image": "https:\/\/cdn-consum.aktiosdigitalservices.com\/tol\/consum\/media\/product\/img\/300x300\/7188261.jpg?t=20250311105011"
    },
    {
        "id": 6949,
        "name": "Papel Cocina Doble Capa Especi.Fritos Cartapaglia FOXY",
        "price": 2.89,
        "price_kilo": 1.45,
        "slug": "papel-cocina-doble-capa-especifritos-cartapaglia",
        "description": "Papel Cocina Doble Capa Especi.Fritos Cartapaglia 2 U",
        "image": "https:\/\/cdn-consum.aktiosdigitalservices.com\/tol\/consum\/media\/product\/img\/300x300\/7188493.jpg?t=20250313080226"
    },
    {
        "id": 6950,
        "name": "Coliflor-Br\u00f3coli-Zanahoria Microondas FLORETTE",
        "price": 1.99,
        "price_kilo": 7.24,
        "slug": "coliflor-brocoli-zanahoria-microondas",
        "description": "Coliflor-Br\u00f3coli-Zanahoria Microondas 275 Gr",
        "image": "https:\/\/cdn-consum.aktiosdigitalservices.com\/tol\/consum\/media\/product\/img\/300x300\/7188667.jpg?t=20250317075750"
    },
    {
        "id": 6952,
        "name": "Leche Condensada Entera Lata CONSUM",
        "price": 3.65,
        "price_kilo": 3.65,
        "slug": "leche-condensada-entera-lata",
        "description": "Leche Condensada Entera Lata 1 Kg",
        "image": "https:\/\/cdn-consum.aktiosdigitalservices.com\/tol\/consum\/media\/product\/img\/300x300\/7188675.jpg?t=20250311105014"
    },
    {
        "id": 6957,
        "name": "Jab\u00f3n L\u00edquido Almendras PALMOLIVE",
        "price": 2.45,
        "price_kilo": 0.82,
        "slug": "jabon-liquido-almendras",
        "description": "Jab\u00f3n L\u00edquido Almendras 300 ml",
        "image": "https:\/\/cdn-consum.aktiosdigitalservices.com\/tol\/consum\/media\/product\/img\/300x300\/7188779.jpg?t=20241217081035"
    },
    {
        "id": 6958,
        "name": "Vino TInto Joven D.O.Rioja DUQUE NARDOS",
        "price": 2.3,
        "price_kilo": 3.07,
        "slug": "vino-tinto-joven-dorioja",
        "description": "Vino TInto Joven D.O.Rioja 0,75 L",
        "image": "https:\/\/cdn-consum.aktiosdigitalservices.com\/tol\/consum\/media\/product\/img\/300x300\/7188985.jpg?t=20241217081035"
    },
    {
        "id": 6959,
        "name": "Vino Rosado Lambrusco BAUTIS.MARTI",
        "price": 3.39,
        "price_kilo": 4.52,
        "slug": "vino-rosado-lambrusco",
        "description": "Vino Rosado Lambrusco 0,75 L",
        "image": "https:\/\/cdn-consum.aktiosdigitalservices.com\/tol\/consum\/media\/product\/img\/300x300\/7189004.jpg?t=20250312125303"
    },
    {
        "id": 6960,
        "name": "Bayeta Cristales y Espejos CONSUM",
        "price": 0.85,
        "price_kilo": 0.85,
        "slug": "bayeta-cristales-y-espejos",
        "description": "Bayeta Cristales y Espejos 1 U",
        "image": "https:\/\/cdn-consum.aktiosdigitalservices.com\/tol\/consum\/media\/product\/img\/300x300\/7189327.jpg?t=20241217081035"
    },
    {
        "id": 6961,
        "name": "Bayeta Especial Polvo Extrasuave CONSUM",
        "price": 0.89,
        "price_kilo": 0.89,
        "slug": "bayeta-especial-polvo-extrasuave",
        "description": "Bayeta Especial Polvo Extrasuave 1 U",
        "image": "https:\/\/cdn-consum.aktiosdigitalservices.com\/tol\/consum\/media\/product\/img\/300x300\/7189335.jpg?t=20250313080228"
    },
    {
        "id": 6969,
        "name": "Gel Exfoliante Facial Cereza KYREY",
        "price": 2.35,
        "price_kilo": 3.13,
        "slug": "gel-exfoliante-facial-cereza",
        "description": "Gel Exfoliante Facial Cereza 75 ml",
        "image": "https:\/\/cdn-consum.aktiosdigitalservices.com\/tol\/consum\/media\/product\/img\/300x300\/7189504.jpg?t=20241217081036"
    },
    {
        "id": 6970,
        "name": "Protector 60X90 Cm INDASBED",
        "price": 9.89,
        "price_kilo": 0.49,
        "slug": "protector-60x90-cm",
        "description": "Protector 60X90 Cm 20 U",
        "image": "https:\/\/cdn-consum.aktiosdigitalservices.com\/tol\/consum\/media\/product\/img\/300x300\/7189512.jpg?t=20241217081036"
    },
    {
        "id": 6971,
        "name": "Jengibre Con Lim\u00f3n 20 Bolsitas POMPADOUR",
        "price": 2.79,
        "price_kilo": 0.14,
        "slug": "jengibre-con-limon-20-bolsitas",
        "description": "Jengibre Con Lim\u00f3n 20 Bolsitas 20 U",
        "image": "https:\/\/cdn-consum.aktiosdigitalservices.com\/tol\/consum\/media\/product\/img\/300x300\/7189525.jpg?t=20250311133523"
    },
    {
        "id": 6978,
        "name": "Albahaca Bandeja EL DULZE",
        "price": 1.5,
        "price_kilo": 7.5,
        "slug": "albahaca-bandeja",
        "description": "Albahaca Bandeja 20 Gr",
        "image": "https:\/\/cdn-consum.aktiosdigitalservices.com\/tol\/consum\/media\/product\/img\/300x300\/7189673.jpg?t=20241217081036"
    },
    {
        "id": 6979,
        "name": "Chorizo  Extra CONSUM",
        "price": 2.49,
        "price_kilo": 8.89,
        "slug": "chorizo-extra",
        "description": "Chorizo  Extra 280 Gr",
        "image": "https:\/\/cdn-consum.aktiosdigitalservices.com\/tol\/consum\/media\/product\/img\/300x300\/7189769.jpg?t=20241217081036"
    },
    {
        "id": 6980,
        "name": "Chorizo Picante Extra CONSUM",
        "price": 2.49,
        "price_kilo": 8.89,
        "slug": "chorizo-picante-extra",
        "description": "Chorizo Picante Extra 280 Gr",
        "image": "https:\/\/cdn-consum.aktiosdigitalservices.com\/tol\/consum\/media\/product\/img\/300x300\/7189772.jpg?t=20241217081036"
    },
    {
        "id": 6984,
        "name": "Caldo Casero Carne Brik G.BLANCA",
        "price": 2.2,
        "price_kilo": 2.2,
        "slug": "caldo-casero-carne-brik",
        "description": "Caldo Casero Carne Brik 1 L",
        "image": "https:\/\/cdn-consum.aktiosdigitalservices.com\/tol\/consum\/media\/product\/img\/300x300\/7189967.jpg?t=20250318080049"
    },
    {
        "id": 6985,
        "name": "Rega\u00f1as CONSUM",
        "price": 1.04,
        "price_kilo": 4.16,
        "slug": "reganas",
        "description": "Rega\u00f1as 250 Gr",
        "image": "https:\/\/cdn-consum.aktiosdigitalservices.com\/tol\/consum\/media\/product\/img\/300x300\/7190130.jpg?t=20250311105019"
    },
    {
        "id": 7006,
        "name": "Tortitas Ma\u00edz Sin Gluten Paquete BICENTURY",
        "price": 1.85,
        "price_kilo": 14.23,
        "slug": "tortitas-maiz-sin-gluten-paquete",
        "description": "Tortitas Ma\u00edz Sin Gluten Paquete 130 Gr",
        "image": "https:\/\/cdn-consum.aktiosdigitalservices.com\/tol\/consum\/media\/product\/img\/300x300\/7191687.jpg?t=20250312092750"
    },
    {
        "id": 7010,
        "name": "Natillas de Vainilla Pack de 4 Unidades CONSUM",
        "price": 1.05,
        "price_kilo": 2.1,
        "slug": "natillas-de-vainilla-pack-de-4-unidades",
        "description": "Natillas de Vainilla Pack de 4 Unidades 4 x 125 Gr",
        "image": "https:\/\/cdn-consum.aktiosdigitalservices.com\/tol\/consum\/media\/product\/img\/300x300\/7191963.jpg?t=20241217081036"
    },
    {
        "id": 7011,
        "name": "Natillas de Chocolate Pack de 4 Unidades CONSUM",
        "price": 1.05,
        "price_kilo": 2.1,
        "slug": "natillas-de-chocolate-pack-de-4-unidades",
        "description": "Natillas de Chocolate Pack de 4 Unidades 4 x 125 Gr",
        "image": "https:\/\/cdn-consum.aktiosdigitalservices.com\/tol\/consum\/media\/product\/img\/300x300\/7191968.jpg?t=20241217081036"
    },
    {
        "id": 7013,
        "name": "Flan de Vainilla Pack de 6 Unidades CONSUM",
        "price": 1,
        "price_kilo": 1.67,
        "slug": "flan-de-vainilla-pack-de-6-unidades",
        "description": "Flan de Vainilla Pack de 6 Unidades 6 x 100 Gr",
        "image": "https:\/\/cdn-consum.aktiosdigitalservices.com\/tol\/consum\/media\/product\/img\/300x300\/7192037.jpg?t=20241217081036"
    },
    {
        "id": 7021,
        "name": "Limpiador Concentrado de Vinagre JOSMI",
        "price": 0.9,
        "price_kilo": 0.9,
        "slug": "limpiador-concentrado-de-vinagre",
        "description": "Limpiador Concentrado de Vinagre 1 L",
        "image": "https:\/\/cdn-consum.aktiosdigitalservices.com\/tol\/consum\/media\/product\/img\/300x300\/7192698.jpg?t=20250312092750"
    },
    {
        "id": 7022,
        "name": "Arreglo para Paella de Pollo y Conejo CONSUM",
        "price": 5.94,
        "price_kilo": 6.95,
        "slug": "arreglo-para-paella-de-pollo-y-conejo",
        "description": "Arreglo para Paella de Pollo y Conejo",
        "image": "https:\/\/cdn-consum.aktiosdigitalservices.com\/tol\/consum\/media\/product\/img\/300x300\/7192727.jpg?t=20250318080052"
    },
    {
        "id": 7026,
        "name": "Tinte Color Sensation N\u00ba1 Negro GARNIER",
        "price": 3.9,
        "price_kilo": 3.9,
        "slug": "tinte-color-sensation-n1-negro",
        "description": "Tinte Color Sensation N\u00ba1 Negro 1 U",
        "image": "https:\/\/cdn-consum.aktiosdigitalservices.com\/tol\/consum\/media\/product\/img\/300x300\/7193212.jpg?t=20241217081037"
    },
    {
        "id": 7027,
        "name": "Tinte Color Sensation N\u00ba3 Casta\u00f1o Oscuro GARNIER",
        "price": 3.9,
        "price_kilo": 3.9,
        "slug": "tinte-color-sensation-n3-castano-oscuro",
        "description": "Tinte Color Sensation N\u00ba3 Casta\u00f1o Oscuro 1 U",
        "image": "https:\/\/cdn-consum.aktiosdigitalservices.com\/tol\/consum\/media\/product\/img\/300x300\/7193217.jpg?t=20241217081037"
    },
    {
        "id": 7029,
        "name": "Tinte Color Sensation N\u00ba4.15 Chocolate GARNIER",
        "price": 3.9,
        "price_kilo": 3.9,
        "slug": "tinte-color-sensation-n415-chocolate",
        "description": "Tinte Color Sensation N\u00ba4.15 Chocolate 1 U",
        "image": "https:\/\/cdn-consum.aktiosdigitalservices.com\/tol\/consum\/media\/product\/img\/300x300\/7193225.jpg?t=20241217081037"
    },
    {
        "id": 7030,
        "name": "Tinte Color Sensation 5 Casta\u00f1o Luminoso GARNIER",
        "price": 3.9,
        "price_kilo": 3.9,
        "slug": "tinte-color-sensation-5-castano-luminoso",
        "description": "Tinte Color Sensation 5 Casta\u00f1o Luminoso 1 U",
        "image": "https:\/\/cdn-consum.aktiosdigitalservices.com\/tol\/consum\/media\/product\/img\/300x300\/7193233.jpg?t=20241217081037"
    },
    {
        "id": 7031,
        "name": "Tinte Color Sensation N\u00ba6 Rubio Oscuro GARNIER",
        "price": 3.9,
        "price_kilo": 3.9,
        "slug": "tinte-color-sensation-n6-rubio-oscuro",
        "description": "Tinte Color Sensation N\u00ba6 Rubio Oscuro 1 U",
        "image": "https:\/\/cdn-consum.aktiosdigitalservices.com\/tol\/consum\/media\/product\/img\/300x300\/7193238.jpg?t=20250311164552"
    },
    {
        "id": 7032,
        "name": "Tinte Color Sensation N\u00ba6.35 Rubio Caramelo GARNIER",
        "price": 3.9,
        "price_kilo": 3.9,
        "slug": "tinte-color-sensation-n635-rubio-caramelo",
        "description": "Tinte Color Sensation N\u00ba6.35 Rubio Caramelo 1 U",
        "image": "https:\/\/cdn-consum.aktiosdigitalservices.com\/tol\/consum\/media\/product\/img\/300x300\/7193246.jpg?t=20241217081037"
    },
    {
        "id": 7033,
        "name": "Tinte Color Sensation N\u00ba8 Rubio Luminoso GARNIER",
        "price": 3.9,
        "price_kilo": 3.9,
        "slug": "tinte-color-sensation-n8-rubio-luminoso",
        "description": "Tinte Color Sensation N\u00ba8 Rubio Luminoso 1 U",
        "image": "https:\/\/cdn-consum.aktiosdigitalservices.com\/tol\/consum\/media\/product\/img\/300x300\/7193261.jpg?t=20250311164552"
    },
    {
        "id": 7038,
        "name": "Chorizo Pamplona REVILLA",
        "price": 1,
        "price_kilo": 15.38,
        "slug": "chorizo-pamplona",
        "description": "Chorizo Pamplona 65 Gr",
        "image": "https:\/\/cdn-consum.aktiosdigitalservices.com\/tol\/consum\/media\/product\/img\/300x300\/7193498.jpg?t=20241217081037"
    },
    {
        "id": 7039,
        "name": "Salchich\u00f3n Extra REVILLA",
        "price": 1,
        "price_kilo": 15.38,
        "slug": "salchichon-extra",
        "description": "Salchich\u00f3n Extra 65 Gr",
        "image": "https:\/\/cdn-consum.aktiosdigitalservices.com\/tol\/consum\/media\/product\/img\/300x300\/7193501.jpg?t=20241217081037"
    },
    {
        "id": 7041,
        "name": "Crema para Caf\u00e9 Pack de 20 CAMPINA",
        "price": 1.3,
        "price_kilo": 6.5,
        "slug": "crema-para-cafe-pack-de-20",
        "description": "Crema para Caf\u00e9 Pack de 20 20 x 10 Gr",
        "image": "https:\/\/cdn-consum.aktiosdigitalservices.com\/tol\/consum\/media\/product\/img\/300x300\/7193717.jpg?t=20250311105038"
    },
    {
        "id": 7046,
        "name": "Escamas de Sal Marina Caja MALDON",
        "price": 3.25,
        "price_kilo": 26,
        "slug": "escamas-de-sal-marina-caja",
        "description": "Escamas de Sal Marina Caja 125 Gr",
        "image": "https:\/\/cdn-consum.aktiosdigitalservices.com\/tol\/consum\/media\/product\/img\/300x300\/7193886.jpg?t=20250108080256"
    },
    {
        "id": 7052,
        "name": "Salfumant JOSMI",
        "price": 1.1,
        "price_kilo": 1.1,
        "slug": "salfumant",
        "description": "Salfumant 1 L",
        "image": "https:\/\/cdn-consum.aktiosdigitalservices.com\/tol\/consum\/media\/product\/img\/300x300\/7194111.jpg?t=20241217081037"
    },
    {
        "id": 7056,
        "name": "Danonino Petit Suisse Fresa y Pl\u00e1tano Pack 6 U DANONE",
        "price": 1.5,
        "price_kilo": 5,
        "slug": "danonino-petit-suisse-fresa-y-platano-pack-6-u",
        "description": "Danonino Petit Suisse Fresa y Pl\u00e1tano Pack 6 U 6 x 50 Gr",
        "image": "https:\/\/cdn-consum.aktiosdigitalservices.com\/tol\/consum\/media\/product\/img\/300x300\/7194280.jpg?t=20250103080923"
    },
    {
        "id": 7057,
        "name": "Danonino Petit Suisse Sabor Fresa Pack de 6 U DANONE",
        "price": 1.5,
        "price_kilo": 5,
        "slug": "danonino-petit-suisse-sabor-fresa-pack-de-6-u",
        "description": "Danonino Petit Suisse Sabor Fresa Pack de 6 U 6 x 50 Gr",
        "image": "https:\/\/cdn-consum.aktiosdigitalservices.com\/tol\/consum\/media\/product\/img\/300x300\/7194285.jpg?t=20250103080925"
    },
    {
        "id": 7064,
        "name": "Magdalena Concha ARENAS",
        "price": 1.69,
        "price_kilo": 5.63,
        "slug": "magdalena-concha",
        "description": "Magdalena Concha 300 Gr",
        "image": "https:\/\/cdn-consum.aktiosdigitalservices.com\/tol\/consum\/media\/product\/img\/300x300\/7194579.jpg?t=20250311105055"
    },
    {
        "id": 7065,
        "name": "Zumo Exprimido Naranja Con Pulpa - Brik DON SIMON",
        "price": 1.99,
        "price_kilo": 1.99,
        "slug": "zumo-exprimido-naranja-con-pulpa---brik",
        "description": "Zumo Exprimido Naranja Con Pulpa - Brik 1 L",
        "image": "https:\/\/cdn-consum.aktiosdigitalservices.com\/tol\/consum\/media\/product\/img\/300x300\/7194629.jpg?t=20250311124404"
    },
    {
        "id": 7067,
        "name": "Pan Molde Normal CONSUM",
        "price": 1.18,
        "price_kilo": 1.44,
        "slug": "pan-molde-normal",
        "description": "Pan Molde Normal 820 Gr",
        "image": "https:\/\/cdn-consum.aktiosdigitalservices.com\/tol\/consum\/media\/product\/img\/300x300\/7194884.jpg?t=20250311133533"
    },
    {
        "id": 7068,
        "name": "Pan Molde Integral CONSUM",
        "price": 1.18,
        "price_kilo": 1.44,
        "slug": "pan-molde-integral",
        "description": "Pan Molde Integral 820 Gr",
        "image": "https:\/\/cdn-consum.aktiosdigitalservices.com\/tol\/consum\/media\/product\/img\/300x300\/7194889.jpg?t=20250311105100"
    },
    {
        "id": 7077,
        "name": "Queso Gorgonzola D.O.P IGOR",
        "price": 2.99,
        "price_kilo": 14.95,
        "slug": "queso-gorgonzola-dop",
        "description": "Queso Gorgonzola D.O.P 200 Gr",
        "image": "https:\/\/cdn-consum.aktiosdigitalservices.com\/tol\/consum\/media\/product\/img\/300x300\/7195431.jpg?t=20250204080458"
    },
    {
        "id": 7078,
        "name": "Masa de Hojaldre Redonda CONSUM",
        "price": 1.17,
        "price_kilo": 5.09,
        "slug": "masa-de-hojaldre-redonda",
        "description": "Masa de Hojaldre Redonda 230 Gr",
        "image": "https:\/\/cdn-consum.aktiosdigitalservices.com\/tol\/consum\/media\/product\/img\/300x300\/7195444.jpg?t=20250101081018"
    },
    {
        "id": 7079,
        "name": "Masa de Pizza Redonda CONSUM",
        "price": 1.2,
        "price_kilo": 4.62,
        "slug": "masa-de-pizza-redonda",
        "description": "Masa de Pizza Redonda 260 Gr",
        "image": "https:\/\/cdn-consum.aktiosdigitalservices.com\/tol\/consum\/media\/product\/img\/300x300\/7195449.jpg?t=20241217081038"
    },
    {
        "id": 7082,
        "name": "Loci\u00f3n Bajo La Ducha R\u00e1pida Absorci\u00f3n NIVEA",
        "price": 4.69,
        "price_kilo": 1.17,
        "slug": "locion-bajo-la-ducha-rapida-absorcion",
        "description": "Loci\u00f3n Bajo La Ducha R\u00e1pida Absorci\u00f3n 400 ml",
        "image": "https:\/\/cdn-consum.aktiosdigitalservices.com\/tol\/consum\/media\/product\/img\/300x300\/7195519.jpg?t=20250311164552"
    },
    {
        "id": 7083,
        "name": "Comida Seca Gatos Senior Esterilizados ULTIMA",
        "price": 5.99,
        "price_kilo": 7.49,
        "slug": "comida-seca-gatos-senior-esterilizados",
        "description": "Comida Seca Gatos Senior Esterilizados 800 Gr",
        "image": "https:\/\/cdn-consum.aktiosdigitalservices.com\/tol\/consum\/media\/product\/img\/300x300\/7195535.jpg?t=20250218080304"
    },
    {
        "id": 7098,
        "name": "Bebida de Almendras Brik ALPRO",
        "price": 2.09,
        "price_kilo": 2.09,
        "slug": "bebida-de-almendras-brik",
        "description": "Bebida de Almendras Brik 1 L",
        "image": "https:\/\/cdn-consum.aktiosdigitalservices.com\/tol\/consum\/media\/product\/img\/300x300\/7196186.jpg?t=20250311105102"
    },
    {
        "id": 7101,
        "name": "Aceite Cabello Universal ELVIVE",
        "price": 10.49,
        "price_kilo": 10.49,
        "slug": "aceite-cabello-universal",
        "description": "Aceite Cabello Universal 100 ml",
        "image": "https:\/\/cdn-consum.aktiosdigitalservices.com\/tol\/consum\/media\/product\/img\/300x300\/7196392.jpg?t=20250312160224"
    },
    {
        "id": 7103,
        "name": "Refresco Manzana Lata Sin Gas TRINA",
        "price": 0.66,
        "price_kilo": 2,
        "slug": "refresco-manzana-lata-sin-gas",
        "description": "Refresco Manzana Lata Sin Gas 0,33 L",
        "image": "https:\/\/cdn-consum.aktiosdigitalservices.com\/tol\/consum\/media\/product\/img\/300x300\/7196459.jpg?t=20250227091329"
    },
    {
        "id": 7105,
        "name": "Cebolla Crujiente Bote ARGENTE",
        "price": 1.59,
        "price_kilo": 15.9,
        "slug": "cebolla-crujiente-bote",
        "description": "Cebolla Crujiente Bote 100 Gr",
        "image": "https:\/\/cdn-consum.aktiosdigitalservices.com\/tol\/consum\/media\/product\/img\/300x300\/7196520.jpg?t=20241217081038"
    },
    {
        "id": 7111,
        "name": "Camembert NORMANDIE",
        "price": 2,
        "price_kilo": 8.33,
        "slug": "camembert",
        "description": "Camembert 240 Gr",
        "image": "https:\/\/cdn-consum.aktiosdigitalservices.com\/tol\/consum\/media\/product\/img\/300x300\/7197023.jpg?t=20250103080933"
    },
    {
        "id": 7112,
        "name": "Queso Brie Punta FLEUR FRANCE",
        "price": 1.75,
        "price_kilo": 8.75,
        "slug": "queso-brie-punta",
        "description": "Queso Brie Punta 200 Gr",
        "image": "https:\/\/cdn-consum.aktiosdigitalservices.com\/tol\/consum\/media\/product\/img\/300x300\/7197051.jpg?t=20250103080935"
    },
    {
        "id": 7121,
        "name": "Queso Burgo Arias Natural ARIAS",
        "price": 1.19,
        "price_kilo": 9.92,
        "slug": "queso-burgo-arias-natural",
        "description": "Queso Burgo Arias Natural 2 x 60 Gr",
        "image": "https:\/\/cdn-consum.aktiosdigitalservices.com\/tol\/consum\/media\/product\/img\/300x300\/7197523.jpg?t=20250103080938"
    },
    {
        "id": 7122,
        "name": "Refresco Naranja Florida Botella SUNNY",
        "price": 1.95,
        "price_kilo": 1.56,
        "slug": "refresco-naranja-florida-botella",
        "description": "Refresco Naranja Florida Botella 1,25 L",
        "image": "https:\/\/cdn-consum.aktiosdigitalservices.com\/tol\/consum\/media\/product\/img\/300x300\/7197614.jpg?t=20250227091337"
    },
    {
        "id": 7124,
        "name": "Desodorante en crema M\u00e1xima Proteccion REXONA",
        "price": 5.3,
        "price_kilo": 11.78,
        "slug": "desodorante-en-crema-maxima-proteccion",
        "description": "Desodorante en crema M\u00e1xima Proteccion 45 ml",
        "image": "https:\/\/cdn-consum.aktiosdigitalservices.com\/tol\/consum\/media\/product\/img\/300x300\/7197655.jpg?t=20250108080301"
    },
    {
        "id": 7125,
        "name": "Fruta Leche Tropical Zero. Pack de 6 DON SIMON",
        "price": 1.5,
        "price_kilo": 1.25,
        "slug": "fruta-leche-tropical-zero-pack-de-6",
        "description": "Fruta Leche Tropical Zero. Pack de 6 6 x 200 ml",
        "image": "https:\/\/cdn-consum.aktiosdigitalservices.com\/tol\/consum\/media\/product\/img\/300x300\/7197663.jpg?t=20250311105111"
    },
    {
        "id": 7130,
        "name": "Burger Angus 2 Unidades ROLER",
        "price": 3.99,
        "price_kilo": 16.63,
        "slug": "burger-angus-2-unidades",
        "description": "Burger Angus 2 Unidades 240 Gr",
        "image": "https:\/\/cdn-consum.aktiosdigitalservices.com\/tol\/consum\/media\/product\/img\/300x300\/7197833.jpg?t=20241217081038"
    },
    {
        "id": 7140,
        "name": "Fiambre Pechuga Pavo B\/G CAMPOFR\u00cdO",
        "price": 1,
        "price_kilo": 13.33,
        "slug": "fiambre-pechuga-pavo-b-g",
        "description": "Fiambre Pechuga Pavo B\/G 75 Gr",
        "image": "https:\/\/cdn-consum.aktiosdigitalservices.com\/tol\/consum\/media\/product\/img\/300x300\/7198158.jpg?t=20241217081038"
    },
    {
        "id": 7141,
        "name": "Postre de Soja Sabor Chocolate CONSUM",
        "price": 1.55,
        "price_kilo": 3.88,
        "slug": "postre-de-soja-sabor-chocolate",
        "description": "Postre de Soja Sabor Chocolate 4 x 100 Gr",
        "image": "https:\/\/cdn-consum.aktiosdigitalservices.com\/tol\/consum\/media\/product\/img\/300x300\/7198328.jpg?t=20250109095638"
    },
    {
        "id": 7148,
        "name": "Dent\u00edfrico Acci\u00f3n Completa SENSODYNE",
        "price": 4.79,
        "price_kilo": 6.39,
        "slug": "dentifrico-accion-completa",
        "description": "Dent\u00edfrico Acci\u00f3n Completa 75 ml",
        "image": "https:\/\/cdn-consum.aktiosdigitalservices.com\/tol\/consum\/media\/product\/img\/300x300\/7198901.jpg?t=20250312160226"
    },
    {
        "id": 7149,
        "name": "Cheese Burger Pack de 2 Unidades PALACIOS",
        "price": 2.99,
        "price_kilo": 11.96,
        "slug": "cheese-burger-pack-de-2-unidades",
        "description": "Cheese Burger Pack de 2 Unidades 250 Gr",
        "image": "https:\/\/cdn-consum.aktiosdigitalservices.com\/tol\/consum\/media\/product\/img\/300x300\/7199003.jpg?t=20241219080243"
    },
    {
        "id": 7152,
        "name": "Aclarante Intensivo Blonde NORDIC",
        "price": 6.45,
        "price_kilo": 6.45,
        "slug": "aclarante-intensivo-blonde",
        "description": "Aclarante Intensivo Blonde 1 U",
        "image": "https:\/\/cdn-consum.aktiosdigitalservices.com\/tol\/consum\/media\/product\/img\/300x300\/7199094.jpg?t=20250311164554"
    },
    {
        "id": 7154,
        "name": "Refresco Lim\u00f3n Original Botella SCHWEPPES",
        "price": 1.95,
        "price_kilo": 1.95,
        "slug": "refresco-limon-original-botella",
        "description": "Refresco Lim\u00f3n Original Botella 1 L",
        "image": "https:\/\/cdn-consum.aktiosdigitalservices.com\/tol\/consum\/media\/product\/img\/300x300\/7199169.jpg?t=20250314121445"
    },
    {
        "id": 7155,
        "name": "Aceituna Pelot\u00edn Sabor Anchoa BERNAL",
        "price": 2.65,
        "price_kilo": 10.6,
        "slug": "aceituna-pelotin-sabor-anchoa",
        "description": "Aceituna Pelot\u00edn Sabor Anchoa 250 Gr",
        "image": "https:\/\/cdn-consum.aktiosdigitalservices.com\/tol\/consum\/media\/product\/img\/300x300\/7199289.jpg?t=20250211075953"
    },
    {
        "id": 7162,
        "name": "Yogur Natural Azucarado Pack de 12 Unidades CONSUM",
        "price": 2.17,
        "price_kilo": 1.45,
        "slug": "yogur-natural-azucarado-pack-de-12-unidades",
        "description": "Yogur Natural Azucarado Pack de 12 Unidades 12 x 125 Gr",
        "image": "https:\/\/cdn-consum.aktiosdigitalservices.com\/tol\/consum\/media\/product\/img\/300x300\/7199623.jpg?t=20241223075954"
    },
    {
        "id": 7163,
        "name": "Yogur Natural Pack de 12 Unidades CONSUM",
        "price": 2.17,
        "price_kilo": 1.45,
        "slug": "yogur-natural-pack-de-12-unidades",
        "description": "Yogur Natural Pack de 12 Unidades 12 x 125 Gr",
        "image": "https:\/\/cdn-consum.aktiosdigitalservices.com\/tol\/consum\/media\/product\/img\/300x300\/7199636.jpg?t=20241223075956"
    },
    {
        "id": 7168,
        "name": "Taquitos de Chorizo EDIGAPA",
        "price": 1.55,
        "price_kilo": 15.5,
        "slug": "taquitos-de-chorizo",
        "description": "Taquitos de Chorizo 100 Gr",
        "image": "https:\/\/cdn-consum.aktiosdigitalservices.com\/tol\/consum\/media\/product\/img\/300x300\/7199685.jpg?t=20250312160229"
    },
    {
        "id": 7169,
        "name": "Rollo Bayeta Amarilla Multiusos CONSUM",
        "price": 1.4,
        "price_kilo": 1.4,
        "slug": "rollo-bayeta-amarilla-multiusos",
        "description": "Rollo Bayeta Amarilla Multiusos 1 U",
        "image": "https:\/\/cdn-consum.aktiosdigitalservices.com\/tol\/consum\/media\/product\/img\/300x300\/7199693.jpg?t=20250313080244"
    },
    {
        "id": 7172,
        "name": "Yogur 00% con Frutas Pack de 12 Unidades CONSUM",
        "price": 2.99,
        "price_kilo": 1.99,
        "slug": "yogur-00-con-frutas-pack-de-12-unidades",
        "description": "Yogur 00% con Frutas Pack de 12 Unidades 12 x 125 Gr",
        "image": "https:\/\/cdn-consum.aktiosdigitalservices.com\/tol\/consum\/media\/product\/img\/300x300\/7199771.jpg?t=20250312125325"
    },
    {
        "id": 7178,
        "name": "Cuajada Natural Pack de 4 Unidades CONSUM",
        "price": 1.2,
        "price_kilo": 2.4,
        "slug": "cuajada-natural-pack-de-4-unidades",
        "description": "Cuajada Natural Pack de 4 Unidades 4 x 125 Gr",
        "image": "https:\/\/cdn-consum.aktiosdigitalservices.com\/tol\/consum\/media\/product\/img\/300x300\/7200061.jpg?t=20241217081039"
    },
    {
        "id": 7185,
        "name": "Filete de Caballa Sur Aceite de Oliva PESASUR",
        "price": 2.75,
        "price_kilo": 34.38,
        "slug": "filete-de-caballa-sur-aceite-de-oliva",
        "description": "Filete de Caballa Sur Aceite de Oliva 80 Gr",
        "image": "https:\/\/cdn-consum.aktiosdigitalservices.com\/tol\/consum\/media\/product\/img\/300x300\/7200199.jpg?t=20250227091356"
    },
    {
        "id": 7187,
        "name": "Huevas de Islandia Negras ROYAL",
        "price": 2.35,
        "price_kilo": 47,
        "slug": "huevas-de-islandia-negras",
        "description": "Huevas de Islandia Negras 50 Gr",
        "image": "https:\/\/cdn-consum.aktiosdigitalservices.com\/tol\/consum\/media\/product\/img\/300x300\/7200277.jpg?t=20250221075949"
    },
    {
        "id": 7189,
        "name": "Tinte 7.5 Rubio Dorado Caramelo PALETTE",
        "price": 4.79,
        "price_kilo": 4.79,
        "slug": "tinte-75-rubio-dorado-caramelo",
        "description": "Tinte 7.5 Rubio Dorado Caramelo 1 U",
        "image": "https:\/\/cdn-consum.aktiosdigitalservices.com\/tol\/consum\/media\/product\/img\/300x300\/7200322.jpg?t=20250206091934"
    },
    {
        "id": 7190,
        "name": "Desodorante Roll-On Fresh BYLY",
        "price": 2.2,
        "price_kilo": 4.4,
        "slug": "desodorante-roll-on-fresh",
        "description": "Desodorante Roll-On Fresh 50 ml",
        "image": "https:\/\/cdn-consum.aktiosdigitalservices.com\/tol\/consum\/media\/product\/img\/300x300\/7200327.jpg?t=20250304110311"
    },
    {
        "id": 7197,
        "name": "Chorizo Ib\u00e9rico Lonchas NAVIDUL",
        "price": 1,
        "price_kilo": 2.5,
        "slug": "chorizo-iberico-lonchas",
        "description": "Chorizo Ib\u00e9rico Lonchas 40 Gr",
        "image": "https:\/\/cdn-consum.aktiosdigitalservices.com\/tol\/consum\/media\/product\/img\/300x300\/7200629.jpg?t=20250131075819"
    },
    {
        "id": 7198,
        "name": "Salchich\u00f3n Ib\u00e9rico Lonchas NAVIDUL",
        "price": 1,
        "price_kilo": 2.5,
        "slug": "salchichon-iberico-lonchas",
        "description": "Salchich\u00f3n Ib\u00e9rico Lonchas 40 Gr",
        "image": "https:\/\/cdn-consum.aktiosdigitalservices.com\/tol\/consum\/media\/product\/img\/300x300\/7200632.jpg?t=20250131075820"
    },
    {
        "id": 7199,
        "name": "Salami Extra Lonchas REVILLA",
        "price": 1,
        "price_kilo": 15.38,
        "slug": "salami-extra-lonchas",
        "description": "Salami Extra Lonchas 65 Gr",
        "image": "https:\/\/cdn-consum.aktiosdigitalservices.com\/tol\/consum\/media\/product\/img\/300x300\/7200645.jpg?t=20241217081039"
    },
    {
        "id": 7205,
        "name": "Donuts Glace 4 Unidades DONUTS",
        "price": 2.89,
        "price_kilo": 13.89,
        "slug": "donuts-glace-4-unidades",
        "description": "Donuts Glace 4 Unidades 208 Gr",
        "image": "https:\/\/cdn-consum.aktiosdigitalservices.com\/tol\/consum\/media\/product\/img\/300x300\/7201101.jpg?t=20250311105123"
    },
    {
        "id": 7206,
        "name": "Ampollas Rescate Color Fuerza y Brillo PANTENE",
        "price": 4.45,
        "price_kilo": 1.48,
        "slug": "ampollas-rescate-color-fuerza-y-brillo",
        "description": "Ampollas Rescate Color Fuerza y Brillo 15 ml",
        "image": "https:\/\/cdn-consum.aktiosdigitalservices.com\/tol\/consum\/media\/product\/img\/300x300\/7201291.jpg?t=20250321075838"
    },
    {
        "id": 7210,
        "name": "Ampollas Flash Belleza Acci\u00f3n Inmediata KYREY",
        "price": 2.15,
        "price_kilo": 1.08,
        "slug": "ampollas-flash-belleza-accion-inmediata",
        "description": "Ampollas Flash Belleza Acci\u00f3n Inmediata 2 U",
        "image": "https:\/\/cdn-consum.aktiosdigitalservices.com\/tol\/consum\/media\/product\/img\/300x300\/7201734.jpg?t=20250311164554"
    },
    {
        "id": 7214,
        "name": "Stick Mini Fuet CAMPOFR\u00cdO",
        "price": 1.3,
        "price_kilo": 26,
        "slug": "stick-mini-fuet",
        "description": "Stick Mini Fuet 50 Gr",
        "image": "https:\/\/cdn-consum.aktiosdigitalservices.com\/tol\/consum\/media\/product\/img\/300x300\/7201908.jpg?t=20250312160232"
    },
    {
        "id": 7216,
        "name": "Galleta Mikado con Chocoleche LU",
        "price": 2.25,
        "price_kilo": 30,
        "slug": "galleta-mikado-con-chocoleche",
        "description": "Galleta Mikado con Chocoleche 75 Gr",
        "image": "https:\/\/cdn-consum.aktiosdigitalservices.com\/tol\/consum\/media\/product\/img\/300x300\/7202034.jpg?t=20250312160234"
    },
    {
        "id": 7222,
        "name": "Bolsas de Bocadillo CONSUM",
        "price": 1.25,
        "price_kilo": 0.03,
        "slug": "bolsas-de-bocadillo",
        "description": "Bolsas de Bocadillo 40 U",
        "image": "https:\/\/cdn-consum.aktiosdigitalservices.com\/tol\/consum\/media\/product\/img\/300x300\/7202505.jpg?t=20241217081040"
    },
    {
        "id": 7223,
        "name": "Bolsa Congelaci\u00f3n Mediana CONSUM",
        "price": 1,
        "price_kilo": 0.03,
        "slug": "bolsa-congelacion-mediana",
        "description": "Bolsa Congelaci\u00f3n Mediana 40 U",
        "image": "https:\/\/cdn-consum.aktiosdigitalservices.com\/tol\/consum\/media\/product\/img\/300x300\/7202518.jpg?t=20241217081040"
    },
    {
        "id": 7224,
        "name": "Bayeta Multiusos Suave Colores CONSUM",
        "price": 0.84,
        "price_kilo": 0.14,
        "slug": "bayeta-multiusos-suave-colores",
        "description": "Bayeta Multiusos Suave Colores 6 U",
        "image": "https:\/\/cdn-consum.aktiosdigitalservices.com\/tol\/consum\/media\/product\/img\/300x300\/7202534.jpg?t=20241217081040"
    },
    {
        "id": 7236,
        "name": "Ajos Tiernos congelados COCINARTE",
        "price": 1.99,
        "price_kilo": 6.63,
        "slug": "ajos-tiernos-congelados",
        "description": "Ajos Tiernos congelados 300 Gr",
        "image": "https:\/\/cdn-consum.aktiosdigitalservices.com\/tol\/consum\/media\/product\/img\/300x300\/7203297.jpg?t=20250103080959"
    },
    {
        "id": 7246,
        "name": "Pizza Carbonara Masa Fina CONSUM",
        "price": 2.9,
        "price_kilo": 7.25,
        "slug": "pizza-carbonara-masa-fina",
        "description": "Pizza Carbonara Masa Fina 400 Gr",
        "image": "https:\/\/cdn-consum.aktiosdigitalservices.com\/tol\/consum\/media\/product\/img\/300x300\/7203813.jpg?t=20241217081040"
    },
    {
        "id": 7247,
        "name": "Pizza Pollo Masa R\u00fastica al Horno de Piedra CONSUM",
        "price": 2.9,
        "price_kilo": 7.25,
        "slug": "pizza-pollo-masa-rustica-al-horno-de-piedra",
        "description": "Pizza Pollo Masa R\u00fastica al Horno de Piedra 400 Gr",
        "image": "https:\/\/cdn-consum.aktiosdigitalservices.com\/tol\/consum\/media\/product\/img\/300x300\/7203818.jpg?t=20241217081040"
    },
    {
        "id": 7249,
        "name": "Galleta Choco Flakes CUETARA",
        "price": 3.89,
        "price_kilo": 7.48,
        "slug": "galleta-choco-flakes",
        "description": "Galleta Choco Flakes 520 Gr",
        "image": "https:\/\/cdn-consum.aktiosdigitalservices.com\/tol\/consum\/media\/product\/img\/300x300\/7204431.jpg?t=20250312160236"
    },
    {
        "id": 7251,
        "name": "Lasa\u00f1a congelada Cuatro Quesos MAHESO",
        "price": 2.89,
        "price_kilo": 10.32,
        "slug": "lasana-congelada-cuatro-quesos",
        "description": "Lasa\u00f1a congelada Cuatro Quesos 280 Gr",
        "image": "https:\/\/cdn-consum.aktiosdigitalservices.com\/tol\/consum\/media\/product\/img\/300x300\/7204923.jpg?t=20250321075842"
    },
    {
        "id": 7254,
        "name": "Puntilla Enharinada congelada COCINARTE",
        "price": 3.49,
        "price_kilo": 11.63,
        "slug": "puntilla-enharinada-congelada",
        "description": "Puntilla Enharinada congelada 300 Gr",
        "image": "https:\/\/cdn-consum.aktiosdigitalservices.com\/tol\/consum\/media\/product\/img\/300x300\/7204964.jpg?t=20241217081040"
    },
    {
        "id": 7267,
        "name": "Pila Alcalina MINI A23 Pack de 1 unidad ENERGIZER",
        "price": 1.99,
        "price_kilo": 1.99,
        "slug": "pila-alcalina-mini-a23-pack-de-1-unidad",
        "description": "Pila Alcalina MINI A23 Pack de 1 unidad 1 U",
        "image": "https:\/\/cdn-consum.aktiosdigitalservices.com\/tol\/consum\/media\/product\/img\/300x300\/7205565.jpg?t=20241217081040"
    },
    {
        "id": 7278,
        "name": "Cereales Lion Caramelo y Chocolate NESTLE",
        "price": 3.99,
        "price_kilo": 9.98,
        "slug": "cereales-lion-caramelo-y-chocolate",
        "description": "Cereales Lion Caramelo y Chocolate 400 Gr",
        "image": "https:\/\/cdn-consum.aktiosdigitalservices.com\/tol\/consum\/media\/product\/img\/300x300\/7207074.jpg?t=20250313080252"
    },
    {
        "id": 7280,
        "name": "Pizza Jam\u00f3n y Queso & Salsa CAMPOFR\u00cdO",
        "price": 2.89,
        "price_kilo": 8.03,
        "slug": "pizza-jamon-y-queso-salsa",
        "description": "Pizza Jam\u00f3n y Queso & Salsa 360 Gr",
        "image": "https:\/\/cdn-consum.aktiosdigitalservices.com\/tol\/consum\/media\/product\/img\/300x300\/7207343.jpg?t=20250204080522"
    },
    {
        "id": 7281,
        "name": "Mozzarella GALBANI",
        "price": 1.49,
        "price_kilo": 14.9,
        "slug": "mozzarella",
        "description": "Mozzarella 100 Gr",
        "image": "https:\/\/cdn-consum.aktiosdigitalservices.com\/tol\/consum\/media\/product\/img\/300x300\/7207371.jpg?t=20250211080000"
    },
    {
        "id": 7285,
        "name": "Snacks para Gatos Catisfaction sabor Salm\u00f3n MARS",
        "price": 1.99,
        "price_kilo": 33.17,
        "slug": "snacks-para-gatos-catisfaction-sabor-salmon",
        "description": "Snacks para Gatos Catisfaction sabor Salm\u00f3n 60 Gr",
        "image": "https:\/\/cdn-consum.aktiosdigitalservices.com\/tol\/consum\/media\/product\/img\/300x300\/7207579.jpg?t=20250207075946"
    },
    {
        "id": 7290,
        "name": "Limpiador Gel WC Oce\u00e1nico CONSUM",
        "price": 1.15,
        "price_kilo": 1.15,
        "slug": "limpiador-gel-wc-oceanico",
        "description": "Limpiador Gel WC Oce\u00e1nico 1 L",
        "image": "https:\/\/cdn-consum.aktiosdigitalservices.com\/tol\/consum\/media\/product\/img\/300x300\/7208155.jpg?t=20241217081042"
    },
    {
        "id": 7295,
        "name": "Sobrasada Mallorca Loncheada EL ZAGAL",
        "price": 1.25,
        "price_kilo": 19.23,
        "slug": "sobrasada-mallorca-loncheada",
        "description": "Sobrasada Mallorca Loncheada 65 Gr",
        "image": "https:\/\/cdn-consum.aktiosdigitalservices.com\/tol\/consum\/media\/product\/img\/300x300\/7208502.jpg?t=20250227091438"
    },
    {
        "id": 7296,
        "name": "Fiambre Pechuga Pollo B\/G Lonchas CAMPOFR\u00cdO",
        "price": 1,
        "price_kilo": 12.5,
        "slug": "fiambre-pechuga-pollo-b-g-lonchas",
        "description": "Fiambre Pechuga Pollo B\/G Lonchas 80 Gr",
        "image": "https:\/\/cdn-consum.aktiosdigitalservices.com\/tol\/consum\/media\/product\/img\/300x300\/7208523.jpg?t=20241217081042"
    },
    {
        "id": 7304,
        "name": "Leche sin Lactosa Desnatada Brik CONSUM",
        "price": 0.9,
        "price_kilo": 0.9,
        "slug": "leche-sin-lactosa-desnatada-brik",
        "description": "Leche sin Lactosa Desnatada Brik 1 L",
        "image": "https:\/\/cdn-consum.aktiosdigitalservices.com\/tol\/consum\/media\/product\/img\/300x300\/7208874.jpg?t=20250311105200"
    },
    {
        "id": 7305,
        "name": "Tomate con Pimiento Verde Lata HIDA",
        "price": 1.35,
        "price_kilo": 3.38,
        "slug": "tomate-con-pimiento-verde-lata",
        "description": "Tomate con Pimiento Verde Lata 400 Gr",
        "image": "https:\/\/cdn-consum.aktiosdigitalservices.com\/tol\/consum\/media\/product\/img\/300x300\/7209302.jpg?t=20241217081042"
    },
    {
        "id": 7306,
        "name": "Bayeta Posavajillas Antibacterias Decorada CONSUM",
        "price": 1.35,
        "price_kilo": 1.35,
        "slug": "bayeta-posavajillas-antibacterias-decorada",
        "description": "Bayeta Posavajillas Antibacterias Decorada 1 U",
        "image": "https:\/\/cdn-consum.aktiosdigitalservices.com\/tol\/consum\/media\/product\/img\/300x300\/7209377.jpg?t=20241217081042"
    },
    {
        "id": 7310,
        "name": "Estropajos Acero Inox CONSUM",
        "price": 0.75,
        "price_kilo": 0.25,
        "slug": "estropajos-acero-inox",
        "description": "Estropajos Acero Inox 3 U",
        "image": "https:\/\/cdn-consum.aktiosdigitalservices.com\/tol\/consum\/media\/product\/img\/300x300\/7209901.jpg?t=20241217081042"
    },
    {
        "id": 7311,
        "name": "Bebida de Pi\u00f1a Sin Az\u00facares A\u00f1adidos CONSUM",
        "price": 1,
        "price_kilo": 1,
        "slug": "bebida-de-pina-sin-azucares-anadidos",
        "description": "Bebida de Pi\u00f1a Sin Az\u00facares A\u00f1adidos 1 L",
        "image": "https:\/\/cdn-consum.aktiosdigitalservices.com\/tol\/consum\/media\/product\/img\/300x300\/7209922.jpg?t=20250205080145"
    },
    {
        "id": 7312,
        "name": "Bebida de Naranja Sin Az\u00facares A\u00f1adidos CONSUM",
        "price": 1.05,
        "price_kilo": 1.05,
        "slug": "bebida-de-naranja-sin-azucares-anadidos",
        "description": "Bebida de Naranja Sin Az\u00facares A\u00f1adidos 1 L",
        "image": "https:\/\/cdn-consum.aktiosdigitalservices.com\/tol\/consum\/media\/product\/img\/300x300\/7209927.jpg?t=20250311105201"
    },
    {
        "id": 7314,
        "name": "Bebida Mango Manzana Sin Az\u00facares A\u00f1adidos CONSUM",
        "price": 1.1,
        "price_kilo": 1.1,
        "slug": "bebida-mango-manzana-sin-azucares-anadidos",
        "description": "Bebida Mango Manzana Sin Az\u00facares A\u00f1adidos 1 L",
        "image": "https:\/\/cdn-consum.aktiosdigitalservices.com\/tol\/consum\/media\/product\/img\/300x300\/7209943.jpg?t=20241217081042"
    },
    {
        "id": 7316,
        "name": "Bebida Frutos Rojos Sin Az\u00facares A\u00f1adidos CONSUM",
        "price": 1.49,
        "price_kilo": 1.49,
        "slug": "bebida-frutos-rojos-sin-azucares-anadidos",
        "description": "Bebida Frutos Rojos Sin Az\u00facares A\u00f1adidos 1 L",
        "image": "https:\/\/cdn-consum.aktiosdigitalservices.com\/tol\/consum\/media\/product\/img\/300x300\/7209950.jpg?t=20250115080105"
    },
    {
        "id": 7317,
        "name": "Zumo Exprimido Naranja Sin pulpa - Brik CONSUM",
        "price": 1.75,
        "price_kilo": 1.75,
        "slug": "zumo-exprimido-naranja-sin-pulpa---brik",
        "description": "Zumo Exprimido Naranja Sin pulpa - Brik 1 L",
        "image": "https:\/\/cdn-consum.aktiosdigitalservices.com\/tol\/consum\/media\/product\/img\/300x300\/7209984.jpg?t=20241217081042"
    },
    {
        "id": 7319,
        "name": "Compresa Incontinencia Normal Discreet INDASEC",
        "price": 5.99,
        "price_kilo": 0.25,
        "slug": "compresa-incontinencia-normal-discreet",
        "description": "Compresa Incontinencia Normal Discreet 24 U",
        "image": "https:\/\/cdn-consum.aktiosdigitalservices.com\/tol\/consum\/media\/product\/img\/300x300\/7210086.jpg?t=20250314121449"
    },
    {
        "id": 7320,
        "name": "Compresa Incontinencia Extra Discreet INDASEC",
        "price": 5.99,
        "price_kilo": 0.3,
        "slug": "compresa-incontinencia-extra-discreet",
        "description": "Compresa Incontinencia Extra Discreet 20 U",
        "image": "https:\/\/cdn-consum.aktiosdigitalservices.com\/tol\/consum\/media\/product\/img\/300x300\/7210094.jpg?t=20250314121451"
    },
    {
        "id": 7328,
        "name": "Pechuga de Pavo Bonnatur ARGAL",
        "price": 2.49,
        "price_kilo": 21.65,
        "slug": "pechuga-de-pavo-bonnatur",
        "description": "Pechuga de Pavo Bonnatur 115 Gr",
        "image": "https:\/\/cdn-consum.aktiosdigitalservices.com\/tol\/consum\/media\/product\/img\/300x300\/7210750.jpg?t=20250227091451"
    },
    {
        "id": 7331,
        "name": "Loci\u00f3n Corporal en Gel Aloe Vera KYREY",
        "price": 3.65,
        "price_kilo": 0.96,
        "slug": "locion-corporal-en-gel-aloe-vera",
        "description": "Loci\u00f3n Corporal en Gel Aloe Vera 380 ml",
        "image": "https:\/\/cdn-consum.aktiosdigitalservices.com\/tol\/consum\/media\/product\/img\/300x300\/7210784.jpg?t=20241217081043"
    },
    {
        "id": 7336,
        "name": "Fresh Cream Nata Fresca PRESIDENT",
        "price": 2.7,
        "price_kilo": 13.5,
        "slug": "fresh-cream-nata-fresca",
        "description": "Fresh Cream Nata Fresca 200 Gr",
        "image": "https:\/\/cdn-consum.aktiosdigitalservices.com\/tol\/consum\/media\/product\/img\/300x300\/7210909.jpg?t=20250206092041"
    },
    {
        "id": 7337,
        "name": "Magdalenas Estilo Casero DULCESOL",
        "price": 2.69,
        "price_kilo": 8.97,
        "slug": "magdalenas-estilo-casero",
        "description": "Magdalenas Estilo Casero 300 Gr",
        "image": "https:\/\/cdn-consum.aktiosdigitalservices.com\/tol\/consum\/media\/product\/img\/300x300\/7210917.jpg?t=20250311105203"
    },
    {
        "id": 7341,
        "name": "Snacks Perros Funtastix FRISKIES",
        "price": 2.35,
        "price_kilo": 13.43,
        "slug": "snacks-perros-funtastix",
        "description": "Snacks Perros Funtastix 175 Gr",
        "image": "https:\/\/cdn-consum.aktiosdigitalservices.com\/tol\/consum\/media\/product\/img\/300x300\/7211068.jpg?t=20250227091457"
    },
    {
        "id": 7356,
        "name": "Muslitos de Mar para Cocinar en Horno congelados PESCANOVA",
        "price": 2.65,
        "price_kilo": 10.6,
        "slug": "muslitos-de-mar-para-cocinar-en-horno-congelados",
        "description": "Muslitos de Mar para Cocinar en Horno congelados 250 Gr",
        "image": "https:\/\/cdn-consum.aktiosdigitalservices.com\/tol\/consum\/media\/product\/img\/300x300\/7211923.jpg?t=20250301075826"
    },
    {
        "id": 7359,
        "name": "Champ\u00fa Cabellos Blancos NELLY",
        "price": 2.29,
        "price_kilo": 0.92,
        "slug": "champu-cabellos-blancos",
        "description": "Champ\u00fa Cabellos Blancos 250 ml",
        "image": "https:\/\/cdn-consum.aktiosdigitalservices.com\/tol\/consum\/media\/product\/img\/300x300\/7212066.jpg?t=20241217081043"
    },
    {
        "id": 7364,
        "name": "Vino Blanco Verdejo D.O.Rueda PATA NEGRA",
        "price": 4.99,
        "price_kilo": 6.65,
        "slug": "vino-blanco-verdejo-dorueda",
        "description": "Vino Blanco Verdejo D.O.Rueda 0,75 L",
        "image": "https:\/\/cdn-consum.aktiosdigitalservices.com\/tol\/consum\/media\/product\/img\/300x300\/7212327.jpg?t=20250311124417"
    },
    {
        "id": 7365,
        "name": "Galleta Rellena Chocolate Pr\u00edncipe LU",
        "price": 2.3,
        "price_kilo": 7.67,
        "slug": "galleta-rellena-chocolate-principe",
        "description": "Galleta Rellena Chocolate Pr\u00edncipe 300 Gr",
        "image": "https:\/\/cdn-consum.aktiosdigitalservices.com\/tol\/consum\/media\/product\/img\/300x300\/7212335.jpg?t=20250311105208"
    },
    {
        "id": 7368,
        "name": "Spaghetti Pasta Fina Paquete GALLO",
        "price": 1.41,
        "price_kilo": 3.53,
        "slug": "spaghetti-pasta-fina-paquete",
        "description": "Spaghetti Pasta Fina Paquete 400 Gr",
        "image": "https:\/\/cdn-consum.aktiosdigitalservices.com\/tol\/consum\/media\/product\/img\/300x300\/7212483.jpg?t=20250319075843"
    },
    {
        "id": 7382,
        "name": "Jam\u00f3n Cocido Delizias NOEL",
        "price": 2.35,
        "price_kilo": 19.58,
        "slug": "jamon-cocido-delizias",
        "description": "Jam\u00f3n Cocido Delizias 120 Gr",
        "image": "https:\/\/cdn-consum.aktiosdigitalservices.com\/tol\/consum\/media\/product\/img\/300x300\/7213304.jpg?t=20250206092109"
    },
    {
        "id": 7383,
        "name": "Refresco Cola Cero Lata CONSUM",
        "price": 0.33,
        "price_kilo": 1,
        "slug": "refresco-cola-cero-lata",
        "description": "Refresco Cola Cero Lata 0,33 L",
        "image": "https:\/\/cdn-consum.aktiosdigitalservices.com\/tol\/consum\/media\/product\/img\/300x300\/7213312.jpg?t=20250311164555"
    },
    {
        "id": 7384,
        "name": "Cola Cero sin Cafe\u00edna Lata CONSUM",
        "price": 0.33,
        "price_kilo": 1,
        "slug": "cola-cero-sin-cafeina-lata",
        "description": "Cola Cero sin Cafe\u00edna Lata 0,33 L",
        "image": "https:\/\/cdn-consum.aktiosdigitalservices.com\/tol\/consum\/media\/product\/img\/300x300\/7213320.jpg?t=20241217081044"
    },
    {
        "id": 7385,
        "name": "Refresco Bitter Lata CONSUM",
        "price": 0.49,
        "price_kilo": 1.96,
        "slug": "refresco-bitter-lata",
        "description": "Refresco Bitter Lata 0,25 L",
        "image": "https:\/\/cdn-consum.aktiosdigitalservices.com\/tol\/consum\/media\/product\/img\/300x300\/7213325.jpg?t=20241217081044"
    },
    {
        "id": 7398,
        "name": "Activia 0% Cremoso Frutas Silvestres Pack 4 DANONE",
        "price": 2.39,
        "price_kilo": 5.2,
        "slug": "activia-0-cremoso-frutas-silvestres-pack-4",
        "description": "Activia 0% Cremoso Frutas Silvestres Pack 4 4 x 120 Gr",
        "image": "https:\/\/cdn-consum.aktiosdigitalservices.com\/tol\/consum\/media\/product\/img\/300x300\/7213721.jpg?t=20250304110507"
    },
    {
        "id": 7401,
        "name": "Activia Cremoso Sabor Lima Lim\u00f3n DANONE",
        "price": 2.39,
        "price_kilo": 5.2,
        "slug": "activia-cremoso-sabor-lima-limon",
        "description": "Activia Cremoso Sabor Lima Lim\u00f3n 4 x 115 Gr",
        "image": "https:\/\/cdn-consum.aktiosdigitalservices.com\/tol\/consum\/media\/product\/img\/300x300\/7213742.jpg?t=20250304110512"
    },
    {
        "id": 7407,
        "name": "Mascarpone GALBANI",
        "price": 3.76,
        "price_kilo": 15.04,
        "slug": "mascarpone",
        "description": "Mascarpone 250 Gr",
        "image": "https:\/\/cdn-consum.aktiosdigitalservices.com\/tol\/consum\/media\/product\/img\/300x300\/7213866.jpg?t=20250206092118"
    },
    {
        "id": 7419,
        "name": "Filetes de Melva Aceite de Oliva PESASUR",
        "price": 4.19,
        "price_kilo": 52.38,
        "slug": "filetes-de-melva-aceite-de-oliva",
        "description": "Filetes de Melva Aceite de Oliva 80 Gr",
        "image": "https:\/\/cdn-consum.aktiosdigitalservices.com\/tol\/consum\/media\/product\/img\/300x300\/7214427.jpg?t=20250227091537"
    },
    {
        "id": 7421,
        "name": "Vino Tinto Reserva D.O.Valencia MURVIEDRO",
        "price": 4.39,
        "price_kilo": 5.85,
        "slug": "vino-tinto-reserva-dovalencia",
        "description": "Vino Tinto Reserva D.O.Valencia 0,75 L",
        "image": "https:\/\/cdn-consum.aktiosdigitalservices.com\/tol\/consum\/media\/product\/img\/300x300\/7214620.jpg?t=20250225075941"
    },
    {
        "id": 7426,
        "name": "Enjuague Bucal Dientes y Enc\u00edas Sens. KYREY",
        "price": 1.9,
        "price_kilo": 0.38,
        "slug": "enjuague-bucal-dientes-y-encias-sens",
        "description": "Enjuague Bucal Dientes y Enc\u00edas Sens. 500 ml",
        "image": "https:\/\/cdn-consum.aktiosdigitalservices.com\/tol\/consum\/media\/product\/img\/300x300\/7214989.jpg?t=20241217081044"
    },
    {
        "id": 7427,
        "name": "Seta Shiitake Bandeja ",
        "price": 2.09,
        "price_kilo": 13.93,
        "slug": "seta-shiitake-bandeja",
        "description": "Seta Shiitake Bandeja 150 Gr",
        "image": "https:\/\/cdn-consum.aktiosdigitalservices.com\/tol\/consum\/media\/product\/img\/300x300\/7215002.jpg?t=20250319080110"
    },
    {
        "id": 7430,
        "name": "Agua Micelar GARNIER",
        "price": 4.99,
        "price_kilo": 1.25,
        "slug": "agua-micelar",
        "description": "Agua Micelar 400 ml",
        "image": "https:\/\/cdn-consum.aktiosdigitalservices.com\/tol\/consum\/media\/product\/img\/300x300\/7215143.jpg?t=20250214075825"
    },
    {
        "id": 7435,
        "name": "Protector T\u00e9rmico NELLY",
        "price": 2.99,
        "price_kilo": 1.5,
        "slug": "protector-termico",
        "description": "Protector T\u00e9rmico 200 ml",
        "image": "https:\/\/cdn-consum.aktiosdigitalservices.com\/tol\/consum\/media\/product\/img\/300x300\/7215358.jpg?t=20241217081045"
    },
    {
        "id": 7437,
        "name": "Tomate Frito Brik SOLIS",
        "price": 0.89,
        "price_kilo": 2.54,
        "slug": "tomate-frito-brik",
        "description": "Tomate Frito Brik 350 Gr",
        "image": "https:\/\/cdn-consum.aktiosdigitalservices.com\/tol\/consum\/media\/product\/img\/300x300\/7215416.jpg?t=20241217081045"
    },
    {
        "id": 7439,
        "name": "Compresa Normal Alas F&S EVAX",
        "price": 1.49,
        "price_kilo": 0.12,
        "slug": "compresa-normal-alas-fs",
        "description": "Compresa Normal Alas F&S 12 U",
        "image": "https:\/\/cdn-consum.aktiosdigitalservices.com\/tol\/consum\/media\/product\/img\/300x300\/7215499.jpg?t=20241217081045"
    },
    {
        "id": 7450,
        "name": "R\u00facula Bolsa CONSUM",
        "price": 0.83,
        "price_kilo": 16.6,
        "slug": "rucula-bolsa",
        "description": "R\u00facula Bolsa 50 Gr",
        "image": "https:\/\/cdn-consum.aktiosdigitalservices.com\/tol\/consum\/media\/product\/img\/300x300\/7216125.jpg?t=20250121080236"
    },
    {
        "id": 7456,
        "name": "T\u00e9 Chai 20 Bolsitas HORNIMANS",
        "price": 2.99,
        "price_kilo": 0.15,
        "slug": "te-chai-20-bolsitas",
        "description": "T\u00e9 Chai 20 Bolsitas 20 U",
        "image": "https:\/\/cdn-consum.aktiosdigitalservices.com\/tol\/consum\/media\/product\/img\/300x300\/7216455.jpg?t=20250311105232"
    },
    {
        "id": 7457,
        "name": "Chocolate con Chips Ahoy MILKA",
        "price": 1.99,
        "price_kilo": 19.9,
        "slug": "chocolate-con-chips-ahoy",
        "description": "Chocolate con Chips Ahoy 100 Gr",
        "image": "https:\/\/cdn-consum.aktiosdigitalservices.com\/tol\/consum\/media\/product\/img\/300x300\/7216489.jpg?t=20250312160256"
    },
    {
        "id": 7460,
        "name": "Cuajada de Oveja GOSHUA",
        "price": 1.65,
        "price_kilo": 11.79,
        "slug": "cuajada-de-oveja",
        "description": "Cuajada de Oveja 140 Gr",
        "image": "https:\/\/cdn-consum.aktiosdigitalservices.com\/tol\/consum\/media\/product\/img\/300x300\/7216539.jpg?t=20250227091603"
    },
    {
        "id": 7463,
        "name": "Higi\u00e9nico Doble Capa Compacto CONSUM",
        "price": 2.4,
        "price_kilo": 0.4,
        "slug": "higienico-doble-capa-compacto",
        "description": "Higi\u00e9nico Doble Capa Compacto 6 U",
        "image": "https:\/\/cdn-consum.aktiosdigitalservices.com\/tol\/consum\/media\/product\/img\/300x300\/7216661.jpg?t=20241217081045"
    },
    {
        "id": 7464,
        "name": "Higi\u00e9nico Doble Capa Compacto CONSUM",
        "price": 4.7,
        "price_kilo": 0.39,
        "slug": "higienico-doble-capa-compacto",
        "description": "Higi\u00e9nico Doble Capa Compacto 12 U",
        "image": "https:\/\/cdn-consum.aktiosdigitalservices.com\/tol\/consum\/media\/product\/img\/300x300\/7216666.jpg?t=20241217081045"
    },
    {
        "id": 7468,
        "name": "Bolsas Reutilizables Multiusos Zip Peque\u00f1a CONSUM",
        "price": 1.4,
        "price_kilo": 0.07,
        "slug": "bolsas-reutilizables-multiusos-zip-pequena",
        "description": "Bolsas Reutilizables Multiusos Zip Peque\u00f1a 20 U",
        "image": "https:\/\/cdn-consum.aktiosdigitalservices.com\/tol\/consum\/media\/product\/img\/300x300\/7216794.jpg?t=20241217081045"
    },
    {
        "id": 7476,
        "name": "Vino Tinto Joven D.O.Mancha CARLADES",
        "price": 1.3,
        "price_kilo": 1.73,
        "slug": "vino-tinto-joven-domancha",
        "description": "Vino Tinto Joven D.O.Mancha 0,75 L",
        "image": "https:\/\/cdn-consum.aktiosdigitalservices.com\/tol\/consum\/media\/product\/img\/300x300\/7217123.jpg?t=20250129075904"
    },
    {
        "id": 7481,
        "name": "Desodorante Stick Barra Dermo Protector SANEX",
        "price": 3.39,
        "price_kilo": 5.22,
        "slug": "desodorante-stick-barra-dermo-protector",
        "description": "Desodorante Stick Barra Dermo Protector 65 ml",
        "image": "https:\/\/cdn-consum.aktiosdigitalservices.com\/tol\/consum\/media\/product\/img\/300x300\/7217490.jpg?t=20250227091632"
    },
    {
        "id": 7487,
        "name": "Pizza congelada Ristorante Spinaci RISTORANTE",
        "price": 3.89,
        "price_kilo": 9.97,
        "slug": "pizza-congelada-ristorante-spinaci",
        "description": "Pizza congelada Ristorante Spinaci 390 Gr",
        "image": "https:\/\/cdn-consum.aktiosdigitalservices.com\/tol\/consum\/media\/product\/img\/300x300\/7217656.jpg?t=20250227091636"
    },
    {
        "id": 7488,
        "name": "Pizza congelada Ristorante Barbacoa RISTORANTE",
        "price": 3.89,
        "price_kilo": 11.44,
        "slug": "pizza-congelada-ristorante-barbacoa",
        "description": "Pizza congelada Ristorante Barbacoa 340 Gr",
        "image": "https:\/\/cdn-consum.aktiosdigitalservices.com\/tol\/consum\/media\/product\/img\/300x300\/7217669.jpg?t=20250227091639"
    },
    {
        "id": 7489,
        "name": "Tinte Rubio Medio Tofee PALETTE",
        "price": 4.79,
        "price_kilo": 4.79,
        "slug": "tinte-rubio-medio-tofee",
        "description": "Tinte Rubio Medio Tofee 1 U",
        "image": "https:\/\/cdn-consum.aktiosdigitalservices.com\/tol\/consum\/media\/product\/img\/300x300\/7217763.jpg?t=20250312160259"
    },
    {
        "id": 7492,
        "name": "Servilletas 2 Capas Decoradas 33x32 CONSUM",
        "price": 2.2,
        "price_kilo": 0.02,
        "slug": "servilletas-2-capas-decoradas-33x32",
        "description": "Servilletas 2 Capas Decoradas 33x32 100 U",
        "image": "https:\/\/cdn-consum.aktiosdigitalservices.com\/tol\/consum\/media\/product\/img\/300x300\/7217920.jpg?t=20241217081046"
    },
    {
        "id": 7498,
        "name": "Cerveza Radler Lim\u00f3n Lata AMSTEL",
        "price": 0.79,
        "price_kilo": 2.39,
        "slug": "cerveza-radler-limon-lata",
        "description": "Cerveza Radler Lim\u00f3n Lata 0,33 L",
        "image": "https:\/\/cdn-consum.aktiosdigitalservices.com\/tol\/consum\/media\/product\/img\/300x300\/7218758.jpg?t=20250320075932"
    },
    {
        "id": 7501,
        "name": "Bebida de Avena Brik VIVESOY",
        "price": 1.99,
        "price_kilo": 1.99,
        "slug": "bebida-de-avena-brik",
        "description": "Bebida de Avena Brik 1 L",
        "image": "https:\/\/cdn-consum.aktiosdigitalservices.com\/tol\/consum\/media\/product\/img\/300x300\/7219264.jpg?t=20250313080307"
    },
    {
        "id": 7505,
        "name": "Alcachofa Baby congelada CONSUM",
        "price": 3,
        "price_kilo": 10,
        "slug": "alcachofa-baby-congelada",
        "description": "Alcachofa Baby congelada 300 Gr",
        "image": "https:\/\/cdn-consum.aktiosdigitalservices.com\/tol\/consum\/media\/product\/img\/300x300\/7219475.jpg?t=20250311164556"
    },
    {
        "id": 7506,
        "name": "Br\u00f3coli congelado CONSUM",
        "price": 2.03,
        "price_kilo": 2.26,
        "slug": "brocoli-congelado",
        "description": "Br\u00f3coli congelado 900 Gr",
        "image": "https:\/\/cdn-consum.aktiosdigitalservices.com\/tol\/consum\/media\/product\/img\/300x300\/7219483.jpg?t=20250103081106"
    },
    {
        "id": 7507,
        "name": "Habas Finas congeladas CONSUM",
        "price": 1.21,
        "price_kilo": 3.03,
        "slug": "habas-finas-congeladas",
        "description": "Habas Finas congeladas 400 Gr",
        "image": "https:\/\/cdn-consum.aktiosdigitalservices.com\/tol\/consum\/media\/product\/img\/300x300\/7219488.jpg?t=20250103081109"
    },
    {
        "id": 7508,
        "name": "Cebolla Troceada congelada CONSUM",
        "price": 1.02,
        "price_kilo": 2.55,
        "slug": "cebolla-troceada-congelada",
        "description": "Cebolla Troceada congelada 400 Gr",
        "image": "https:\/\/cdn-consum.aktiosdigitalservices.com\/tol\/consum\/media\/product\/img\/300x300\/7219491.jpg?t=20250103081112"
    },
    {
        "id": 7510,
        "name": "Alcachofa Troceada congelada CONSUM",
        "price": 2.65,
        "price_kilo": 6.63,
        "slug": "alcachofa-troceada-congelada",
        "description": "Alcachofa Troceada congelada 400 Gr",
        "image": "https:\/\/cdn-consum.aktiosdigitalservices.com\/tol\/consum\/media\/product\/img\/300x300\/7219504.jpg?t=20250207075957"
    },
    {
        "id": 7512,
        "name": "Guisantes Finos congelados CONSUM",
        "price": 1.78,
        "price_kilo": 1.78,
        "slug": "guisantes-finos-congelados",
        "description": "Guisantes Finos congelados 1 Kg",
        "image": "https:\/\/cdn-consum.aktiosdigitalservices.com\/tol\/consum\/media\/product\/img\/300x300\/7219512.jpg?t=20250103081117"
    },
    {
        "id": 7516,
        "name": "Garbanzos congelados CONSUM",
        "price": 1.22,
        "price_kilo": 3.05,
        "slug": "garbanzos-congelados",
        "description": "Garbanzos congelados 400 Gr",
        "image": "https:\/\/cdn-consum.aktiosdigitalservices.com\/tol\/consum\/media\/product\/img\/300x300\/7219566.jpg?t=20250103081120"
    },
    {
        "id": 7519,
        "name": "Bayeta Microfibra Style VILEDA",
        "price": 2.79,
        "price_kilo": 1.4,
        "slug": "bayeta-microfibra-style",
        "description": "Bayeta Microfibra Style 2 U",
        "image": "https:\/\/cdn-consum.aktiosdigitalservices.com\/tol\/consum\/media\/product\/img\/300x300\/7219707.jpg?t=20241217081046"
    },
    {
        "id": 7523,
        "name": "Barbacoa Desechable BBQ\/FOC D\u00b4OR",
        "price": 5.79,
        "price_kilo": 5.79,
        "slug": "barbacoa-desechable",
        "description": "Barbacoa Desechable 1 U",
        "image": "https:\/\/cdn-consum.aktiosdigitalservices.com\/tol\/consum\/media\/product\/img\/300x300\/7219822.jpg?t=20250311164556"
    },
    {
        "id": 7528,
        "name": "Nata L\u00edquida Cocinar Brik CONSUM",
        "price": 1.45,
        "price_kilo": 2.9,
        "slug": "nata-liquida-cocinar-brik",
        "description": "Nata L\u00edquida Cocinar Brik 500 ml",
        "image": "https:\/\/cdn-consum.aktiosdigitalservices.com\/tol\/consum\/media\/product\/img\/300x300\/7219954.jpg?t=20250311105250"
    },
    {
        "id": 7535,
        "name": "Ensalada Pasta y R\u00facula Completa FLORETTE",
        "price": 3.35,
        "price_kilo": 10.31,
        "slug": "ensalada-pasta-y-rucula-completa",
        "description": "Ensalada Pasta y R\u00facula Completa 325 Gr",
        "image": "https:\/\/cdn-consum.aktiosdigitalservices.com\/tol\/consum\/media\/product\/img\/300x300\/7220221.jpg?t=20250311105252"
    },
    {
        "id": 7537,
        "name": "Tomate Frito Artesanal Frasco LAS CORONAS",
        "price": 1.85,
        "price_kilo": 6.17,
        "slug": "tomate-frito-artesanal-frasco",
        "description": "Tomate Frito Artesanal Frasco 300 Gr",
        "image": "https:\/\/cdn-consum.aktiosdigitalservices.com\/tol\/consum\/media\/product\/img\/300x300\/7220515.jpg?t=20250320075933"
    },
    {
        "id": 7538,
        "name": "Jud\u00edas Plana Troceada congeladas CONSUM",
        "price": 1.62,
        "price_kilo": 1.62,
        "slug": "judias-plana-troceada-congeladas",
        "description": "Jud\u00edas Plana Troceada congeladas 1 Kg",
        "image": "https:\/\/cdn-consum.aktiosdigitalservices.com\/tol\/consum\/media\/product\/img\/300x300\/7220643.jpg?t=20250103081124"
    },
    {
        "id": 7539,
        "name": "Jud\u00eda Fina Troceada congelada CONSUM",
        "price": 1.62,
        "price_kilo": 1.62,
        "slug": "judia-fina-troceada-congelada",
        "description": "Jud\u00eda Fina Troceada congelada 1 Kg",
        "image": "https:\/\/cdn-consum.aktiosdigitalservices.com\/tol\/consum\/media\/product\/img\/300x300\/7220648.jpg?t=20250110080020"
    },
    {
        "id": 7540,
        "name": "Espinacas Cortadas congeladas CONSUM",
        "price": 1.05,
        "price_kilo": 2.63,
        "slug": "espinacas-cortadas-congeladas",
        "description": "Espinacas Cortadas congeladas 400 Gr",
        "image": "https:\/\/cdn-consum.aktiosdigitalservices.com\/tol\/consum\/media\/product\/img\/300x300\/7220650.jpg?t=20250101081214"
    },
    {
        "id": 7541,
        "name": "Ensaladilla congelada CONSUM",
        "price": 1.38,
        "price_kilo": 1.38,
        "slug": "ensaladilla-congelada",
        "description": "Ensaladilla congelada 1 Kg",
        "image": "https:\/\/cdn-consum.aktiosdigitalservices.com\/tol\/consum\/media\/product\/img\/300x300\/7220655.jpg?t=20250103081129"
    },
    {
        "id": 7542,
        "name": "Menestra con Esp\u00e1rrago congelada CONSUM",
        "price": 1.43,
        "price_kilo": 2.38,
        "slug": "menestra-con-esparrago-congelada",
        "description": "Menestra con Esp\u00e1rrago congelada 600 Gr",
        "image": "https:\/\/cdn-consum.aktiosdigitalservices.com\/tol\/consum\/media\/product\/img\/300x300\/7220668.jpg?t=20250103081132"
    },
    {
        "id": 7543,
        "name": "Garrof\u00f3n congelado CONSUM",
        "price": 1.32,
        "price_kilo": 3.3,
        "slug": "garrofon-congelado",
        "description": "Garrof\u00f3n congelado 400 Gr",
        "image": "https:\/\/cdn-consum.aktiosdigitalservices.com\/tol\/consum\/media\/product\/img\/300x300\/7220676.jpg?t=20250103081134"
    },
    {
        "id": 7544,
        "name": "Menestra de Verduras congelada CONSUM",
        "price": 1.83,
        "price_kilo": 1.83,
        "slug": "menestra-de-verduras-congelada",
        "description": "Menestra de Verduras congelada 1 Kg",
        "image": "https:\/\/cdn-consum.aktiosdigitalservices.com\/tol\/consum\/media\/product\/img\/300x300\/7220697.jpg?t=20250103081138"
    },
    {
        "id": 7545,
        "name": "Magro de Cerdo Lata APIS",
        "price": 2.99,
        "price_kilo": 13.59,
        "slug": "magro-de-cerdo-lata",
        "description": "Magro de Cerdo Lata 220 Gr",
        "image": "https:\/\/cdn-consum.aktiosdigitalservices.com\/tol\/consum\/media\/product\/img\/300x300\/7220700.jpg?t=20250318080122"
    },
    {
        "id": 7546,
        "name": "Desodorante Roll-On Men Active SANEX",
        "price": 2.1,
        "price_kilo": 4.2,
        "slug": "desodorante-roll-on-men-active",
        "description": "Desodorante Roll-On Men Active 50 ml",
        "image": "https:\/\/cdn-consum.aktiosdigitalservices.com\/tol\/consum\/media\/product\/img\/300x300\/7220718.jpg?t=20250227091707"
    },
    {
        "id": 7547,
        "name": "Desodorante Roll-On Extra Control Microtalco SANEX",
        "price": 2.1,
        "price_kilo": 4.2,
        "slug": "desodorante-roll-on-extra-control-microtalco",
        "description": "Desodorante Roll-On Extra Control Microtalco 50 ml",
        "image": "https:\/\/cdn-consum.aktiosdigitalservices.com\/tol\/consum\/media\/product\/img\/300x300\/7220734.jpg?t=20250312160301"
    },
    {
        "id": 7549,
        "name": "Desodorante Roll-On Dermo Sensitive SANEX",
        "price": 2.1,
        "price_kilo": 4.2,
        "slug": "desodorante-roll-on-dermo-sensitive",
        "description": "Desodorante Roll-On Dermo Sensitive 50 ml",
        "image": "https:\/\/cdn-consum.aktiosdigitalservices.com\/tol\/consum\/media\/product\/img\/300x300\/7220747.jpg?t=20250312160303"
    },
    {
        "id": 7552,
        "name": "Cerezas Grageas FINI",
        "price": 1.15,
        "price_kilo": 14.38,
        "slug": "cerezas-grageas",
        "description": "Cerezas Grageas 80 Gr",
        "image": "https:\/\/cdn-consum.aktiosdigitalservices.com\/tol\/consum\/media\/product\/img\/300x300\/7220791.jpg?t=20250311124438"
    },
    {
        "id": 7553,
        "name": "Deli Jelly FINI",
        "price": 0.99,
        "price_kilo": 12.38,
        "slug": "deli-jelly",
        "description": "Deli Jelly 80 Gr",
        "image": "https:\/\/cdn-consum.aktiosdigitalservices.com\/tol\/consum\/media\/product\/img\/300x300\/7220796.jpg?t=20250311124441"
    },
    {
        "id": 7554,
        "name": "Galleta Tosta Rica Caja CUETARA",
        "price": 3,
        "price_kilo": 5.26,
        "slug": "galleta-tosta-rica-caja",
        "description": "Galleta Tosta Rica Caja 570 Gr",
        "image": "https:\/\/cdn-consum.aktiosdigitalservices.com\/tol\/consum\/media\/product\/img\/300x300\/7220809.jpg?t=20250311133621"
    },
    {
        "id": 7561,
        "name": "Bebida Energ\u00e9tica Lata CONTACT",
        "price": 0.45,
        "price_kilo": 1.8,
        "slug": "bebida-energetica-lata",
        "description": "Bebida Energ\u00e9tica Lata 0,25 L",
        "image": "https:\/\/cdn-consum.aktiosdigitalservices.com\/tol\/consum\/media\/product\/img\/300x300\/7221005.jpg?t=20241217081047"
    },
    {
        "id": 7569,
        "name": "Mini Brocheta Grill CONSUM",
        "price": 2.99,
        "price_kilo": 12.46,
        "slug": "mini-brocheta-grill",
        "description": "Mini Brocheta Grill 240 Gr",
        "image": "https:\/\/cdn-consum.aktiosdigitalservices.com\/tol\/consum\/media\/product\/img\/300x300\/7221489.jpg?t=20241217081047"
    },
    {
        "id": 7572,
        "name": "Salteado de Patata, Verduras y Bac\u00f3n congelado CONSUM",
        "price": 1.99,
        "price_kilo": 4.42,
        "slug": "salteado-de-patata-verduras-y-bacon-congelado",
        "description": "Salteado de Patata, Verduras y Bac\u00f3n congelado 450 Gr",
        "image": "https:\/\/cdn-consum.aktiosdigitalservices.com\/tol\/consum\/media\/product\/img\/300x300\/7221583.jpg?t=20250227091732"
    },
    {
        "id": 7575,
        "name": "Salteado Campestre congelado CONSUM",
        "price": 1.89,
        "price_kilo": 4.2,
        "slug": "salteado-campestre-congelado",
        "description": "Salteado Campestre congelado 450 Gr",
        "image": "https:\/\/cdn-consum.aktiosdigitalservices.com\/tol\/consum\/media\/product\/img\/300x300\/7221609.jpg?t=20241217081047"
    },
    {
        "id": 7576,
        "name": "Salteado Tradicional congelado CONSUM",
        "price": 1.19,
        "price_kilo": 2.64,
        "slug": "salteado-tradicional-congelado",
        "description": "Salteado Tradicional congelado 450 Gr",
        "image": "https:\/\/cdn-consum.aktiosdigitalservices.com\/tol\/consum\/media\/product\/img\/300x300\/7221612.jpg?t=20250311164556"
    },
    {
        "id": 7581,
        "name": "Kinder Bueno White 2 Unidades Pack 3 KINDER",
        "price": 3.29,
        "price_kilo": 28.12,
        "slug": "kinder-bueno-white-2-unidades-pack-3",
        "description": "Kinder Bueno White 2 Unidades Pack 3 117 Gr",
        "image": "https:\/\/cdn-consum.aktiosdigitalservices.com\/tol\/consum\/media\/product\/img\/300x300\/7222011.jpg?t=20250313080318"
    },
    {
        "id": 7589,
        "name": "Arroz Precocido congelado 6 Bolsitas x 167 Gr. CONSUM",
        "price": 2.03,
        "price_kilo": 2.03,
        "slug": "arroz-precocido-congelado-6-bolsitas-x-167-gr",
        "description": "Arroz Precocido congelado 6 Bolsitas x 167 Gr. 1 Kg",
        "image": "https:\/\/cdn-consum.aktiosdigitalservices.com\/tol\/consum\/media\/product\/img\/300x300\/7222909.jpg?t=20250103081146"
    },
    {
        "id": 7596,
        "name": "Canelones de Carne con Bechamel congelados CONSUM",
        "price": 1.75,
        "price_kilo": 5.83,
        "slug": "canelones-de-carne-con-bechamel-congelados",
        "description": "Canelones de Carne con Bechamel congelados 300 Gr",
        "image": "https:\/\/cdn-consum.aktiosdigitalservices.com\/tol\/consum\/media\/product\/img\/300x300\/7223246.jpg?t=20250103081151"
    },
    {
        "id": 7597,
        "name": "Lasa\u00f1a Bolo\u00f1esa con Bechamel congelada CONSUM",
        "price": 1.75,
        "price_kilo": 5.83,
        "slug": "lasana-bolonesa-con-bechamel-congelada",
        "description": "Lasa\u00f1a Bolo\u00f1esa con Bechamel congelada 300 Gr",
        "image": "https:\/\/cdn-consum.aktiosdigitalservices.com\/tol\/consum\/media\/product\/img\/300x300\/7223253.jpg?t=20250103081153"
    },
    {
        "id": 7600,
        "name": "N\u00e9ctar Frutas del Bosque Brik DON SIMON",
        "price": 1.69,
        "price_kilo": 1.69,
        "slug": "nectar-frutas-del-bosque-brik",
        "description": "N\u00e9ctar Frutas del Bosque Brik 1 L",
        "image": "https:\/\/cdn-consum.aktiosdigitalservices.com\/tol\/consum\/media\/product\/img\/300x300\/7223667.jpg?t=20250312160306"
    },
    {
        "id": 7606,
        "name": "Queso Tapas Cortaditas Mezcla Curado Santtum EL PASTOR",
        "price": 3.11,
        "price_kilo": 18.85,
        "slug": "queso-tapas-cortaditas-mezcla-curado-santtum",
        "description": "Queso Tapas Cortaditas Mezcla Curado Santtum 165 Gr",
        "image": "https:\/\/cdn-consum.aktiosdigitalservices.com\/tol\/consum\/media\/product\/img\/300x300\/7224335.jpg?t=20250103081155"
    },
    {
        "id": 7609,
        "name": "Tortitas Pizza ALDELIS",
        "price": 2.79,
        "price_kilo": 10.33,
        "slug": "tortitas-pizza",
        "description": "Tortitas Pizza 270 Gr",
        "image": "https:\/\/cdn-consum.aktiosdigitalservices.com\/tol\/consum\/media\/product\/img\/300x300\/7224400.jpg?t=20250211080018"
    },
    {
        "id": 7610,
        "name": "Hamburguesa Pollo y Espinacas 4 Unidades ALDELIS",
        "price": 3.45,
        "price_kilo": 11.02,
        "slug": "hamburguesa-pollo-y-espinacas-4-unidades",
        "description": "Hamburguesa Pollo y Espinacas 4 Unidades 313 Gr",
        "image": "https:\/\/cdn-consum.aktiosdigitalservices.com\/tol\/consum\/media\/product\/img\/300x300\/7224421.jpg?t=20250304110653"
    },
    {
        "id": 7611,
        "name": "Lavavajillas en Gel Excellence Antigrasa SOMAT",
        "price": 10.69,
        "price_kilo": 0.21,
        "slug": "lavavajillas-en-gel-excellence-antigrasa",
        "description": "Lavavajillas en Gel Excellence Antigrasa 50 Lv",
        "image": "https:\/\/cdn-consum.aktiosdigitalservices.com\/tol\/consum\/media\/product\/img\/300x300\/7224517.jpg?t=20250227091745"
    },
    {
        "id": 7613,
        "name": "Tomate Frito Receta Tradicional Frasco CONSUM",
        "price": 1.5,
        "price_kilo": 5,
        "slug": "tomate-frito-receta-tradicional-frasco",
        "description": "Tomate Frito Receta Tradicional Frasco 300 Gr",
        "image": "https:\/\/cdn-consum.aktiosdigitalservices.com\/tol\/consum\/media\/product\/img\/300x300\/7224546.jpg?t=20241217081048"
    },
    {
        "id": 7614,
        "name": "Tomate Frito 0 % Az\u00facar A\u00f1adido Frasco CONSUM",
        "price": 1.1,
        "price_kilo": 1.96,
        "slug": "tomate-frito-0-azucar-anadido-frasco",
        "description": "Tomate Frito 0 % Az\u00facar A\u00f1adido Frasco 560 Gr",
        "image": "https:\/\/cdn-consum.aktiosdigitalservices.com\/tol\/consum\/media\/product\/img\/300x300\/7224553.jpg?t=20241217081048"
    },
    {
        "id": 7618,
        "name": "At\u00fan en Aceite Girasol Pack de 2 CABO PE\u00d1AS",
        "price": 1.89,
        "price_kilo": 18.17,
        "slug": "atun-en-aceite-girasol-pack-de-2",
        "description": "At\u00fan en Aceite Girasol Pack de 2 2 x 52 Gr",
        "image": "https:\/\/cdn-consum.aktiosdigitalservices.com\/tol\/consum\/media\/product\/img\/300x300\/7224665.jpg?t=20250313080321"
    },
    {
        "id": 7619,
        "name": "Polvos Talco EUDERMIN",
        "price": 1.85,
        "price_kilo": 0.93,
        "slug": "polvos-talco",
        "description": "Polvos Talco 200 ml",
        "image": "https:\/\/cdn-consum.aktiosdigitalservices.com\/tol\/consum\/media\/product\/img\/300x300\/7224744.jpg?t=20241217081048"
    },
    {
        "id": 7620,
        "name": "Kinder Bueno Mini KINDER",
        "price": 2.99,
        "price_kilo": 27.69,
        "slug": "kinder-bueno-mini",
        "description": "Kinder Bueno Mini 108 Gr",
        "image": "https:\/\/cdn-consum.aktiosdigitalservices.com\/tol\/consum\/media\/product\/img\/300x300\/7224855.jpg?t=20250311133630"
    },
    {
        "id": 7623,
        "name": "Ampollas Suero Fisiol\u00f3gico BEL BABY",
        "price": 3.25,
        "price_kilo": 0.11,
        "slug": "ampollas-suero-fisiologico",
        "description": "Ampollas Suero Fisiol\u00f3gico 30 U",
        "image": "https:\/\/cdn-consum.aktiosdigitalservices.com\/tol\/consum\/media\/product\/img\/300x300\/7225027.jpg?t=20241217081048"
    },
    {
        "id": 7624,
        "name": "Gasas no Tejidas Ojos y Manos BEL BABY",
        "price": 2,
        "price_kilo": 0.02,
        "slug": "gasas-no-tejidas-ojos-y-manos",
        "description": "Gasas no Tejidas Ojos y Manos 100 U",
        "image": "https:\/\/cdn-consum.aktiosdigitalservices.com\/tol\/consum\/media\/product\/img\/300x300\/7225030.jpg?t=20241217081048"
    },
    {
        "id": 7627,
        "name": "Fruta Leche Tropical Zero. Brik DON SIMON",
        "price": 1,
        "price_kilo": 1,
        "slug": "fruta-leche-tropical-zero-brik",
        "description": "Fruta Leche Tropical Zero. Brik 1 L",
        "image": "https:\/\/cdn-consum.aktiosdigitalservices.com\/tol\/consum\/media\/product\/img\/300x300\/7225196.jpg?t=20250311105334"
    },
    {
        "id": 7634,
        "name": "Queso Rallado en Polvo CONSUM",
        "price": 1.34,
        "price_kilo": 8.93,
        "slug": "queso-rallado-en-polvo",
        "description": "Queso Rallado en Polvo 150 Gr",
        "image": "https:\/\/cdn-consum.aktiosdigitalservices.com\/tol\/consum\/media\/product\/img\/300x300\/7225563.jpg?t=20250311105337"
    },
    {
        "id": 7635,
        "name": "Agua de Peinado NELLY",
        "price": 2.35,
        "price_kilo": 1.18,
        "slug": "agua-de-peinado",
        "description": "Agua de Peinado 200 ml",
        "image": "https:\/\/cdn-consum.aktiosdigitalservices.com\/tol\/consum\/media\/product\/img\/300x300\/7225709.jpg?t=20241217081049"
    },
    {
        "id": 7636,
        "name": "Masa de Hojaldre Rectangular BUITONI",
        "price": 1.99,
        "price_kilo": 8.65,
        "slug": "masa-de-hojaldre-rectangular",
        "description": "Masa de Hojaldre Rectangular 230 Gr",
        "image": "https:\/\/cdn-consum.aktiosdigitalservices.com\/tol\/consum\/media\/product\/img\/300x300\/7225881.jpg?t=20250204080558"
    },
    {
        "id": 7640,
        "name": "Olivada Frasco D'ATENEA",
        "price": 1.95,
        "price_kilo": 14.44,
        "slug": "olivada-frasco",
        "description": "Olivada Frasco 135 Gr",
        "image": "https:\/\/cdn-consum.aktiosdigitalservices.com\/tol\/consum\/media\/product\/img\/300x300\/7226491.jpg?t=20250131075834"
    },
    {
        "id": 7652,
        "name": "Caldo de Pollo Bajo en Sal Brik CONSUM",
        "price": 1.2,
        "price_kilo": 1.2,
        "slug": "caldo-de-pollo-bajo-en-sal-brik",
        "description": "Caldo de Pollo Bajo en Sal Brik 1 L",
        "image": "https:\/\/cdn-consum.aktiosdigitalservices.com\/tol\/consum\/media\/product\/img\/300x300\/7226785.jpg?t=20250206092313"
    },
    {
        "id": 7655,
        "name": "Bebida Energ\u00e9tica Light Lata CONTACT",
        "price": 0.45,
        "price_kilo": 1.8,
        "slug": "bebida-energetica-light-lata",
        "description": "Bebida Energ\u00e9tica Light Lata 0,25 L",
        "image": "https:\/\/cdn-consum.aktiosdigitalservices.com\/tol\/consum\/media\/product\/img\/300x300\/7227148.jpg?t=20241217081049"
    },
    {
        "id": 7658,
        "name": "Crema de Verduras Brik CONSUM",
        "price": 1,
        "price_kilo": 2,
        "slug": "crema-de-verduras-brik",
        "description": "Crema de Verduras Brik 0,5 L",
        "image": "https:\/\/cdn-consum.aktiosdigitalservices.com\/tol\/consum\/media\/product\/img\/300x300\/7227796.jpg?t=20241217081049"
    },
    {
        "id": 7659,
        "name": "Pan Rebanado Pay\u00e9s con Semillas de Calabaza ",
        "price": 2.22,
        "price_kilo": 4.53,
        "slug": "pan-rebanado-payes-con-semillas-de-calabaza",
        "description": "Pan Rebanado Pay\u00e9s con Semillas de Calabaza 490 Gr",
        "image": "https:\/\/cdn-consum.aktiosdigitalservices.com\/tol\/consum\/media\/product\/img\/300x300\/7228117.jpg?t=20250228080058"
    },
    {
        "id": 7661,
        "name": "Mermelada Tomate Frasco CONSUM",
        "price": 1.8,
        "price_kilo": 4.39,
        "slug": "mermelada-tomate-frasco",
        "description": "Mermelada Tomate Frasco 410 Gr",
        "image": "https:\/\/cdn-consum.aktiosdigitalservices.com\/tol\/consum\/media\/product\/img\/300x300\/7228229.jpg?t=20250311105346"
    },
    {
        "id": 7664,
        "name": "Dent\u00edfrico Aliento Fresco KYREY",
        "price": 1.15,
        "price_kilo": 1.53,
        "slug": "dentifrico-aliento-fresco",
        "description": "Dent\u00edfrico Aliento Fresco 75 ml",
        "image": "https:\/\/cdn-consum.aktiosdigitalservices.com\/tol\/consum\/media\/product\/img\/300x300\/7228513.jpg?t=20241217081050"
    },
    {
        "id": 7665,
        "name": "Dent\u00edfrico Anticaries KYREY",
        "price": 0.94,
        "price_kilo": 1.25,
        "slug": "dentifrico-anticaries",
        "description": "Dent\u00edfrico Anticaries 75 ml",
        "image": "https:\/\/cdn-consum.aktiosdigitalservices.com\/tol\/consum\/media\/product\/img\/300x300\/7228518.jpg?t=20241217081050"
    },
    {
        "id": 7666,
        "name": "Pa\u00f1uelos Faciales Dos Capas CONSUM",
        "price": 1.25,
        "price_kilo": 0.01,
        "slug": "panuelos-faciales-dos-capas",
        "description": "Pa\u00f1uelos Faciales Dos Capas 200 U",
        "image": "https:\/\/cdn-consum.aktiosdigitalservices.com\/tol\/consum\/media\/product\/img\/300x300\/7228633.jpg?t=20241217081050"
    },
    {
        "id": 7672,
        "name": "Caf\u00e9 Ristretto Ardenza C\u00e1psulas DOLCE GUSTO",
        "price": 5.2,
        "price_kilo": 0.33,
        "slug": "cafe-ristretto-ardenza-capsulas",
        "description": "Caf\u00e9 Ristretto Ardenza C\u00e1psulas 16 U",
        "image": "https:\/\/cdn-consum.aktiosdigitalservices.com\/tol\/consum\/media\/product\/img\/300x300\/7228690.jpg?t=20250311133644"
    },
    {
        "id": 7686,
        "name": "Mascarilla Aceite Extraordinario ELVIVE",
        "price": 4.5,
        "price_kilo": 1.45,
        "slug": "mascarilla-aceite-extraordinario",
        "description": "Mascarilla Aceite Extraordinario 310 ml",
        "image": "https:\/\/cdn-consum.aktiosdigitalservices.com\/tol\/consum\/media\/product\/img\/300x300\/7229912.jpg?t=20250312160310"
    },
    {
        "id": 7689,
        "name": "Vino Rosado Lambrusco I LOVE ITALY",
        "price": 1.9,
        "price_kilo": 2.53,
        "slug": "vino-rosado-lambrusco",
        "description": "Vino Rosado Lambrusco 0,75 L",
        "image": "https:\/\/cdn-consum.aktiosdigitalservices.com\/tol\/consum\/media\/product\/img\/300x300\/7230076.jpg?t=20241217081051"
    },
    {
        "id": 7690,
        "name": "Avecrem Pollo 30% menos de Sal AVECREM",
        "price": 1.55,
        "price_kilo": 16.32,
        "slug": "avecrem-pollo-30-menos-de-sal",
        "description": "Avecrem Pollo 30% menos de Sal 95 Gr",
        "image": "https:\/\/cdn-consum.aktiosdigitalservices.com\/tol\/consum\/media\/product\/img\/300x300\/7230209.jpg?t=20241217081051"
    },
    {
        "id": 7696,
        "name": "Desatascador 2EN1 CONSUM",
        "price": 1.85,
        "price_kilo": 1.85,
        "slug": "desatascador-2en1",
        "description": "Desatascador 2EN1 1 L",
        "image": "https:\/\/cdn-consum.aktiosdigitalservices.com\/tol\/consum\/media\/product\/img\/300x300\/7230993.jpg?t=20250312092754"
    },
    {
        "id": 7706,
        "name": "Pechuga de Pavo Adobado SERRANO",
        "price": 3.99,
        "price_kilo": 12.09,
        "slug": "pechuga-de-pavo-adobado",
        "description": "Pechuga de Pavo Adobado 330 Gr",
        "image": "https:\/\/cdn-consum.aktiosdigitalservices.com\/tol\/consum\/media\/product\/img\/300x300\/7231178.jpg?t=20241217081051"
    },
    {
        "id": 7708,
        "name": "Kit Kat Pack de 9 Barritas NESTLE",
        "price": 3.49,
        "price_kilo": 18.73,
        "slug": "kit-kat-pack-de-9-barritas",
        "description": "Kit Kat Pack de 9 Barritas 9 x 20,7 Gr",
        "image": "https:\/\/cdn-consum.aktiosdigitalservices.com\/tol\/consum\/media\/product\/img\/300x300\/7231397.jpg?t=20250311133649"
    },
    {
        "id": 7709,
        "name": "Yakisoba de Pollo Yatekomo YATEKOMO",
        "price": 1.95,
        "price_kilo": 20.97,
        "slug": "yakisoba-de-pollo-yatekomo",
        "description": "Yakisoba de Pollo Yatekomo 93 Gr",
        "image": "https:\/\/cdn-consum.aktiosdigitalservices.com\/tol\/consum\/media\/product\/img\/300x300\/7231504.jpg?t=20250312092754"
    },
    {
        "id": 7710,
        "name": "Yakisoba Classic Yatekomo YATEKOMO",
        "price": 1.95,
        "price_kilo": 20.97,
        "slug": "yakisoba-classic-yatekomo",
        "description": "Yakisoba Classic Yatekomo 93 Gr",
        "image": "https:\/\/cdn-consum.aktiosdigitalservices.com\/tol\/consum\/media\/product\/img\/300x300\/7231509.jpg?t=20250318080138"
    },
    {
        "id": 7712,
        "name": "Habas Cocidas Picantes Lata VEGA BAJA",
        "price": 1.75,
        "price_kilo": 8.75,
        "slug": "habas-cocidas-picantes-lata",
        "description": "Habas Cocidas Picantes Lata 200 Gr",
        "image": "https:\/\/cdn-consum.aktiosdigitalservices.com\/tol\/consum\/media\/product\/img\/300x300\/7231538.jpg?t=20250318080140"
    },
    {
        "id": 7715,
        "name": "Vino Tinto Roble D.O.Ribera del Duero PATA NEGRA",
        "price": 6.99,
        "price_kilo": 9.32,
        "slug": "vino-tinto-roble-doribera-del-duero",
        "description": "Vino Tinto Roble D.O.Ribera del Duero 0,75 L",
        "image": "https:\/\/cdn-consum.aktiosdigitalservices.com\/tol\/consum\/media\/product\/img\/300x300\/7232010.jpg?t=20250227091846"
    },
    {
        "id": 7725,
        "name": "Tinte Color Sensation N\u00ba6.60 GARNIER",
        "price": 3.9,
        "price_kilo": 3.9,
        "slug": "tinte-color-sensation-n660",
        "description": "Tinte Color Sensation N\u00ba6.60 1 U",
        "image": "https:\/\/cdn-consum.aktiosdigitalservices.com\/tol\/consum\/media\/product\/img\/300x300\/7232283.jpg?t=20241217081052"
    },
    {
        "id": 7732,
        "name": "Lacasitos LACASA",
        "price": 3.25,
        "price_kilo": 21.67,
        "slug": "lacasitos",
        "description": "Lacasitos 150 Gr",
        "image": "https:\/\/cdn-consum.aktiosdigitalservices.com\/tol\/consum\/media\/product\/img\/300x300\/7232465.jpg?t=20250311133651"
    },
    {
        "id": 7741,
        "name": "Preparado de Paella y Sopa congelado COCINARTE",
        "price": 3.35,
        "price_kilo": 6.7,
        "slug": "preparado-de-paella-y-sopa-congelado",
        "description": "Preparado de Paella y Sopa congelado 500 Gr",
        "image": "https:\/\/cdn-consum.aktiosdigitalservices.com\/tol\/consum\/media\/product\/img\/300x300\/7232619.jpg?t=20250301075836"
    },
    {
        "id": 7746,
        "name": "Azucaritos Blancos Caja AZUCARERA",
        "price": 1.55,
        "price_kilo": 5.17,
        "slug": "azucaritos-blancos-caja",
        "description": "Azucaritos Blancos Caja 300 Gr",
        "image": "https:\/\/cdn-consum.aktiosdigitalservices.com\/tol\/consum\/media\/product\/img\/300x300\/7233096.jpg?t=20250311105411"
    },
    {
        "id": 7747,
        "name": "Chicle Hierbabuena Bolsa TRIDENT",
        "price": 1.45,
        "price_kilo": 3.33,
        "slug": "chicle-hierbabuena-bolsa",
        "description": "Chicle Hierbabuena Bolsa 43,5 Gr",
        "image": "https:\/\/cdn-consum.aktiosdigitalservices.com\/tol\/consum\/media\/product\/img\/300x300\/7233109.jpg?t=20250311124507"
    },
    {
        "id": 7748,
        "name": "Azucaritos Moreno Caja AZUCARERA",
        "price": 1.6,
        "price_kilo": 5.33,
        "slug": "azucaritos-moreno-caja",
        "description": "Azucaritos Moreno Caja 300 Gr",
        "image": "https:\/\/cdn-consum.aktiosdigitalservices.com\/tol\/consum\/media\/product\/img\/300x300\/7233112.jpg?t=20250311105416"
    },
    {
        "id": 7752,
        "name": "Neceser Travel KEMPHOR",
        "price": 4.99,
        "price_kilo": 4.99,
        "slug": "neceser-travel",
        "description": "Neceser Travel 1 U",
        "image": "https:\/\/cdn-consum.aktiosdigitalservices.com\/tol\/consum\/media\/product\/img\/300x300\/7233182.jpg?t=20241217081052"
    },
    {
        "id": 7755,
        "name": "Arroz Integral con Quinoa Pack de 2 BRILLANTE",
        "price": 1.49,
        "price_kilo": 5.96,
        "slug": "arroz-integral-con-quinoa-pack-de-2",
        "description": "Arroz Integral con Quinoa Pack de 2 2 x 125 Gr",
        "image": "https:\/\/cdn-consum.aktiosdigitalservices.com\/tol\/consum\/media\/product\/img\/300x300\/7233336.jpg?t=20241217081052"
    },
    {
        "id": 7758,
        "name": "Lenteja Cocida Selecci\u00f3n Frasco PICUEZO",
        "price": 1.39,
        "price_kilo": 3.48,
        "slug": "lenteja-cocida-seleccion-frasco",
        "description": "Lenteja Cocida Selecci\u00f3n Frasco 400 Gr",
        "image": "https:\/\/cdn-consum.aktiosdigitalservices.com\/tol\/consum\/media\/product\/img\/300x300\/7233351.jpg?t=20250227091853"
    },
    {
        "id": 7759,
        "name": "Harina de Ma\u00edz Caja MAIZENA",
        "price": 2.99,
        "price_kilo": 7.48,
        "slug": "harina-de-maiz-caja",
        "description": "Harina de Ma\u00edz Caja 400 Gr",
        "image": "https:\/\/cdn-consum.aktiosdigitalservices.com\/tol\/consum\/media\/product\/img\/300x300\/7233385.jpg?t=20250218080420"
    },
    {
        "id": 7765,
        "name": "Barrita Nesquik 6U NESTLE",
        "price": 3.5,
        "price_kilo": 23.33,
        "slug": "barrita-nesquik-6u",
        "description": "Barrita Nesquik 6U 150 Gr",
        "image": "https:\/\/cdn-consum.aktiosdigitalservices.com\/tol\/consum\/media\/product\/img\/300x300\/7233653.jpg?t=20250312092754"
    },
    {
        "id": 7766,
        "name": "Vino Tinto Joven Botella PLUVIUM",
        "price": 2.25,
        "price_kilo": 3,
        "slug": "vino-tinto-joven-botella",
        "description": "Vino Tinto Joven Botella 0,75 L",
        "image": "https:\/\/cdn-consum.aktiosdigitalservices.com\/tol\/consum\/media\/product\/img\/300x300\/7233674.jpg?t=20250206092349"
    },
    {
        "id": 7767,
        "name": "Pant S\u00faper Talla Grande INDASEC",
        "price": 10.9,
        "price_kilo": 1.09,
        "slug": "pant-super-talla-grande",
        "description": "Pant S\u00faper Talla Grande 10 U",
        "image": "https:\/\/cdn-consum.aktiosdigitalservices.com\/tol\/consum\/media\/product\/img\/300x300\/7233687.jpg?t=20250206092351"
    },
    {
        "id": 7772,
        "name": "Aceite Almendras Reparador NATURAFEMME",
        "price": 4.25,
        "price_kilo": 1.7,
        "slug": "aceite-almendras-reparador",
        "description": "Aceite Almendras Reparador 250 ml",
        "image": "https:\/\/cdn-consum.aktiosdigitalservices.com\/tol\/consum\/media\/product\/img\/300x300\/7234024.jpg?t=20241217081052"
    },
    {
        "id": 7774,
        "name": "Agua de Rosas NATURAFEMME",
        "price": 3.25,
        "price_kilo": 1.3,
        "slug": "agua-de-rosas",
        "description": "Agua de Rosas 250 ml",
        "image": "https:\/\/cdn-consum.aktiosdigitalservices.com\/tol\/consum\/media\/product\/img\/300x300\/7234057.jpg?t=20241217081052"
    },
    {
        "id": 7779,
        "name": "Preparado Picada Pollo CONSUM",
        "price": 3.69,
        "price_kilo": 9.23,
        "slug": "preparado-picada-pollo",
        "description": "Preparado Picada Pollo 400 Gr",
        "image": "https:\/\/cdn-consum.aktiosdigitalservices.com\/tol\/consum\/media\/product\/img\/300x300\/7234300.jpg?t=20241217081053"
    },
    {
        "id": 7782,
        "name": "San Jacobo CONSUM",
        "price": 3,
        "price_kilo": 10,
        "slug": "san-jacobo",
        "description": "San Jacobo 300 Gr",
        "image": "https:\/\/cdn-consum.aktiosdigitalservices.com\/tol\/consum\/media\/product\/img\/300x300\/7234370.jpg?t=20241217081053"
    },
    {
        "id": 7784,
        "name": "Calabaza troceada Bandeja ",
        "price": 1.99,
        "price_kilo": 4.98,
        "slug": "calabaza-troceada-bandeja",
        "description": "Calabaza troceada Bandeja 400 Gr",
        "image": "https:\/\/cdn-consum.aktiosdigitalservices.com\/tol\/consum\/media\/product\/img\/300x300\/7234552.jpg?t=20250318080936"
    },
    {
        "id": 7798,
        "name": "Comida Seca Perros Mini Junior ULTIMA",
        "price": 4.99,
        "price_kilo": 6.24,
        "slug": "comida-seca-perros-mini-junior",
        "description": "Comida Seca Perros Mini Junior 800 Gr",
        "image": "https:\/\/cdn-consum.aktiosdigitalservices.com\/tol\/consum\/media\/product\/img\/300x300\/7235224.jpg?t=20250218080428"
    },
    {
        "id": 7800,
        "name": "Magdalenas Caseras ",
        "price": 2.46,
        "price_kilo": 6.83,
        "slug": "magdalenas-caseras",
        "description": "Magdalenas Caseras 360 Gr",
        "image": "https:\/\/cdn-consum.aktiosdigitalservices.com\/tol\/consum\/media\/product\/img\/300x300\/7235286.jpg?t=20250204080626"
    },
    {
        "id": 7801,
        "name": "Bizcocho casero de Manzana ",
        "price": 2.79,
        "price_kilo": 6.98,
        "slug": "bizcocho-casero-de-manzana",
        "description": "Bizcocho casero de Manzana 400 Gr",
        "image": "https:\/\/cdn-consum.aktiosdigitalservices.com\/tol\/consum\/media\/product\/img\/300x300\/7235294.jpg?t=20250318080142"
    },
    {
        "id": 7802,
        "name": "Tapa de Chipirones con Habitas y Salsa congelada COCINARTE",
        "price": 3.39,
        "price_kilo": 8.48,
        "slug": "tapa-de-chipirones-con-habitas-y-salsa-congelada",
        "description": "Tapa de Chipirones con Habitas y Salsa congelada 400 Gr",
        "image": "https:\/\/cdn-consum.aktiosdigitalservices.com\/tol\/consum\/media\/product\/img\/300x300\/7235380.jpg?t=20241217081053"
    },
    {
        "id": 7809,
        "name": "Burger Meat Pollo 4 Unidades CONSUM",
        "price": 2.75,
        "price_kilo": 7.64,
        "slug": "burger-meat-pollo-4-unidades",
        "description": "Burger Meat Pollo 4 Unidades 360 Gr",
        "image": "https:\/\/cdn-consum.aktiosdigitalservices.com\/tol\/consum\/media\/product\/img\/300x300\/7235617.jpg?t=20241217081053"
    },
    {
        "id": 7810,
        "name": "Barra Familiar ",
        "price": 1.26,
        "price_kilo": 4,
        "slug": "barra-familiar",
        "description": "Barra Familiar 315 Gr",
        "image": "https:\/\/cdn-consum.aktiosdigitalservices.com\/tol\/consum\/media\/product\/img\/300x300\/7235666.jpg?t=20250315075804"
    },
    {
        "id": 7815,
        "name": "Big Dots Sugar 2 Unidades ",
        "price": 1.25,
        "price_kilo": 9.62,
        "slug": "big-dots-sugar-2-unidades",
        "description": "Big Dots Sugar 2 Unidades 130 Gr",
        "image": "https:\/\/cdn-consum.aktiosdigitalservices.com\/tol\/consum\/media\/product\/img\/300x300\/7235810.jpg?t=20250225075958"
    },
    {
        "id": 7821,
        "name": "Espuma de Afeitar Classic LA TOJA",
        "price": 3.15,
        "price_kilo": 1.05,
        "slug": "espuma-de-afeitar-classic",
        "description": "Espuma de Afeitar Classic 300 ml",
        "image": "https:\/\/cdn-consum.aktiosdigitalservices.com\/tol\/consum\/media\/product\/img\/300x300\/7235950.jpg?t=20250204080637"
    },
    {
        "id": 7822,
        "name": "Espuma de Afeitar Sensible LA TOJA",
        "price": 3.15,
        "price_kilo": 1.05,
        "slug": "espuma-de-afeitar-sensible",
        "description": "Espuma de Afeitar Sensible 300 ml",
        "image": "https:\/\/cdn-consum.aktiosdigitalservices.com\/tol\/consum\/media\/product\/img\/300x300\/7235976.jpg?t=20250204080641"
    },
    {
        "id": 7823,
        "name": "Crema Men NIVEA",
        "price": 4,
        "price_kilo": 2.67,
        "slug": "crema-men",
        "description": "Crema Men 150 ml",
        "image": "https:\/\/cdn-consum.aktiosdigitalservices.com\/tol\/consum\/media\/product\/img\/300x300\/7236024.jpg?t=20250313080328"
    },
    {
        "id": 7824,
        "name": "Desodorante Spray B&W Invisible Fresh NIVEA",
        "price": 3.25,
        "price_kilo": 1.63,
        "slug": "desodorante-spray-bw-invisible-fresh",
        "description": "Desodorante Spray B&W Invisible Fresh 200 ml",
        "image": "https:\/\/cdn-consum.aktiosdigitalservices.com\/tol\/consum\/media\/product\/img\/300x300\/7236029.jpg?t=20241226075716"
    },
    {
        "id": 7834,
        "name": "Mini 9 Cereales y Semillas 4 Unidades ",
        "price": 1.15,
        "price_kilo": 4.11,
        "slug": "mini-9-cereales-y-semillas-4-unidades",
        "description": "Mini 9 Cereales y Semillas 4 Unidades 280 Gr",
        "image": "https:\/\/cdn-consum.aktiosdigitalservices.com\/tol\/consum\/media\/product\/img\/300x300\/7236222.jpg?t=20250320075941"
    },
    {
        "id": 7835,
        "name": "Baguettina con Fibra 5 Unidades ",
        "price": 1.2,
        "price_kilo": 2.18,
        "slug": "baguettina-con-fibra-5-unidades",
        "description": "Baguettina con Fibra 5 Unidades 550 Gr",
        "image": "https:\/\/cdn-consum.aktiosdigitalservices.com\/tol\/consum\/media\/product\/img\/300x300\/7236227.jpg?t=20250312125410"
    },
    {
        "id": 7843,
        "name": "Cambiador Beb\u00e9 60x60 BEL BABY",
        "price": 4.15,
        "price_kilo": 0.42,
        "slug": "cambiador-bebe-60x60",
        "description": "Cambiador Beb\u00e9 60x60 10 U",
        "image": "https:\/\/cdn-consum.aktiosdigitalservices.com\/tol\/consum\/media\/product\/img\/300x300\/7236540.jpg?t=20241217081053"
    },
    {
        "id": 7844,
        "name": "La Rosquita Serrana R\u00fastica DE ORO",
        "price": 2.1,
        "price_kilo": 10.24,
        "slug": "la-rosquita-serrana-rustica",
        "description": "La Rosquita Serrana R\u00fastica 205 Gr",
        "image": "https:\/\/cdn-consum.aktiosdigitalservices.com\/tol\/consum\/media\/product\/img\/300x300\/7236602.jpg?t=20241217081053"
    },
    {
        "id": 7846,
        "name": "Chocolate L\u00edquido a la Taza Brik CONSUM",
        "price": 2.19,
        "price_kilo": 2.19,
        "slug": "chocolate-liquido-a-la-taza-brik",
        "description": "Chocolate L\u00edquido a la Taza Brik 1 L",
        "image": "https:\/\/cdn-consum.aktiosdigitalservices.com\/tol\/consum\/media\/product\/img\/300x300\/7236631.jpg?t=20250312160322"
    },
    {
        "id": 7851,
        "name": "Pechuga de Pavo Adobada Ajillo ALDELIS",
        "price": 4.39,
        "price_kilo": 9.75,
        "slug": "pechuga-de-pavo-adobada-ajillo",
        "description": "Pechuga de Pavo Adobada Ajillo",
        "image": "https:\/\/cdn-consum.aktiosdigitalservices.com\/tol\/consum\/media\/product\/img\/300x300\/7236743.jpg?t=20250318080148"
    },
    {
        "id": 7856,
        "name": "Activia 0% Natural B\u00edfidus Desnatado DANONE",
        "price": 4.99,
        "price_kilo": 3.47,
        "slug": "activia-0-natural-bifidus-desnatado",
        "description": "Activia 0% Natural B\u00edfidus Desnatado 12 x 120 Gr",
        "image": "https:\/\/cdn-consum.aktiosdigitalservices.com\/tol\/consum\/media\/product\/img\/300x300\/7236867.jpg?t=20250227091913"
    },
    {
        "id": 7857,
        "name": "Activia 0% Natural Edulcorado Pack 12 ud. DANONE",
        "price": 4.99,
        "price_kilo": 3.47,
        "slug": "activia-0-natural-edulcorado-pack-12-ud",
        "description": "Activia 0% Natural Edulcorado Pack 12 ud. 12 x 120 Gr",
        "image": "https:\/\/cdn-consum.aktiosdigitalservices.com\/tol\/consum\/media\/product\/img\/300x300\/7236870.jpg?t=20250227091916"
    },
    {
        "id": 7877,
        "name": "Queso Rallado Hilo CONSUM",
        "price": 0.78,
        "price_kilo": 7.09,
        "slug": "queso-rallado-hilo",
        "description": "Queso Rallado Hilo 110 Gr",
        "image": "https:\/\/cdn-consum.aktiosdigitalservices.com\/tol\/consum\/media\/product\/img\/300x300\/7237118.jpg?t=20250304110833"
    },
    {
        "id": 7895,
        "name": "Pan de Molde Cl\u00e1sico sin Gluten SCH\u00c4R",
        "price": 2.83,
        "price_kilo": 9.43,
        "slug": "pan-de-molde-clasico-sin-gluten",
        "description": "Pan de Molde Cl\u00e1sico sin Gluten 300 Gr",
        "image": "https:\/\/cdn-consum.aktiosdigitalservices.com\/tol\/consum\/media\/product\/img\/300x300\/7238470.jpg?t=20250313080332"
    },
    {
        "id": 7896,
        "name": "Patatas Fritas Lisas Bolsa DUSO",
        "price": 1.45,
        "price_kilo": 10.36,
        "slug": "patatas-fritas-lisas-bolsa",
        "description": "Patatas Fritas Lisas Bolsa 140 Gr",
        "image": "https:\/\/cdn-consum.aktiosdigitalservices.com\/tol\/consum\/media\/product\/img\/300x300\/7238681.jpg?t=20241217081055"
    },
    {
        "id": 7897,
        "name": "Patatas Fritas Lisas Bolsa DUSO",
        "price": 2.69,
        "price_kilo": 8.97,
        "slug": "patatas-fritas-lisas-bolsa",
        "description": "Patatas Fritas Lisas Bolsa 300 Gr",
        "image": "https:\/\/cdn-consum.aktiosdigitalservices.com\/tol\/consum\/media\/product\/img\/300x300\/7238686.jpg?t=20250318080937"
    },
    {
        "id": 7898,
        "name": "Compresa Noche EVAX",
        "price": 4.89,
        "price_kilo": 0.27,
        "slug": "compresa-noche",
        "description": "Compresa Noche 18 U",
        "image": "https:\/\/cdn-consum.aktiosdigitalservices.com\/tol\/consum\/media\/product\/img\/300x300\/7238694.jpg?t=20241217081055"
    },
    {
        "id": 7901,
        "name": "Pi\u00f1a Entera ",
        "price": 4.23,
        "price_kilo": 1.99,
        "slug": "pina-entera",
        "description": "Pi\u00f1a Entera",
        "image": "https:\/\/cdn-consum.aktiosdigitalservices.com\/tol\/consum\/media\/product\/img\/300x300\/7238731.jpg?t=20250319080110"
    },
    {
        "id": 7903,
        "name": "Vodka SHARUSKA",
        "price": 4.95,
        "price_kilo": 7.07,
        "slug": "vodka",
        "description": "Vodka 0,7 L",
        "image": "https:\/\/cdn-consum.aktiosdigitalservices.com\/tol\/consum\/media\/product\/img\/300x300\/7238892.jpg?t=20250320075953"
    },
    {
        "id": 7914,
        "name": "Caramelo Bals\u00e1mico Eucalipto PICTOLIN",
        "price": 1.65,
        "price_kilo": 8.25,
        "slug": "caramelo-balsamico-eucalipto",
        "description": "Caramelo Bals\u00e1mico Eucalipto 200 Gr",
        "image": "https:\/\/cdn-consum.aktiosdigitalservices.com\/tol\/consum\/media\/product\/img\/300x300\/7239551.jpg?t=20250311124525"
    },
    {
        "id": 7915,
        "name": "Caramelo Bals\u00e1mico Eucalipto sin Az\u00facar PICTOLIN",
        "price": 1.85,
        "price_kilo": 12.33,
        "slug": "caramelo-balsamico-eucalipto-sin-azucar",
        "description": "Caramelo Bals\u00e1mico Eucalipto sin Az\u00facar 150 Gr",
        "image": "https:\/\/cdn-consum.aktiosdigitalservices.com\/tol\/consum\/media\/product\/img\/300x300\/7239556.jpg?t=20250311124527"
    },
    {
        "id": 7920,
        "name": "Rulo de Vaca EL PASTOR",
        "price": 1.93,
        "price_kilo": 13.79,
        "slug": "rulo-de-vaca",
        "description": "Rulo de Vaca 140 Gr",
        "image": "https:\/\/cdn-consum.aktiosdigitalservices.com\/tol\/consum\/media\/product\/img\/300x300\/7239911.jpg?t=20250103081238"
    },
    {
        "id": 7934,
        "name": "Bebida Avena Calcio Brik YOSOY",
        "price": 1.7,
        "price_kilo": 1.7,
        "slug": "bebida-avena-calcio-brik",
        "description": "Bebida Avena Calcio Brik 1 L",
        "image": "https:\/\/cdn-consum.aktiosdigitalservices.com\/tol\/consum\/media\/product\/img\/300x300\/7240096.jpg?t=20250311105505"
    },
    {
        "id": 7935,
        "name": "Gel Exfoliante Facial Puntos Negros CLEAN&CLEAR",
        "price": 4.99,
        "price_kilo": 3.33,
        "slug": "gel-exfoliante-facial-puntos-negros",
        "description": "Gel Exfoliante Facial Puntos Negros 150 ml",
        "image": "https:\/\/cdn-consum.aktiosdigitalservices.com\/tol\/consum\/media\/product\/img\/300x300\/7240166.jpg?t=20250312160333"
    },
    {
        "id": 7943,
        "name": "T\u00e9 Verde con Jengibre Sabor Naranja POMPADOUR",
        "price": 2.79,
        "price_kilo": 0.14,
        "slug": "te-verde-con-jengibre-sabor-naranja",
        "description": "T\u00e9 Verde con Jengibre Sabor Naranja 20 U",
        "image": "https:\/\/cdn-consum.aktiosdigitalservices.com\/tol\/consum\/media\/product\/img\/300x300\/7240591.jpg?t=20250311105515"
    },
    {
        "id": 7947,
        "name": "Leche Entera Ecol\u00f3gica Brik PULEVA",
        "price": 1.51,
        "price_kilo": 1.51,
        "slug": "leche-entera-ecologica-brik",
        "description": "Leche Entera Ecol\u00f3gica Brik 1 L",
        "image": "https:\/\/cdn-consum.aktiosdigitalservices.com\/tol\/consum\/media\/product\/img\/300x300\/7241011.jpg?t=20250312092755"
    },
    {
        "id": 7956,
        "name": "Rollo Cocina Maxi Asso Ultra 3 Capas FOXY",
        "price": 3.69,
        "price_kilo": 1.85,
        "slug": "rollo-cocina-maxi-asso-ultra-3-capas",
        "description": "Rollo Cocina Maxi Asso Ultra 3 Capas 2 U",
        "image": "https:\/\/cdn-consum.aktiosdigitalservices.com\/tol\/consum\/media\/product\/img\/300x300\/7241292.jpg?t=20250206092446"
    },
    {
        "id": 7961,
        "name": "Cerveza Tostada Lata TURIA",
        "price": 0.82,
        "price_kilo": 2.48,
        "slug": "cerveza-tostada-lata",
        "description": "Cerveza Tostada Lata 0,33 L",
        "image": "https:\/\/cdn-consum.aktiosdigitalservices.com\/tol\/consum\/media\/product\/img\/300x300\/7241839.jpg?t=20250320075956"
    },
    {
        "id": 7964,
        "name": "Cereales All-Bran Chocolate KELLOGG'S",
        "price": 3.99,
        "price_kilo": 10.64,
        "slug": "cereales-all-bran-chocolate",
        "description": "Cereales All-Bran Chocolate 375 Gr",
        "image": "https:\/\/cdn-consum.aktiosdigitalservices.com\/tol\/consum\/media\/product\/img\/300x300\/7242225.jpg?t=20250311133711"
    },
    {
        "id": 7967,
        "name": "Tortita Ma\u00edz Jordi Cruz Seta, Trufa y Queso BICENTURY",
        "price": 2.39,
        "price_kilo": 19.35,
        "slug": "tortita-maiz-jordi-cruz-seta-trufa-y-queso",
        "description": "Tortita Ma\u00edz Jordi Cruz Seta, Trufa y Queso 123,5 Gr",
        "image": "https:\/\/cdn-consum.aktiosdigitalservices.com\/tol\/consum\/media\/product\/img\/300x300\/7242480.jpg?t=20250313080337"
    },
    {
        "id": 7969,
        "name": "Chuletas de Pavo Adobadas al Ajillo ALDELIS",
        "price": 3.83,
        "price_kilo": 7.65,
        "slug": "chuletas-de-pavo-adobadas-al-ajillo",
        "description": "Chuletas de Pavo Adobadas al Ajillo",
        "image": "https:\/\/cdn-consum.aktiosdigitalservices.com\/tol\/consum\/media\/product\/img\/300x300\/7242522.jpg?t=20250225080007"
    },
    {
        "id": 7973,
        "name": "Bebida de Coco Brik ALPRO",
        "price": 2.29,
        "price_kilo": 2.29,
        "slug": "bebida-de-coco-brik",
        "description": "Bebida de Coco Brik 1 L",
        "image": "https:\/\/cdn-consum.aktiosdigitalservices.com\/tol\/consum\/media\/product\/img\/300x300\/7242592.jpg?t=20250319075849"
    },
    {
        "id": 7975,
        "name": "Mantequilla Tradicional Tarrina ASTURIANA",
        "price": 3.55,
        "price_kilo": 14.2,
        "slug": "mantequilla-tradicional-tarrina",
        "description": "Mantequilla Tradicional Tarrina 250 Gr",
        "image": "https:\/\/cdn-consum.aktiosdigitalservices.com\/tol\/consum\/media\/product\/img\/300x300\/7242618.jpg?t=20250206092505"
    },
    {
        "id": 7976,
        "name": "Alcaparras en Vinagre Tarro CONSUM",
        "price": 1.3,
        "price_kilo": 16.25,
        "slug": "alcaparras-en-vinagre-tarro",
        "description": "Alcaparras en Vinagre Tarro 80 Gr",
        "image": "https:\/\/cdn-consum.aktiosdigitalservices.com\/tol\/consum\/media\/product\/img\/300x300\/7242634.jpg?t=20241217081056"
    },
    {
        "id": 7983,
        "name": "Enjuague Bucal Blanqueador LISTERINE",
        "price": 5.99,
        "price_kilo": 1.2,
        "slug": "enjuague-bucal-blanqueador",
        "description": "Enjuague Bucal Blanqueador 500 ml",
        "image": "https:\/\/cdn-consum.aktiosdigitalservices.com\/tol\/consum\/media\/product\/img\/300x300\/7243376.jpg?t=20250312160342"
    },
    {
        "id": 7985,
        "name": "Nata sin Lactosa ASTURIANA",
        "price": 1.65,
        "price_kilo": 8.25,
        "slug": "nata-sin-lactosa",
        "description": "Nata sin Lactosa 200 ml",
        "image": "https:\/\/cdn-consum.aktiosdigitalservices.com\/tol\/consum\/media\/product\/img\/300x300\/7243462.jpg?t=20250311105536"
    },
    {
        "id": 7986,
        "name": "Caf\u00e9 Soluble Natural Vitalissimo NESCAFE",
        "price": 8.25,
        "price_kilo": 41.25,
        "slug": "cafe-soluble-natural-vitalissimo",
        "description": "Caf\u00e9 Soluble Natural Vitalissimo 200 Gr",
        "image": "https:\/\/cdn-consum.aktiosdigitalservices.com\/tol\/consum\/media\/product\/img\/300x300\/7243665.jpg?t=20250311133716"
    },
    {
        "id": 7988,
        "name": "Peques3 Preparado L\u00e1cteo Cereales y Fruta PULEVA",
        "price": 1.99,
        "price_kilo": 3.32,
        "slug": "peques3-preparado-lacteo-cereales-y-fruta",
        "description": "Peques3 Preparado L\u00e1cteo Cereales y Fruta 3 x 200 ml",
        "image": "https:\/\/cdn-consum.aktiosdigitalservices.com\/tol\/consum\/media\/product\/img\/300x300\/7243918.jpg?t=20250311133720"
    },
    {
        "id": 7990,
        "name": "Cerveza Lata AMSTEL",
        "price": 1.25,
        "price_kilo": 2.5,
        "slug": "cerveza-lata",
        "description": "Cerveza Lata 0,5 L",
        "image": "https:\/\/cdn-consum.aktiosdigitalservices.com\/tol\/consum\/media\/product\/img\/300x300\/7244010.jpg?t=20250312092755"
    },
    {
        "id": 7993,
        "name": "Cacahuetes con Miel Paquete CONSUM",
        "price": 1.35,
        "price_kilo": 9,
        "slug": "cacahuetes-con-miel-paquete",
        "description": "Cacahuetes con Miel Paquete 150 Gr",
        "image": "https:\/\/cdn-consum.aktiosdigitalservices.com\/tol\/consum\/media\/product\/img\/300x300\/7244184.jpg?t=20250312092755"
    },
    {
        "id": 7995,
        "name": "Enjuague Bucal Fl\u00faor Menta KYREY",
        "price": 1.35,
        "price_kilo": 0.27,
        "slug": "enjuague-bucal-fluor-menta",
        "description": "Enjuague Bucal Fl\u00faor Menta 500 ml",
        "image": "https:\/\/cdn-consum.aktiosdigitalservices.com\/tol\/consum\/media\/product\/img\/300x300\/7244221.jpg?t=20250312092755"
    },
    {
        "id": 7998,
        "name": "Alb\u00f3ndiga Mixta CONSUM",
        "price": 3.25,
        "price_kilo": 8.67,
        "slug": "albondiga-mixta",
        "description": "Alb\u00f3ndiga Mixta 375 Gr",
        "image": "https:\/\/cdn-consum.aktiosdigitalservices.com\/tol\/consum\/media\/product\/img\/300x300\/7244460.jpg?t=20241217081057"
    },
    {
        "id": 8004,
        "name": "Esponja Jabonosa Desechable GREEN NATURE",
        "price": 1.2,
        "price_kilo": 0.12,
        "slug": "esponja-jabonosa-desechable",
        "description": "Esponja Jabonosa Desechable 10 U",
        "image": "https:\/\/cdn-consum.aktiosdigitalservices.com\/tol\/consum\/media\/product\/img\/300x300\/7244569.jpg?t=20250313080341"
    },
    {
        "id": 8007,
        "name": "Babero Desechable PONETTE",
        "price": 1.95,
        "price_kilo": 0.2,
        "slug": "babero-desechable",
        "description": "Babero Desechable 10 U",
        "image": "https:\/\/cdn-consum.aktiosdigitalservices.com\/tol\/consum\/media\/product\/img\/300x300\/7244809.jpg?t=20241217081057"
    },
    {
        "id": 8009,
        "name": "Caf\u00e9 Descafeinado Intenso C\u00e1psulas DOLCE GUSTO",
        "price": 5.2,
        "price_kilo": 0.33,
        "slug": "cafe-descafeinado-intenso-capsulas",
        "description": "Caf\u00e9 Descafeinado Intenso C\u00e1psulas 16 U",
        "image": "https:\/\/cdn-consum.aktiosdigitalservices.com\/tol\/consum\/media\/product\/img\/300x300\/7245301.jpg?t=20250312160349"
    },
    {
        "id": 8012,
        "name": "Taquitos Salm\u00f3n Ahumad Noruego LA BALINESA",
        "price": 2.99,
        "price_kilo": 39.87,
        "slug": "taquitos-salmon-ahumad-noruego",
        "description": "Taquitos Salm\u00f3n Ahumad Noruego 75 Gr",
        "image": "https:\/\/cdn-consum.aktiosdigitalservices.com\/tol\/consum\/media\/product\/img\/300x300\/7245616.jpg?t=20241217081057"
    },
    {
        "id": 8013,
        "name": "Bebida Energ\u00e9tica Lata CONTACT",
        "price": 0.75,
        "price_kilo": 1.5,
        "slug": "bebida-energetica-lata",
        "description": "Bebida Energ\u00e9tica Lata 0,5 L",
        "image": "https:\/\/cdn-consum.aktiosdigitalservices.com\/tol\/consum\/media\/product\/img\/300x300\/7245629.jpg?t=20241219080358"
    },
    {
        "id": 8015,
        "name": "M\u00e1quina Desechable 2H con Banda MYSTIQUE",
        "price": 1,
        "price_kilo": 0.2,
        "slug": "maquina-desechable-2h-con-banda",
        "description": "M\u00e1quina Desechable 2H con Banda 5 U",
        "image": "https:\/\/cdn-consum.aktiosdigitalservices.com\/tol\/consum\/media\/product\/img\/300x300\/7245822.jpg?t=20241217081057"
    },
    {
        "id": 8017,
        "name": "Tinte 8.1 Rubio Claro Ceniza PALETTE",
        "price": 4.79,
        "price_kilo": 4.79,
        "slug": "tinte-81-rubio-claro-ceniza",
        "description": "Tinte 8.1 Rubio Claro Ceniza 1 U",
        "image": "https:\/\/cdn-consum.aktiosdigitalservices.com\/tol\/consum\/media\/product\/img\/300x300\/7246072.jpg?t=20250312160351"
    },
    {
        "id": 8021,
        "name": "Chocolate Negro 70% Cacao VALOR",
        "price": 4.75,
        "price_kilo": 23.75,
        "slug": "chocolate-negro-70-cacao",
        "description": "Chocolate Negro 70% Cacao 200 Gr",
        "image": "https:\/\/cdn-consum.aktiosdigitalservices.com\/tol\/consum\/media\/product\/img\/300x300\/7246242.jpg?t=20250311133723"
    },
    {
        "id": 8026,
        "name": "Vaselina SENTI-2",
        "price": 1.99,
        "price_kilo": 19.9,
        "slug": "vaselina",
        "description": "Vaselina 100 Gr",
        "image": "https:\/\/cdn-consum.aktiosdigitalservices.com\/tol\/consum\/media\/product\/img\/300x300\/7246478.jpg?t=20241217081057"
    },
    {
        "id": 8027,
        "name": "Plumas Pasta Fina Paquete GALLO",
        "price": 1.41,
        "price_kilo": 3.53,
        "slug": "plumas-pasta-fina-paquete",
        "description": "Plumas Pasta Fina Paquete 400 Gr",
        "image": "https:\/\/cdn-consum.aktiosdigitalservices.com\/tol\/consum\/media\/product\/img\/300x300\/7246622.jpg?t=20250219080116"
    },
    {
        "id": 8029,
        "name": "Cerveza 0,0% Lata AMSTEL",
        "price": 0.79,
        "price_kilo": 2.39,
        "slug": "cerveza-00-lata",
        "description": "Cerveza 0,0% Lata 0,33 L",
        "image": "https:\/\/cdn-consum.aktiosdigitalservices.com\/tol\/consum\/media\/product\/img\/300x300\/7246700.jpg?t=20250312125429"
    },
    {
        "id": 8039,
        "name": "Dent\u00edfrico Max White One Optic COLGATE",
        "price": 3.19,
        "price_kilo": 4.25,
        "slug": "dentifrico-max-white-one-optic",
        "description": "Dent\u00edfrico Max White One Optic 75 ml",
        "image": "https:\/\/cdn-consum.aktiosdigitalservices.com\/tol\/consum\/media\/product\/img\/300x300\/7247166.jpg?t=20250227092111"
    },
    {
        "id": 8052,
        "name": "K\u00e9fir Vaca EL PASTORET",
        "price": 2.32,
        "price_kilo": 4.64,
        "slug": "kefir-vaca",
        "description": "K\u00e9fir Vaca 500 Gr",
        "image": "https:\/\/cdn-consum.aktiosdigitalservices.com\/tol\/consum\/media\/product\/img\/300x300\/7247674.jpg?t=20241223080033"
    },
    {
        "id": 8054,
        "name": "Chocolate con Leche Extrafino NESTLE",
        "price": 1.85,
        "price_kilo": 14.8,
        "slug": "chocolate-con-leche-extrafino",
        "description": "Chocolate con Leche Extrafino 125 Gr",
        "image": "https:\/\/cdn-consum.aktiosdigitalservices.com\/tol\/consum\/media\/product\/img\/300x300\/7247810.jpg?t=20250321075900"
    },
    {
        "id": 8072,
        "name": "Preparado L\u00e1cteo Max sin Lactosa PULEVA",
        "price": 1.89,
        "price_kilo": 1.89,
        "slug": "preparado-lacteo-max-sin-lactosa",
        "description": "Preparado L\u00e1cteo Max sin Lactosa 1 L",
        "image": "https:\/\/cdn-consum.aktiosdigitalservices.com\/tol\/consum\/media\/product\/img\/300x300\/7248946.jpg?t=20250311105636"
    },
    {
        "id": 8078,
        "name": "Colonia Masculina N\u00ba66 CARAVAN",
        "price": 10.95,
        "price_kilo": 7.3,
        "slug": "colonia-masculina-n66",
        "description": "Colonia Masculina N\u00ba66 150 ml",
        "image": "https:\/\/cdn-consum.aktiosdigitalservices.com\/tol\/consum\/media\/product\/img\/300x300\/7249316.jpg?t=20241217081059"
    },
    {
        "id": 8098,
        "name": "Caf\u00e9 Espresso Natural Molido CONSUM",
        "price": 3.1,
        "price_kilo": 12.4,
        "slug": "cafe-espresso-natural-molido",
        "description": "Caf\u00e9 Espresso Natural Molido 250 Gr",
        "image": "https:\/\/cdn-consum.aktiosdigitalservices.com\/tol\/consum\/media\/product\/img\/300x300\/7250330.jpg?t=20250311105638"
    },
    {
        "id": 8105,
        "name": "Jab\u00f3n de Manos Glicerina LIDA",
        "price": 2.99,
        "price_kilo": 1.2,
        "slug": "jabon-de-manos-glicerina",
        "description": "Jab\u00f3n de Manos Glicerina 250 ml",
        "image": "https:\/\/cdn-consum.aktiosdigitalservices.com\/tol\/consum\/media\/product\/img\/300x300\/7250426.jpg?t=20250227092150"
    },
    {
        "id": 8106,
        "name": "Platanitos Maduros Bolsa SOLDANZA",
        "price": 1.49,
        "price_kilo": 20.99,
        "slug": "platanitos-maduros-bolsa",
        "description": "Platanitos Maduros Bolsa 71 Gr",
        "image": "https:\/\/cdn-consum.aktiosdigitalservices.com\/tol\/consum\/media\/product\/img\/300x300\/7250504.jpg?t=20250123075911"
    },
    {
        "id": 8107,
        "name": "Gyoza de Carne al Vapor TA-TUNG",
        "price": 3.79,
        "price_kilo": 26.32,
        "slug": "gyoza-de-carne-al-vapor",
        "description": "Gyoza de Carne al Vapor 170 Gr",
        "image": "https:\/\/cdn-consum.aktiosdigitalservices.com\/tol\/consum\/media\/product\/img\/300x300\/7250608.jpg?t=20250227092154"
    },
    {
        "id": 8109,
        "name": "Galletas Desayuno con Chocolate y Cereales CONSUM",
        "price": 1.99,
        "price_kilo": 4.98,
        "slug": "galletas-desayuno-con-chocolate-y-cereales",
        "description": "Galletas Desayuno con Chocolate y Cereales 400 Gr",
        "image": "https:\/\/cdn-consum.aktiosdigitalservices.com\/tol\/consum\/media\/product\/img\/300x300\/7250827.jpg?t=20250311133738"
    },
    {
        "id": 8110,
        "name": "Quinoa 100% Paquete SOS",
        "price": 1.95,
        "price_kilo": 7.8,
        "slug": "quinoa-100-paquete",
        "description": "Quinoa 100% Paquete 250 Gr",
        "image": "https:\/\/cdn-consum.aktiosdigitalservices.com\/tol\/consum\/media\/product\/img\/300x300\/7250918.jpg?t=20250103081304"
    },
    {
        "id": 8118,
        "name": "Crema de Untar NUTELLA",
        "price": 3.95,
        "price_kilo": 11.29,
        "slug": "crema-de-untar",
        "description": "Crema de Untar 350 Gr",
        "image": "https:\/\/cdn-consum.aktiosdigitalservices.com\/tol\/consum\/media\/product\/img\/300x300\/7251494.jpg?t=20250311133740"
    },
    {
        "id": 8119,
        "name": "Parches para Acn\u00e9 ACTY PATCH",
        "price": 3.15,
        "price_kilo": 0.08,
        "slug": "parches-para-acne",
        "description": "Parches para Acn\u00e9 40 U",
        "image": "https:\/\/cdn-consum.aktiosdigitalservices.com\/tol\/consum\/media\/product\/img\/300x300\/7251853.jpg?t=20241217081100"
    },
    {
        "id": 8122,
        "name": "Bebida Multivitaminas Brik DON SIMON",
        "price": 1.25,
        "price_kilo": 0.63,
        "slug": "bebida-multivitaminas-brik",
        "description": "Bebida Multivitaminas Brik 2 L",
        "image": "https:\/\/cdn-consum.aktiosdigitalservices.com\/tol\/consum\/media\/product\/img\/300x300\/7252331.jpg?t=20250206092654"
    },
    {
        "id": 8123,
        "name": "Pant Super Talla M INDASEC",
        "price": 10.9,
        "price_kilo": 1.09,
        "slug": "pant-super-talla-m",
        "description": "Pant Super Talla M 10 U",
        "image": "https:\/\/cdn-consum.aktiosdigitalservices.com\/tol\/consum\/media\/product\/img\/300x300\/7252369.jpg?t=20250206092657"
    },
    {
        "id": 8124,
        "name": "Loci\u00f3n Cabello Camomila Rubio Natural INTEA",
        "price": 8.89,
        "price_kilo": 8.89,
        "slug": "locion-cabello-camomila-rubio-natural",
        "description": "Loci\u00f3n Cabello Camomila Rubio Natural 100 ml",
        "image": "https:\/\/cdn-consum.aktiosdigitalservices.com\/tol\/consum\/media\/product\/img\/300x300\/7252393.jpg?t=20241217081100"
    },
    {
        "id": 8136,
        "name": "Vino Blanco de Mesa Botella ROIXELA",
        "price": 1.75,
        "price_kilo": 1.75,
        "slug": "vino-blanco-de-mesa-botella",
        "description": "Vino Blanco de Mesa Botella 1 L",
        "image": "https:\/\/cdn-consum.aktiosdigitalservices.com\/tol\/consum\/media\/product\/img\/300x300\/7253219.jpg?t=20250227092206"
    },
    {
        "id": 8141,
        "name": "Sopa de Pollo con Fideos Finos Baja en Sal Sobre G.BLANCA",
        "price": 0.85,
        "price_kilo": 12.5,
        "slug": "sopa-de-pollo-con-fideos-finos-baja-en-sal-sobre",
        "description": "Sopa de Pollo con Fideos Finos Baja en Sal Sobre 68 Gr",
        "image": "https:\/\/cdn-consum.aktiosdigitalservices.com\/tol\/consum\/media\/product\/img\/300x300\/7254068.jpg?t=20241217081102"
    },
    {
        "id": 8150,
        "name": "Burger Entrecot Aguja 2 Unidades ROLER",
        "price": 3.99,
        "price_kilo": 16.63,
        "slug": "burger-entrecot-aguja-2-unidades",
        "description": "Burger Entrecot Aguja 2 Unidades 240 Gr",
        "image": "https:\/\/cdn-consum.aktiosdigitalservices.com\/tol\/consum\/media\/product\/img\/300x300\/7254394.jpg?t=20250128080051"
    },
    {
        "id": 8154,
        "name": "Vino Tinto de Mesa Botella ROIXELA",
        "price": 1.75,
        "price_kilo": 1.75,
        "slug": "vino-tinto-de-mesa-botella",
        "description": "Vino Tinto de Mesa Botella 1 L",
        "image": "https:\/\/cdn-consum.aktiosdigitalservices.com\/tol\/consum\/media\/product\/img\/300x300\/7254857.jpg?t=20250227092218"
    },
    {
        "id": 8156,
        "name": "Bifrutas Tropical Zero Pack de 6 BIFRUTAS",
        "price": 2.52,
        "price_kilo": 2.1,
        "slug": "bifrutas-tropical-zero-pack-de-6",
        "description": "Bifrutas Tropical Zero Pack de 6 6 x 200 ml",
        "image": "https:\/\/cdn-consum.aktiosdigitalservices.com\/tol\/consum\/media\/product\/img\/300x300\/7255099.jpg?t=20250313080355"
    },
    {
        "id": 8161,
        "name": "Laca Fuerte NELLY",
        "price": 2.59,
        "price_kilo": 0.65,
        "slug": "laca-fuerte",
        "description": "Laca Fuerte 400 ml",
        "image": "https:\/\/cdn-consum.aktiosdigitalservices.com\/tol\/consum\/media\/product\/img\/300x300\/7255664.jpg?t=20241217081102"
    },
    {
        "id": 8166,
        "name": "Salsa Romesco Tarro D'ATENEA",
        "price": 2.65,
        "price_kilo": 9.14,
        "slug": "salsa-romesco-tarro",
        "description": "Salsa Romesco Tarro 290 Gr",
        "image": "https:\/\/cdn-consum.aktiosdigitalservices.com\/tol\/consum\/media\/product\/img\/300x300\/7256159.jpg?t=20241217081103"
    },
    {
        "id": 8178,
        "name": "Az\u00facar Glace Bote AZUCARERA",
        "price": 2.6,
        "price_kilo": 5.2,
        "slug": "azucar-glace-bote",
        "description": "Az\u00facar Glace Bote 500 Gr",
        "image": "https:\/\/cdn-consum.aktiosdigitalservices.com\/tol\/consum\/media\/product\/img\/300x300\/7256915.jpg?t=20250311105719"
    },
    {
        "id": 8182,
        "name": "Pila Alcalina AA LR6 Pack de 8 BAT",
        "price": 1.65,
        "price_kilo": 0.21,
        "slug": "pila-alcalina-aa-lr6-pack-de-8",
        "description": "Pila Alcalina AA LR6 Pack de 8 8 U",
        "image": "https:\/\/cdn-consum.aktiosdigitalservices.com\/tol\/consum\/media\/product\/img\/300x300\/7257160.jpg?t=20241217081103"
    },
    {
        "id": 8183,
        "name": "Pila Alcalina AAA LR03 Pack de 4 BAT",
        "price": 0.99,
        "price_kilo": 0.25,
        "slug": "pila-alcalina-aaa-lr03-pack-de-4",
        "description": "Pila Alcalina AAA LR03 Pack de 4 4 U",
        "image": "https:\/\/cdn-consum.aktiosdigitalservices.com\/tol\/consum\/media\/product\/img\/300x300\/7257165.jpg?t=20241217081103"
    },
    {
        "id": 8189,
        "name": "Bebida Energ\u00e9tica Light Absolutely Zero Lata MONSTER",
        "price": 1.79,
        "price_kilo": 3.58,
        "slug": "bebida-energetica-light-absolutely-zero-lata",
        "description": "Bebida Energ\u00e9tica Light Absolutely Zero Lata 0,5 L",
        "image": "https:\/\/cdn-consum.aktiosdigitalservices.com\/tol\/consum\/media\/product\/img\/300x300\/7257566.jpg?t=20250320080009"
    },
    {
        "id": 8194,
        "name": "Pan Hogaza Masa Madre RUSTIK BAKER",
        "price": 2.73,
        "price_kilo": 6.83,
        "slug": "pan-hogaza-masa-madre",
        "description": "Pan Hogaza Masa Madre 400 Gr",
        "image": "https:\/\/cdn-consum.aktiosdigitalservices.com\/tol\/consum\/media\/product\/img\/300x300\/7257934.jpg?t=20250311105721"
    },
    {
        "id": 8202,
        "name": "Champ\u00fa Aceite Extraordinario ELVIVE",
        "price": 4.75,
        "price_kilo": 1.19,
        "slug": "champu-aceite-extraordinario",
        "description": "Champ\u00fa Aceite Extraordinario 400 ml",
        "image": "https:\/\/cdn-consum.aktiosdigitalservices.com\/tol\/consum\/media\/product\/img\/300x300\/7258189.jpg?t=20250312160418"
    },
    {
        "id": 8207,
        "name": "Champ\u00fa Total Repair 5 ELVIVE",
        "price": 4.75,
        "price_kilo": 1.25,
        "slug": "champu-total-repair-5",
        "description": "Champ\u00fa Total Repair 5 380 ml",
        "image": "https:\/\/cdn-consum.aktiosdigitalservices.com\/tol\/consum\/media\/product\/img\/300x300\/7258254.jpg?t=20250312160428"
    },
    {
        "id": 8217,
        "name": "Aceite Facial Rosa Mosqueta NATURTIERRA",
        "price": 6.29,
        "price_kilo": 20.97,
        "slug": "aceite-facial-rosa-mosqueta",
        "description": "Aceite Facial Rosa Mosqueta 30 ml",
        "image": "https:\/\/cdn-consum.aktiosdigitalservices.com\/tol\/consum\/media\/product\/img\/300x300\/7259393.jpg?t=20241217081104"
    },
    {
        "id": 8223,
        "name": "Botella Vac\u00eda Dosificador PONETTE",
        "price": 0.99,
        "price_kilo": 0.99,
        "slug": "botella-vacia-dosificador",
        "description": "Botella Vac\u00eda Dosificador 1 U",
        "image": "https:\/\/cdn-consum.aktiosdigitalservices.com\/tol\/consum\/media\/product\/img\/300x300\/7259604.jpg?t=20241217081104"
    },
    {
        "id": 8232,
        "name": "Fruta Leche Mel\u00f3n Sand\u00eda Zero Pack 6x200 DON SIMON",
        "price": 1.5,
        "price_kilo": 1.25,
        "slug": "fruta-leche-melon-sandia-zero-pack-6x200",
        "description": "Fruta Leche Mel\u00f3n Sand\u00eda Zero Pack 6x200 6 x 200 ml",
        "image": "https:\/\/cdn-consum.aktiosdigitalservices.com\/tol\/consum\/media\/product\/img\/300x300\/7260347.jpg?t=20250311105735"
    },
    {
        "id": 8238,
        "name": "Sand\u00eda Entera ",
        "price": 14.06,
        "price_kilo": 2.25,
        "slug": "sandia-entera",
        "description": "Sand\u00eda Entera",
        "image": "https:\/\/cdn-consum.aktiosdigitalservices.com\/tol\/consum\/media\/product\/img\/300x300\/6114.jpg?t=20250322075619"
    },
    {
        "id": 8239,
        "name": "Salchichas Wieners Bocadillo OSCAR MAYER",
        "price": 1.75,
        "price_kilo": 6.36,
        "slug": "salchichas-wieners-bocadillo",
        "description": "Salchichas Wieners Bocadillo 275 Gr",
        "image": "https:\/\/cdn-consum.aktiosdigitalservices.com\/tol\/consum\/media\/product\/img\/300x300\/224303.jpg?t=20250311164530"
    },
    {
        "id": 8241,
        "name": "Cereales Nesquik Chocolate NESTLE",
        "price": 3.89,
        "price_kilo": 10.37,
        "slug": "cereales-nesquik-chocolate",
        "description": "Cereales Nesquik Chocolate 375 Gr",
        "image": "https:\/\/cdn-consum.aktiosdigitalservices.com\/tol\/consum\/media\/product\/img\/300x300\/317545.jpg?t=20250311103131"
    },
    {
        "id": 8244,
        "name": "Comida Seca Perros Bon Men\u00fa AFFINITY",
        "price": 9.45,
        "price_kilo": 2.36,
        "slug": "comida-seca-perros-bon-menu",
        "description": "Comida Seca Perros Bon Men\u00fa 4 Kg",
        "image": "https:\/\/cdn-consum.aktiosdigitalservices.com\/tol\/consum\/media\/product\/img\/300x300\/338111.jpg?t=20241217080947"
    },
    {
        "id": 8245,
        "name": "Sopa Deshidratada Maravilla Sobre G.BLANCA",
        "price": 0.85,
        "price_kilo": 10,
        "slug": "sopa-deshidratada-maravilla-sobre",
        "description": "Sopa Deshidratada Maravilla Sobre 85 Gr",
        "image": "https:\/\/cdn-consum.aktiosdigitalservices.com\/tol\/consum\/media\/product\/img\/300x300\/364422.jpg?t=20241217080947"
    },
    {
        "id": 8246,
        "name": "Tallarines Parmesana Sobre G.BLANCA",
        "price": 2.49,
        "price_kilo": 17.41,
        "slug": "tallarines-parmesana-sobre",
        "description": "Tallarines Parmesana Sobre 143 Gr",
        "image": "https:\/\/cdn-consum.aktiosdigitalservices.com\/tol\/consum\/media\/product\/img\/300x300\/369074.jpg?t=20241217080948"
    },
    {
        "id": 8249,
        "name": "Batido de Fresa Botella CHOLECK",
        "price": 1.89,
        "price_kilo": 1.89,
        "slug": "batido-de-fresa-botella",
        "description": "Batido de Fresa Botella 1 L",
        "image": "https:\/\/cdn-consum.aktiosdigitalservices.com\/tol\/consum\/media\/product\/img\/300x300\/596619.jpg?t=20250320075645"
    },
    {
        "id": 8250,
        "name": "Tarrito Fruta Variada Pack de 2 HERO",
        "price": 1.99,
        "price_kilo": 8.29,
        "slug": "tarrito-fruta-variada-pack-de-2",
        "description": "Tarrito Fruta Variada Pack de 2 2 x 120 Gr",
        "image": "https:\/\/cdn-consum.aktiosdigitalservices.com\/tol\/consum\/media\/product\/img\/300x300\/650416.jpg?t=20250311132909"
    },
    {
        "id": 8251,
        "name": "Lentejas con Vegetales Bote CALZADO",
        "price": 1.65,
        "price_kilo": 4.13,
        "slug": "lentejas-con-vegetales-bote",
        "description": "Lentejas con Vegetales Bote 400 Gr",
        "image": "https:\/\/cdn-consum.aktiosdigitalservices.com\/tol\/consum\/media\/product\/img\/300x300\/681478.jpg?t=20250109093254"
    },
    {
        "id": 8252,
        "name": "Palitos Pic y Croq 4 Paquetes VACA QUE RIE",
        "price": 2.59,
        "price_kilo": 18.5,
        "slug": "palitos-pic-y-croq-4-paquetes",
        "description": "Palitos Pic y Croq 4 Paquetes 140 Gr",
        "image": "https:\/\/cdn-consum.aktiosdigitalservices.com\/tol\/consum\/media\/product\/img\/300x300\/684639.jpg?t=20250206090159"
    },
    {
        "id": 8254,
        "name": "Pastelitos de Chocolate Pack de 4 PHOSKITOS",
        "price": 2.99,
        "price_kilo": 18.69,
        "slug": "pastelitos-de-chocolate-pack-de-4",
        "description": "Pastelitos de Chocolate Pack de 4 4 x 40 Gr",
        "image": "https:\/\/cdn-consum.aktiosdigitalservices.com\/tol\/consum\/media\/product\/img\/300x300\/710293.jpg?t=20250311103408"
    },
    {
        "id": 8255,
        "name": "Corazones de Merluza sin Piel congelados PESCANOVA",
        "price": 7.29,
        "price_kilo": 14.58,
        "slug": "corazones-de-merluza-sin-piel-congelados",
        "description": "Corazones de Merluza sin Piel congelados 500 Gr",
        "image": "https:\/\/cdn-consum.aktiosdigitalservices.com\/tol\/consum\/media\/product\/img\/300x300\/746917.jpg?t=20250313075830"
    },
    {
        "id": 8256,
        "name": "Tinte N\u00ba10 Rubio Clar\u00edsimo EXCELLENCE",
        "price": 8.9,
        "price_kilo": 8.9,
        "slug": "tinte-n10-rubio-clarisimo",
        "description": "Tinte N\u00ba10 Rubio Clar\u00edsimo 1 U",
        "image": "https:\/\/cdn-consum.aktiosdigitalservices.com\/tol\/consum\/media\/product\/img\/300x300\/753988.jpg?t=20241217080953"
    },
    {
        "id": 8257,
        "name": "Patatas Prefritas Golden Long congeladas MC CAIN",
        "price": 3.76,
        "price_kilo": 3.76,
        "slug": "patatas-prefritas-golden-long-congeladas",
        "description": "Patatas Prefritas Golden Long congeladas 1 Kg",
        "image": "https:\/\/cdn-consum.aktiosdigitalservices.com\/tol\/consum\/media\/product\/img\/300x300\/844837.jpg?t=20250205075758"
    },
    {
        "id": 8258,
        "name": "Aceite Oliva Virgen Extra Botella HOJIBLANCA",
        "price": 8.29,
        "price_kilo": 8.29,
        "slug": "aceite-oliva-virgen-extra-botella",
        "description": "Aceite Oliva Virgen Extra Botella 1 L",
        "image": "https:\/\/cdn-consum.aktiosdigitalservices.com\/tol\/consum\/media\/product\/img\/300x300\/880799.jpg?t=20250313075840"
    },
    {
        "id": 8259,
        "name": "Yogur Sabor Macedonia Pack de 4 Unidades DANONE",
        "price": 0.95,
        "price_kilo": 1.98,
        "slug": "yogur-sabor-macedonia-pack-de-4-unidades",
        "description": "Yogur Sabor Macedonia Pack de 4 Unidades 4 x 120 Gr",
        "image": "https:\/\/cdn-consum.aktiosdigitalservices.com\/tol\/consum\/media\/product\/img\/300x300\/937151.jpg?t=20241223075709"
    },
    {
        "id": 8260,
        "name": "Aceitunas Manzanilla con Hueso Bolsa JOLCA",
        "price": 0.95,
        "price_kilo": 9.5,
        "slug": "aceitunas-manzanilla-con-hueso-bolsa",
        "description": "Aceitunas Manzanilla con Hueso Bolsa 100 Gr",
        "image": "https:\/\/cdn-consum.aktiosdigitalservices.com\/tol\/consum\/media\/product\/img\/300x300\/1414820.jpg?t=20250318075809"
    },
    {
        "id": 8263,
        "name": "Tarrito Queso y Fruta Pack de 2 HERO",
        "price": 2.79,
        "price_kilo": 17.44,
        "slug": "tarrito-queso-y-fruta-pack-de-2",
        "description": "Tarrito Queso y Fruta Pack de 2 2 x 80 Gr",
        "image": "https:\/\/cdn-consum.aktiosdigitalservices.com\/tol\/consum\/media\/product\/img\/300x300\/1772516.jpg?t=20250311164534"
    },
    {
        "id": 8264,
        "name": "Manzana Granny Smith ",
        "price": 0.55,
        "price_kilo": 2.25,
        "slug": "manzana-granny-smith",
        "description": "Manzana Granny Smith",
        "image": "https:\/\/cdn-consum.aktiosdigitalservices.com\/tol\/consum\/media\/product\/img\/300x300\/2600781.jpg?t=20250322075745"
    },
    {
        "id": 8265,
        "name": "Cabeza Lomo de Cerdo CONSUM",
        "price": 4.12,
        "price_kilo": 6.84,
        "slug": "cabeza-lomo-de-cerdo",
        "description": "Cabeza Lomo de Cerdo",
        "image": "https:\/\/cdn-consum.aktiosdigitalservices.com\/tol\/consum\/media\/product\/img\/300x300\/3347531.jpg?t=20241231075714"
    },
    {
        "id": 8267,
        "name": "Refresco Naranja Bipack Indivisible FANTA",
        "price": 3.6,
        "price_kilo": 0.9,
        "slug": "refresco-naranja-bipack-indivisible",
        "description": "Refresco Naranja Bipack Indivisible 2 x 2 L",
        "image": "https:\/\/cdn-consum.aktiosdigitalservices.com\/tol\/consum\/media\/product\/img\/300x300\/3824505.jpg?t=20250227090235"
    },
    {
        "id": 8268,
        "name": "Yogolino de Pl\u00e1tano Pack de 4 NESTLE",
        "price": 2.79,
        "price_kilo": 6.98,
        "slug": "yogolino-de-platano-pack-de-4",
        "description": "Yogolino de Pl\u00e1tano Pack de 4 4 x 100 Gr",
        "image": "https:\/\/cdn-consum.aktiosdigitalservices.com\/tol\/consum\/media\/product\/img\/300x300\/4507471.jpg?t=20250313075930"
    },
    {
        "id": 8271,
        "name": "Medio Conejo Troceado CONSUM",
        "price": 6.01,
        "price_kilo": 9.2,
        "slug": "medio-conejo-troceado",
        "description": "Medio Conejo Troceado",
        "image": "https:\/\/cdn-consum.aktiosdigitalservices.com\/tol\/consum\/media\/product\/img\/300x300\/5859210.jpg?t=20250211075805"
    },
    {
        "id": 8272,
        "name": "Patatas Fritas Lisas Caseras Bolsa Papel VIDAL",
        "price": 2.75,
        "price_kilo": 11,
        "slug": "patatas-fritas-lisas-caseras-bolsa-papel",
        "description": "Patatas Fritas Lisas Caseras Bolsa Papel 250 Gr",
        "image": "https:\/\/cdn-consum.aktiosdigitalservices.com\/tol\/consum\/media\/product\/img\/300x300\/7000052.jpg?t=20250319075734"
    },
    {
        "id": 8274,
        "name": "Queso Mezcla Semi Lonchas G.BAQUERO",
        "price": 3.89,
        "price_kilo": 19.45,
        "slug": "queso-mezcla-semi-lonchas",
        "description": "Queso Mezcla Semi Lonchas 200 Gr",
        "image": "https:\/\/cdn-consum.aktiosdigitalservices.com\/tol\/consum\/media\/product\/img\/300x300\/7010473.jpg?t=20250312155854"
    },
    {
        "id": 8278,
        "name": "Chicle Grageado Sabor Fresa TRIDENT",
        "price": 1,
        "price_kilo": 7.14,
        "slug": "chicle-grageado-sabor-fresa",
        "description": "Chicle Grageado Sabor Fresa 14,5 Gr",
        "image": "https:\/\/cdn-consum.aktiosdigitalservices.com\/tol\/consum\/media\/product\/img\/300x300\/7021269.jpg?t=20250311124054"
    },
    {
        "id": 8279,
        "name": "Caramelos C\u00edtricos Vita C sin Az\u00facar HALLS",
        "price": 0.99,
        "price_kilo": 3.09,
        "slug": "caramelos-citricos-vita-c-sin-azucar",
        "description": "Caramelos C\u00edtricos Vita C sin Az\u00facar 32 Gr",
        "image": "https:\/\/cdn-consum.aktiosdigitalservices.com\/tol\/consum\/media\/product\/img\/300x300\/7021314.jpg?t=20250311124057"
    },
    {
        "id": 8280,
        "name": "Galleta Dorada al Horno sin Az\u00facares GULLON ZERO",
        "price": 3.25,
        "price_kilo": 9.85,
        "slug": "galleta-dorada-al-horno-sin-azucares",
        "description": "Galleta Dorada al Horno sin Az\u00facares 330 Gr",
        "image": "https:\/\/cdn-consum.aktiosdigitalservices.com\/tol\/consum\/media\/product\/img\/300x300\/7024839.jpg?t=20250311103832"
    },
    {
        "id": 8281,
        "name": "Mini S\u00e1ndwich Bomb\u00f3n Pack de 6 Unidades CONSUM",
        "price": 2.55,
        "price_kilo": 7.87,
        "slug": "mini-sandwich-bombon-pack-de-6-unidades",
        "description": "Mini S\u00e1ndwich Bomb\u00f3n Pack de 6 Unidades 324 Gr",
        "image": "https:\/\/cdn-consum.aktiosdigitalservices.com\/tol\/consum\/media\/product\/img\/300x300\/7025166.jpg?t=20241219075943"
    },
    {
        "id": 8282,
        "name": "S\u00e1ndwich de Nata Pack de 6 Unidades CONSUM",
        "price": 1.85,
        "price_kilo": 5.82,
        "slug": "sandwich-de-nata-pack-de-6-unidades",
        "description": "S\u00e1ndwich de Nata Pack de 6 Unidades 318 Gr",
        "image": "https:\/\/cdn-consum.aktiosdigitalservices.com\/tol\/consum\/media\/product\/img\/300x300\/7025174.jpg?t=20250107075655"
    },
    {
        "id": 8283,
        "name": "Tarrina Leche Merengada 1 Litro CONSUM",
        "price": 2.79,
        "price_kilo": 5.69,
        "slug": "tarrina-leche-merengada-1-litro",
        "description": "Tarrina Leche Merengada 1 Litro 490 Gr",
        "image": "https:\/\/cdn-consum.aktiosdigitalservices.com\/tol\/consum\/media\/product\/img\/300x300\/7025190.jpg?t=20250312125028"
    },
    {
        "id": 8284,
        "name": "Tarrina con Chocolate 1 Litro CONSUM",
        "price": 3.25,
        "price_kilo": 6.44,
        "slug": "tarrina-con-chocolate-1-litro",
        "description": "Tarrina con Chocolate 1 Litro 505 Gr",
        "image": "https:\/\/cdn-consum.aktiosdigitalservices.com\/tol\/consum\/media\/product\/img\/300x300\/7025195.jpg?t=20250120075640"
    },
    {
        "id": 8286,
        "name": "Champi\u00f1ones Enteros Lata CONSUM",
        "price": 1.45,
        "price_kilo": 7.84,
        "slug": "champinones-enteros-lata",
        "description": "Champi\u00f1ones Enteros Lata 185 Gr",
        "image": "https:\/\/cdn-consum.aktiosdigitalservices.com\/tol\/consum\/media\/product\/img\/300x300\/7035579.jpg?t=20241217081004"
    },
    {
        "id": 8287,
        "name": "Aceite de Semillas Botella LA PISTA",
        "price": 2.24,
        "price_kilo": 2.24,
        "slug": "aceite-de-semillas-botella",
        "description": "Aceite de Semillas Botella 1 L",
        "image": "https:\/\/cdn-consum.aktiosdigitalservices.com\/tol\/consum\/media\/product\/img\/300x300\/7036221.jpg?t=20250103080314"
    },
    {
        "id": 8289,
        "name": "Yemas de Esp\u00e1rragos Extra Frasco CONSUM",
        "price": 1.79,
        "price_kilo": 16.27,
        "slug": "yemas-de-esparragos-extra-frasco",
        "description": "Yemas de Esp\u00e1rragos Extra Frasco 110 Gr",
        "image": "https:\/\/cdn-consum.aktiosdigitalservices.com\/tol\/consum\/media\/product\/img\/300x300\/7043057.jpg?t=20241217081007"
    },
    {
        "id": 8292,
        "name": "Acelgas Frasco CONSUM",
        "price": 1.75,
        "price_kilo": 4.12,
        "slug": "acelgas-frasco",
        "description": "Acelgas Frasco 425 Gr",
        "image": "https:\/\/cdn-consum.aktiosdigitalservices.com\/tol\/consum\/media\/product\/img\/300x300\/7044068.jpg?t=20241217081008"
    },
    {
        "id": 8294,
        "name": "Bloque Tres Sabores 1 Litro CONSUM",
        "price": 1.9,
        "price_kilo": 3.63,
        "slug": "bloque-tres-sabores-1-litro",
        "description": "Bloque Tres Sabores 1 Litro 523 Gr",
        "image": "https:\/\/cdn-consum.aktiosdigitalservices.com\/tol\/consum\/media\/product\/img\/300x300\/7046477.jpg?t=20241220075821"
    },
    {
        "id": 8297,
        "name": "Sangr\u00eda Botella Pet DON SIMON",
        "price": 2.1,
        "price_kilo": 1.4,
        "slug": "sangria-botella-pet",
        "description": "Sangr\u00eda Botella Pet 1,5 L",
        "image": "https:\/\/cdn-consum.aktiosdigitalservices.com\/tol\/consum\/media\/product\/img\/300x300\/7051928.jpg?t=20250131075713"
    },
    {
        "id": 8300,
        "name": "Galletas Saladas Bac\u00f3n Paquete LU",
        "price": 1.49,
        "price_kilo": 14.9,
        "slug": "galletas-saladas-bacon-paquete",
        "description": "Galletas Saladas Bac\u00f3n Paquete 100 Gr",
        "image": "https:\/\/cdn-consum.aktiosdigitalservices.com\/tol\/consum\/media\/product\/img\/300x300\/7064475.jpg?t=20250206090845"
    },
    {
        "id": 8301,
        "name": "Rollitos de Primavera TA-TUNG",
        "price": 2.79,
        "price_kilo": 9.96,
        "slug": "rollitos-de-primavera",
        "description": "Rollitos de Primavera 280 Gr",
        "image": "https:\/\/cdn-consum.aktiosdigitalservices.com\/tol\/consum\/media\/product\/img\/300x300\/7064991.jpg?t=20250218080024"
    },
    {
        "id": 8302,
        "name": "Refresco Agua Aromatiza Lim\u00f3n Botella F.PRIMAVERA",
        "price": 1.15,
        "price_kilo": 0.77,
        "slug": "refresco-agua-aromatiza-limon-botella",
        "description": "Refresco Agua Aromatiza Lim\u00f3n Botella 1,5 L",
        "image": "https:\/\/cdn-consum.aktiosdigitalservices.com\/tol\/consum\/media\/product\/img\/300x300\/7068906.jpg?t=20250312092743"
    },
    {
        "id": 8304,
        "name": "Bloque de Turr\u00f3n 1 Litro CONSUM",
        "price": 2.69,
        "price_kilo": 5.03,
        "slug": "bloque-de-turron-1-litro",
        "description": "Bloque de Turr\u00f3n 1 Litro 535 Gr",
        "image": "https:\/\/cdn-consum.aktiosdigitalservices.com\/tol\/consum\/media\/product\/img\/300x300\/7069912.jpg?t=20241217081013"
    },
    {
        "id": 8307,
        "name": "Bomb\u00f3n Almendrado 4 Unidades CONSUM",
        "price": 2.35,
        "price_kilo": 7.25,
        "slug": "bombon-almendrado-4-unidades",
        "description": "Bomb\u00f3n Almendrado 4 Unidades 324 Gr",
        "image": "https:\/\/cdn-consum.aktiosdigitalservices.com\/tol\/consum\/media\/product\/img\/300x300\/7079671.jpg?t=20241219080028"
    },
    {
        "id": 8308,
        "name": "Rosquilletas Artesanas con Queso VELARTE",
        "price": 1.03,
        "price_kilo": 12.88,
        "slug": "rosquilletas-artesanas-con-queso",
        "description": "Rosquilletas Artesanas con Queso 80 Gr",
        "image": "https:\/\/cdn-consum.aktiosdigitalservices.com\/tol\/consum\/media\/product\/img\/300x300\/7081482.jpg?t=20250311104237"
    },
    {
        "id": 8309,
        "name": "Esponja Limpia Calzado YAK",
        "price": 1.75,
        "price_kilo": 1.75,
        "slug": "esponja-limpia-calzado",
        "description": "Esponja Limpia Calzado 1 U",
        "image": "https:\/\/cdn-consum.aktiosdigitalservices.com\/tol\/consum\/media\/product\/img\/300x300\/7082043.jpg?t=20241217081016"
    },
    {
        "id": 8313,
        "name": "Pepinillos Agridulces Frasco CONSUM",
        "price": 1.69,
        "price_kilo": 7.35,
        "slug": "pepinillos-agridulces-frasco",
        "description": "Pepinillos Agridulces Frasco 230 Gr",
        "image": "https:\/\/cdn-consum.aktiosdigitalservices.com\/tol\/consum\/media\/product\/img\/300x300\/7083330.jpg?t=20241217081016"
    },
    {
        "id": 8314,
        "name": "Guindillas en Vinagre Frasco CONSUM",
        "price": 1.45,
        "price_kilo": 9.06,
        "slug": "guindillas-en-vinagre-frasco",
        "description": "Guindillas en Vinagre Frasco 160 Gr",
        "image": "https:\/\/cdn-consum.aktiosdigitalservices.com\/tol\/consum\/media\/product\/img\/300x300\/7083343.jpg?t=20241217081016"
    },
    {
        "id": 8315,
        "name": "Kinder Bueno White KINDER",
        "price": 1.25,
        "price_kilo": 3.21,
        "slug": "kinder-bueno-white",
        "description": "Kinder Bueno White 39 Gr",
        "image": "https:\/\/cdn-consum.aktiosdigitalservices.com\/tol\/consum\/media\/product\/img\/300x300\/7083889.jpg?t=20250311133231"
    },
    {
        "id": 8319,
        "name": "Barritas de Muesli con Chocolate 6U CONSUM",
        "price": 1.75,
        "price_kilo": 11.67,
        "slug": "barritas-de-muesli-con-chocolate-6u",
        "description": "Barritas de Muesli con Chocolate 6U 150 Gr",
        "image": "https:\/\/cdn-consum.aktiosdigitalservices.com\/tol\/consum\/media\/product\/img\/300x300\/7089183.jpg?t=20250312092745"
    },
    {
        "id": 8324,
        "name": "Toallitas Limpiagafas CONSUM",
        "price": 1.49,
        "price_kilo": 0.05,
        "slug": "toallitas-limpiagafas",
        "description": "Toallitas Limpiagafas 30 U",
        "image": "https:\/\/cdn-consum.aktiosdigitalservices.com\/tol\/consum\/media\/product\/img\/300x300\/7097041.jpg?t=20250313080034"
    },
    {
        "id": 8326,
        "name": "Salchich\u00f3n a la Pimienta Finas Lonchas SOL\u00c0",
        "price": 2.59,
        "price_kilo": 17.27,
        "slug": "salchichon-a-la-pimienta-finas-lonchas",
        "description": "Salchich\u00f3n a la Pimienta Finas Lonchas 150 Gr",
        "image": "https:\/\/cdn-consum.aktiosdigitalservices.com\/tol\/consum\/media\/product\/img\/300x300\/7097454.jpg?t=20250206091103"
    },
    {
        "id": 8328,
        "name": "Salchich\u00f3n de Pavo 2 Unidades GOIKOA",
        "price": 2.95,
        "price_kilo": 19.67,
        "slug": "salchichon-de-pavo-2-unidades",
        "description": "Salchich\u00f3n de Pavo 2 Unidades 2 x 75 Gr",
        "image": "https:\/\/cdn-consum.aktiosdigitalservices.com\/tol\/consum\/media\/product\/img\/300x300\/7098114.jpg?t=20241217081018"
    },
    {
        "id": 8331,
        "name": "Antipolillas colgador Lavanda Duplo POLIL",
        "price": 3.75,
        "price_kilo": 1.88,
        "slug": "antipolillas-colgador-lavanda-duplo",
        "description": "Antipolillas colgador Lavanda Duplo 2 U",
        "image": "https:\/\/cdn-consum.aktiosdigitalservices.com\/tol\/consum\/media\/product\/img\/300x300\/7102213.jpg?t=20250313080047"
    },
    {
        "id": 8334,
        "name": "Chocolate Crujiente CONSUM",
        "price": 1.39,
        "price_kilo": 13.9,
        "slug": "chocolate-crujiente",
        "description": "Chocolate Crujiente 100 Gr",
        "image": "https:\/\/cdn-consum.aktiosdigitalservices.com\/tol\/consum\/media\/product\/img\/300x300\/7108509.jpg?t=20250311133321"
    },
    {
        "id": 8335,
        "name": "Barritas Special K Chocolate con Leche 6U KELLOGG'S",
        "price": 3.55,
        "price_kilo": 29.58,
        "slug": "barritas-special-k-chocolate-con-leche-6u",
        "description": "Barritas Special K Chocolate con Leche 6U 120 Gr",
        "image": "https:\/\/cdn-consum.aktiosdigitalservices.com\/tol\/consum\/media\/product\/img\/300x300\/7108744.jpg?t=20250311133323"
    },
    {
        "id": 8336,
        "name": "Queso Mezcla Curado Lonchas GRAN CAPITAN",
        "price": 3.52,
        "price_kilo": 25.14,
        "slug": "queso-mezcla-curado-lonchas",
        "description": "Queso Mezcla Curado Lonchas 140 Gr",
        "image": "https:\/\/cdn-consum.aktiosdigitalservices.com\/tol\/consum\/media\/product\/img\/300x300\/7109932.jpg?t=20250103080628"
    },
    {
        "id": 8337,
        "name": "Mortadela Cl\u00e1sica CAMPOFR\u00cdO",
        "price": 1,
        "price_kilo": 10.53,
        "slug": "mortadela-clasica",
        "description": "Mortadela Cl\u00e1sica 95 Gr",
        "image": "https:\/\/cdn-consum.aktiosdigitalservices.com\/tol\/consum\/media\/product\/img\/300x300\/7113520.jpg?t=20241217081021"
    },
    {
        "id": 8347,
        "name": "Zumo Manzana Concentrado Pack de 6 CONSUM",
        "price": 1.3,
        "price_kilo": 1.08,
        "slug": "zumo-manzana-concentrado-pack-de-6",
        "description": "Zumo Manzana Concentrado Pack de 6 6 x 0,2 L",
        "image": "https:\/\/cdn-consum.aktiosdigitalservices.com\/tol\/consum\/media\/product\/img\/300x300\/7120236.jpg?t=20250114084041"
    },
    {
        "id": 8348,
        "name": "Tinto Verano Cl\u00e1sico Botella Pet DON SIMON",
        "price": 1.85,
        "price_kilo": 1.23,
        "slug": "tinto-verano-clasico-botella-pet",
        "description": "Tinto Verano Cl\u00e1sico Botella Pet 1,5 L",
        "image": "https:\/\/cdn-consum.aktiosdigitalservices.com\/tol\/consum\/media\/product\/img\/300x300\/7133796.jpg?t=20250228075926"
    },
    {
        "id": 8352,
        "name": "Pan Molde 100 %Integral sin Corteza CONSUM",
        "price": 1.23,
        "price_kilo": 2.73,
        "slug": "pan-molde-100-integral-sin-corteza",
        "description": "Pan Molde 100 %Integral sin Corteza 450 Gr",
        "image": "https:\/\/cdn-consum.aktiosdigitalservices.com\/tol\/consum\/media\/product\/img\/300x300\/7149086.jpg?t=20250311104633"
    },
    {
        "id": 8353,
        "name": "Gazpacho Tradicional CONSUM",
        "price": 1.7,
        "price_kilo": 1.7,
        "slug": "gazpacho-tradicional",
        "description": "Gazpacho Tradicional 1 L",
        "image": "https:\/\/cdn-consum.aktiosdigitalservices.com\/tol\/consum\/media\/product\/img\/300x300\/7150308.jpg?t=20241217081025"
    },
    {
        "id": 8354,
        "name": "Panecillos Tostados Sabor Tomate Or\u00e9gano CONSUM",
        "price": 1.2,
        "price_kilo": 7.5,
        "slug": "panecillos-tostados-sabor-tomate-oregano",
        "description": "Panecillos Tostados Sabor Tomate Or\u00e9gano 160 Gr",
        "image": "https:\/\/cdn-consum.aktiosdigitalservices.com\/tol\/consum\/media\/product\/img\/300x300\/7153786.jpg?t=20250311104701"
    },
    {
        "id": 8359,
        "name": "Rosca R\u00fastica de Jam\u00f3n Bac\u00f3n y Queso DE ORO",
        "price": 3.45,
        "price_kilo": 7.19,
        "slug": "rosca-rustica-de-jamon-bacon-y-queso",
        "description": "Rosca R\u00fastica de Jam\u00f3n Bac\u00f3n y Queso 480 Gr",
        "image": "https:\/\/cdn-consum.aktiosdigitalservices.com\/tol\/consum\/media\/product\/img\/300x300\/7154156.jpg?t=20250320075854"
    },
    {
        "id": 8364,
        "name": "Mel\u00f3n Piel de Sapo Partido ",
        "price": 5.56,
        "price_kilo": 2.28,
        "slug": "melon-piel-de-sapo-partido",
        "description": "Mel\u00f3n Piel de Sapo Partido",
        "image": "https:\/\/cdn-consum.aktiosdigitalservices.com\/tol\/consum\/media\/product\/img\/300x300\/7156276.jpg?t=20250207075903"
    },
    {
        "id": 8365,
        "name": "Sand\u00eda Partida ",
        "price": 5.44,
        "price_kilo": 2.45,
        "slug": "sandia-partida",
        "description": "Sand\u00eda Partida",
        "image": "https:\/\/cdn-consum.aktiosdigitalservices.com\/tol\/consum\/media\/product\/img\/300x300\/7156289.jpg?t=20250322075859"
    },
    {
        "id": 8368,
        "name": "C\u00f3ctel Frutos Secos Cl\u00e1sico Bolsa CONSUM",
        "price": 2.39,
        "price_kilo": 13.66,
        "slug": "coctel-frutos-secos-clasico-bolsa",
        "description": "C\u00f3ctel Frutos Secos Cl\u00e1sico Bolsa 175 Gr",
        "image": "https:\/\/cdn-consum.aktiosdigitalservices.com\/tol\/consum\/media\/product\/img\/300x300\/7157910.jpg?t=20241225075739"
    },
    {
        "id": 8369,
        "name": "Cebolla Frita Pack de 2 latas HIDA",
        "price": 2.49,
        "price_kilo": 8.03,
        "slug": "cebolla-frita-pack-de-2-latas",
        "description": "Cebolla Frita Pack de 2 latas 2 x 155 Gr",
        "image": "https:\/\/cdn-consum.aktiosdigitalservices.com\/tol\/consum\/media\/product\/img\/300x300\/7159197.jpg?t=20250206091518"
    },
    {
        "id": 8370,
        "name": "Yogur Fresa Macedonia Pl\u00e1tano y Tarta de Queso DANONE",
        "price": 1.89,
        "price_kilo": 1.97,
        "slug": "yogur-fresa-macedonia-platano-y-tarta-de-queso",
        "description": "Yogur Fresa Macedonia Pl\u00e1tano y Tarta de Queso 8 x 120 Gr",
        "image": "https:\/\/cdn-consum.aktiosdigitalservices.com\/tol\/consum\/media\/product\/img\/300x300\/7159705.jpg?t=20250220080204"
    },
    {
        "id": 8371,
        "name": "Recipiente para Tinte PONETTE",
        "price": 0.99,
        "price_kilo": 0.99,
        "slug": "recipiente-para-tinte",
        "description": "Recipiente para Tinte 1 U",
        "image": "https:\/\/cdn-consum.aktiosdigitalservices.com\/tol\/consum\/media\/product\/img\/300x300\/7164127.jpg?t=20250311164549"
    },
    {
        "id": 8372,
        "name": "Bolsas Basura Autocierre Jard\u00edn Verde 100L CONSUM",
        "price": 2.65,
        "price_kilo": 0.27,
        "slug": "bolsas-basura-autocierre-jardin-verde-100l",
        "description": "Bolsas Basura Autocierre Jard\u00edn Verde 100L 10 U",
        "image": "https:\/\/cdn-consum.aktiosdigitalservices.com\/tol\/consum\/media\/product\/img\/300x300\/7164788.jpg?t=20250206091538"
    },
    {
        "id": 8373,
        "name": "Bolsa Basura Comunidad Negra de 100 Litros CONSUM",
        "price": 1.25,
        "price_kilo": 0.13,
        "slug": "bolsa-basura-comunidad-negra-de-100-litros",
        "description": "Bolsa Basura Comunidad Negra de 100 Litros 10 U",
        "image": "https:\/\/cdn-consum.aktiosdigitalservices.com\/tol\/consum\/media\/product\/img\/300x300\/7164796.jpg?t=20241217081029"
    },
    {
        "id": 8376,
        "name": "Caf\u00e9 Soluble 3 en 1 10 Sobres NESCAFE",
        "price": 2.95,
        "price_kilo": 18.44,
        "slug": "cafe-soluble-3-en-1-10-sobres",
        "description": "Caf\u00e9 Soluble 3 en 1 10 Sobres 160 Gr",
        "image": "https:\/\/cdn-consum.aktiosdigitalservices.com\/tol\/consum\/media\/product\/img\/300x300\/7169712.jpg?t=20250312092749"
    },
    {
        "id": 8380,
        "name": "Queso Mezcla Curado Precortado L.Pasteurizad CONSUM",
        "price": 3.92,
        "price_kilo": 15.68,
        "slug": "queso-mezcla-curado-precortado-lpasteurizad",
        "description": "Queso Mezcla Curado Precortado L.Pasteurizad 250 Gr",
        "image": "https:\/\/cdn-consum.aktiosdigitalservices.com\/tol\/consum\/media\/product\/img\/300x300\/7173842.jpg?t=20250103080836"
    },
    {
        "id": 8393,
        "name": "Tarrito Merienda Galleta Fruta Variada Pack 2 HERO",
        "price": 2.99,
        "price_kilo": 7.87,
        "slug": "tarrito-merienda-galleta-fruta-variada-pack-2",
        "description": "Tarrito Merienda Galleta Fruta Variada Pack 2 2 x 190 Gr",
        "image": "https:\/\/cdn-consum.aktiosdigitalservices.com\/tol\/consum\/media\/product\/img\/300x300\/7185569.jpg?t=20250311133520"
    },
    {
        "id": 8395,
        "name": "Caldo Casero Pollo Bajo en Sal Brik G.BLANCA",
        "price": 2.2,
        "price_kilo": 2.2,
        "slug": "caldo-casero-pollo-bajo-en-sal-brik",
        "description": "Caldo Casero Pollo Bajo en Sal Brik 1 L",
        "image": "https:\/\/cdn-consum.aktiosdigitalservices.com\/tol\/consum\/media\/product\/img\/300x300\/7187813.jpg?t=20250206091803"
    },
    {
        "id": 8396,
        "name": "Yogolino Natural Pack de 4 NESTLE",
        "price": 2.79,
        "price_kilo": 6.98,
        "slug": "yogolino-natural-pack-de-4",
        "description": "Yogolino Natural Pack de 4 4 x 100 Gr",
        "image": "https:\/\/cdn-consum.aktiosdigitalservices.com\/tol\/consum\/media\/product\/img\/300x300\/7188241.jpg?t=20250311105009"
    },
    {
        "id": 8408,
        "name": "Ensalada C\u00e9sar Completa FLORETTE",
        "price": 3.2,
        "price_kilo": 15.24,
        "slug": "ensalada-cesar-completa",
        "description": "Ensalada C\u00e9sar Completa 210 Gr",
        "image": "https:\/\/cdn-consum.aktiosdigitalservices.com\/tol\/consum\/media\/product\/img\/300x300\/7197069.jpg?t=20250318080100"
    },
    {
        "id": 8417,
        "name": "Pavo con Verduras congelado FRIPOZO",
        "price": 2.49,
        "price_kilo": 6.23,
        "slug": "pavo-con-verduras-congelado",
        "description": "Pavo con Verduras congelado 400 Gr",
        "image": "https:\/\/cdn-consum.aktiosdigitalservices.com\/tol\/consum\/media\/product\/img\/300x300\/7205300.jpg?t=20250312125337"
    },
    {
        "id": 8418,
        "name": "Galletas Artesanas con Ca\u00f1amon BONDIA",
        "price": 1.22,
        "price_kilo": 9.76,
        "slug": "galletas-artesanas-con-canamon",
        "description": "Galletas Artesanas con Ca\u00f1amon 125 Gr",
        "image": "https:\/\/cdn-consum.aktiosdigitalservices.com\/tol\/consum\/media\/product\/img\/300x300\/7205367.jpg?t=20250311105140"
    },
    {
        "id": 8426,
        "name": "Queso Tierno Lonchas EL VENTERO",
        "price": 3.25,
        "price_kilo": 20.31,
        "slug": "queso-tierno-lonchas",
        "description": "Queso Tierno Lonchas 160 Gr",
        "image": "https:\/\/cdn-consum.aktiosdigitalservices.com\/tol\/consum\/media\/product\/img\/300x300\/7213874.jpg?t=20250227091525"
    },
    {
        "id": 8427,
        "name": "Queso  Light Lonchas EL VENTERO",
        "price": 3.25,
        "price_kilo": 20.31,
        "slug": "queso-light-lonchas",
        "description": "Queso  Light Lonchas 160 Gr",
        "image": "https:\/\/cdn-consum.aktiosdigitalservices.com\/tol\/consum\/media\/product\/img\/300x300\/7213882.jpg?t=20250227091529"
    },
    {
        "id": 8442,
        "name": "Pan de Molde Integral ",
        "price": 1.5,
        "price_kilo": 3.75,
        "slug": "pan-de-molde-integral",
        "description": "Pan de Molde Integral 400 Gr",
        "image": "https:\/\/cdn-consum.aktiosdigitalservices.com\/tol\/consum\/media\/product\/img\/300x300\/7220861.jpg?t=20250228080056"
    },
    {
        "id": 8443,
        "name": "Arroz Negro congelado CONSUM",
        "price": 2.99,
        "price_kilo": 4.98,
        "slug": "arroz-negro-congelado",
        "description": "Arroz Negro congelado 600 Gr",
        "image": "https:\/\/cdn-consum.aktiosdigitalservices.com\/tol\/consum\/media\/product\/img\/300x300\/7221567.jpg?t=20241217081047"
    },
    {
        "id": 8446,
        "name": "Limpiador Suelos y Superficies SANYTOL",
        "price": 3.19,
        "price_kilo": 2.66,
        "slug": "limpiador-suelos-y-superficies",
        "description": "Limpiador Suelos y Superficies 1,2 L",
        "image": "https:\/\/cdn-consum.aktiosdigitalservices.com\/tol\/consum\/media\/product\/img\/300x300\/7222586.jpg?t=20250312125357"
    },
    {
        "id": 8452,
        "name": "Barrita Muesli con Ar\u00e1ndanos 6U CONSUM",
        "price": 2.29,
        "price_kilo": 15.27,
        "slug": "barrita-muesli-con-arandanos-6u",
        "description": "Barrita Muesli con Ar\u00e1ndanos 6U 150 Gr",
        "image": "https:\/\/cdn-consum.aktiosdigitalservices.com\/tol\/consum\/media\/product\/img\/300x300\/7228380.jpg?t=20250311133639"
    },
    {
        "id": 8459,
        "name": "Vino Blanco Joven Botella PLUVIUM",
        "price": 2.25,
        "price_kilo": 3,
        "slug": "vino-blanco-joven-botella",
        "description": "Vino Blanco Joven Botella 0,75 L",
        "image": "https:\/\/cdn-consum.aktiosdigitalservices.com\/tol\/consum\/media\/product\/img\/300x300\/7233661.jpg?t=20250206092347"
    },
    {
        "id": 8475,
        "name": "Caramelo Toffe sin Az\u00facar WERTHERS",
        "price": 2.29,
        "price_kilo": 25.44,
        "slug": "caramelo-toffe-sin-azucar",
        "description": "Caramelo Toffe sin Az\u00facar 90 Gr",
        "image": "https:\/\/cdn-consum.aktiosdigitalservices.com\/tol\/consum\/media\/product\/img\/300x300\/7241623.jpg?t=20250312160336"
    },
    {
        "id": 8480,
        "name": "Pan de Pita Pack de 6 Unidades STAR",
        "price": 1.65,
        "price_kilo": 4.13,
        "slug": "pan-de-pita-pack-de-6-unidades",
        "description": "Pan de Pita Pack de 6 Unidades 400 Gr",
        "image": "https:\/\/cdn-consum.aktiosdigitalservices.com\/tol\/consum\/media\/product\/img\/300x300\/7247294.jpg?t=20250318080202"
    },
    {
        "id": 8484,
        "name": "Yuquitas Bolsa SOLDANZA",
        "price": 1.49,
        "price_kilo": 3.31,
        "slug": "yuquitas-bolsa",
        "description": "Yuquitas Bolsa 45 Gr",
        "image": "https:\/\/cdn-consum.aktiosdigitalservices.com\/tol\/consum\/media\/product\/img\/300x300\/7250496.jpg?t=20250312092755"
    },
    {
        "id": 8485,
        "name": "Stevia Edulcorante CONSUM",
        "price": 1.95,
        "price_kilo": 0.04,
        "slug": "stevia-edulcorante",
        "description": "Stevia Edulcorante 50 U",
        "image": "https:\/\/cdn-consum.aktiosdigitalservices.com\/tol\/consum\/media\/product\/img\/300x300\/7251767.jpg?t=20250311105654"
    },
    {
        "id": 8486,
        "name": "Mini Empanadilla Selecta Espinacas Queso 5 Und. ",
        "price": 2.85,
        "price_kilo": 13.57,
        "slug": "mini-empanadilla-selecta-espinacas-queso-5-und",
        "description": "Mini Empanadilla Selecta Espinacas Queso 5 Und. 210 Gr",
        "image": "https:\/\/cdn-consum.aktiosdigitalservices.com\/tol\/consum\/media\/product\/img\/300x300\/7253839.jpg?t=20250320080006"
    },
    {
        "id": 8489,
        "name": "Patatas Prefritas Corte Casero congeladas CONSUM",
        "price": 2.03,
        "price_kilo": 2.03,
        "slug": "patatas-prefritas-corte-casero-congeladas",
        "description": "Patatas Prefritas Corte Casero congeladas 1 Kg",
        "image": "https:\/\/cdn-consum.aktiosdigitalservices.com\/tol\/consum\/media\/product\/img\/300x300\/7255425.jpg?t=20250103081309"
    },
    {
        "id": 8490,
        "name": "Champ\u00fa Reflejos Dorados TIMOTEI",
        "price": 3.29,
        "price_kilo": 0.82,
        "slug": "champu-reflejos-dorados",
        "description": "Champ\u00fa Reflejos Dorados 400 ml",
        "image": "https:\/\/cdn-consum.aktiosdigitalservices.com\/tol\/consum\/media\/product\/img\/300x300\/7255719.jpg?t=20250206092710"
    },
    {
        "id": 8495,
        "name": "Pila Alcalina AA LR6 Pack de 4 BAT",
        "price": 0.99,
        "price_kilo": 0.25,
        "slug": "pila-alcalina-aa-lr6-pack-de-4",
        "description": "Pila Alcalina AA LR6 Pack de 4 4 U",
        "image": "https:\/\/cdn-consum.aktiosdigitalservices.com\/tol\/consum\/media\/product\/img\/300x300\/7257152.jpg?t=20241217081103"
    },
    {
        "id": 8497,
        "name": "Vino Tinto de Mesa Brik PE\u00d1ASOL",
        "price": 1.59,
        "price_kilo": 1.59,
        "slug": "vino-tinto-de-mesa-brik",
        "description": "Vino Tinto de Mesa Brik 1 L",
        "image": "https:\/\/cdn-consum.aktiosdigitalservices.com\/tol\/consum\/media\/product\/img\/300x300\/7257827.jpg?t=20250206092733"
    },
    {
        "id": 8504,
        "name": "Macarrones Paquete CONSUM",
        "price": 1.25,
        "price_kilo": 1.25,
        "slug": "macarrones-paquete",
        "description": "Macarrones Paquete 1 Kg",
        "image": "https:\/\/cdn-consum.aktiosdigitalservices.com\/tol\/consum\/media\/product\/img\/300x300\/7259104.jpg?t=20250228080146"
    },
    {
        "id": 8513,
        "name": "Crema Q10  F30 Antiarrugas NIVEA",
        "price": 11.99,
        "price_kilo": 23.98,
        "slug": "crema-q10-f30-antiarrugas",
        "description": "Crema Q10  F30 Antiarrugas 50 ml",
        "image": "https:\/\/cdn-consum.aktiosdigitalservices.com\/tol\/consum\/media\/product\/img\/300x300\/7260532.jpg?t=20250313080401"
    },
    {
        "id": 8525,
        "name": "Desodorante Spray Protege y Cuida NIVEA",
        "price": 3.15,
        "price_kilo": 1.58,
        "slug": "desodorante-spray-protege-y-cuida",
        "description": "Desodorante Spray Protege y Cuida 200 ml",
        "image": "https:\/\/cdn-consum.aktiosdigitalservices.com\/tol\/consum\/media\/product\/img\/300x300\/7261720.jpg?t=20250311164600"
    },
    {
        "id": 8537,
        "name": "Chocolate Negro 70% con Almendras VALOR",
        "price": 5.99,
        "price_kilo": 23.96,
        "slug": "chocolate-negro-70-con-almendras",
        "description": "Chocolate Negro 70% con Almendras 250 Gr",
        "image": "https:\/\/cdn-consum.aktiosdigitalservices.com\/tol\/consum\/media\/product\/img\/300x300\/7264422.jpg?t=20250311133804"
    },
    {
        "id": 8538,
        "name": "Trampa Cucarachas Doble Cebo CUCAL",
        "price": 6.15,
        "price_kilo": 1.03,
        "slug": "trampa-cucarachas-doble-cebo",
        "description": "Trampa Cucarachas Doble Cebo 6 U",
        "image": "https:\/\/cdn-consum.aktiosdigitalservices.com\/tol\/consum\/media\/product\/img\/300x300\/99390.jpg?t=20250312155624"
    },
    {
        "id": 8539,
        "name": "Pechuga de  Pollo ",
        "price": 1.89,
        "price_kilo": 7.25,
        "slug": "pechuga-de-pollo",
        "description": "Pechuga de  Pollo",
        "image": "https:\/\/cdn-consum.aktiosdigitalservices.com\/tol\/consum\/media\/product\/img\/300x300\/107359.jpg?t=20250322075650"
    },
    {
        "id": 8541,
        "name": "Queso Mezcla Semi Leche Pasteurizada G.BAQUERO",
        "price": 16.7,
        "price_kilo": 16.7,
        "slug": "queso-mezcla-semi-leche-pasteurizada",
        "description": "Queso Mezcla Semi Leche Pasteurizada",
        "image": "https:\/\/cdn-consum.aktiosdigitalservices.com\/tol\/consum\/media\/product\/img\/300x300\/232710.jpg?t=20250321075629"
    },
    {
        "id": 8542,
        "name": "Insecticida Cucarachas Spray CUCAL",
        "price": 6.65,
        "price_kilo": 16.63,
        "slug": "insecticida-cucarachas-spray",
        "description": "Insecticida Cucarachas Spray 400 ml",
        "image": "https:\/\/cdn-consum.aktiosdigitalservices.com\/tol\/consum\/media\/product\/img\/300x300\/333567.jpg?t=20250301075635"
    },
    {
        "id": 8543,
        "name": "Laca Cabello Normal ELNETT",
        "price": 5.95,
        "price_kilo": 1.49,
        "slug": "laca-cabello-normal",
        "description": "Laca Cabello Normal 400 ml",
        "image": "https:\/\/cdn-consum.aktiosdigitalservices.com\/tol\/consum\/media\/product\/img\/300x300\/440735.jpg?t=20241217080949"
    },
    {
        "id": 8544,
        "name": "Tarrina de Vainilla con Nueces 460 Ml. HAAGEN DAZS",
        "price": 7.29,
        "price_kilo": 18.23,
        "slug": "tarrina-de-vainilla-con-nueces-460-ml",
        "description": "Tarrina de Vainilla con Nueces 460 Ml. 400 Gr",
        "image": "https:\/\/cdn-consum.aktiosdigitalservices.com\/tol\/consum\/media\/product\/img\/300x300\/599993.jpg?t=20250218075834"
    },
    {
        "id": 8545,
        "name": "Longaniza de Pascua SERRANO",
        "price": 0.76,
        "price_kilo": 18.9,
        "slug": "longaniza-de-pascua",
        "description": "Longaniza de Pascua",
        "image": "https:\/\/cdn-consum.aktiosdigitalservices.com\/tol\/consum\/media\/product\/img\/300x300\/936864.jpg?t=20250222075633"
    },
    {
        "id": 8547,
        "name": "Sepia Limpia . ",
        "price": 8.26,
        "price_kilo": 14.95,
        "slug": "sepia-limpia-",
        "description": "Sepia Limpia .",
        "image": "https:\/\/cdn-consum.aktiosdigitalservices.com\/tol\/consum\/media\/product\/img\/300x300\/938910.jpg?t=20250317075629"
    },
    {
        "id": 8548,
        "name": "Confitura Diet Fresa HERO",
        "price": 2.69,
        "price_kilo": 9.61,
        "slug": "confitura-diet-fresa",
        "description": "Confitura Diet Fresa 280 Gr",
        "image": "https:\/\/cdn-consum.aktiosdigitalservices.com\/tol\/consum\/media\/product\/img\/300x300\/941088.jpg?t=20250311103455"
    },
    {
        "id": 8550,
        "name": "Cuarto Trasero de Pollo ",
        "price": 1.48,
        "price_kilo": 3.7,
        "slug": "cuarto-trasero-de-pollo",
        "description": "Cuarto Trasero de Pollo",
        "image": "https:\/\/cdn-consum.aktiosdigitalservices.com\/tol\/consum\/media\/product\/img\/300x300\/4374864.jpg?t=20250322075751"
    },
    {
        "id": 8551,
        "name": "Pollo Limpio Entero o Mitades ",
        "price": 7.22,
        "price_kilo": 3.25,
        "slug": "pollo-limpio-entero-o-mitades",
        "description": "Pollo Limpio Entero o Mitades - Entero 2,2 kg aprox",
        "image": "https:\/\/cdn-consum.aktiosdigitalservices.com\/tol\/consum\/media\/product\/img\/300x300\/4378345.jpg?t=20250322075752"
    },
    {
        "id": 8554,
        "name": "Bebida de Chufa Zero Botella CHUFI",
        "price": 1.89,
        "price_kilo": 1.89,
        "slug": "bebida-de-chufa-zero-botella",
        "description": "Bebida de Chufa Zero Botella 1 L",
        "image": "https:\/\/cdn-consum.aktiosdigitalservices.com\/tol\/consum\/media\/product\/img\/300x300\/7025013.jpg?t=20250320075757"
    },
    {
        "id": 8555,
        "name": "Tarrina Sorbete de Lim\u00f3n 1 Litro CONSUM",
        "price": 2.35,
        "price_kilo": 4.12,
        "slug": "tarrina-sorbete-de-limon-1-litro",
        "description": "Tarrina Sorbete de Lim\u00f3n 1 Litro 570 Gr",
        "image": "https:\/\/cdn-consum.aktiosdigitalservices.com\/tol\/consum\/media\/product\/img\/300x300\/7025203.jpg?t=20241217081002"
    },
    {
        "id": 8557,
        "name": "Danet de Chocolate Natillas Pack de 4 Und. DANONE",
        "price": 1.99,
        "price_kilo": 4.15,
        "slug": "danet-de-chocolate-natillas-pack-de-4-und",
        "description": "Danet de Chocolate Natillas Pack de 4 Und. 4 x 120 Gr",
        "image": "https:\/\/cdn-consum.aktiosdigitalservices.com\/tol\/consum\/media\/product\/img\/300x300\/7037112.jpg?t=20241217081005"
    },
    {
        "id": 8559,
        "name": "Tarrina 3 Chocolates 900 Ml. CONSUM",
        "price": 3.69,
        "price_kilo": 7.5,
        "slug": "tarrina-3-chocolates-900-ml",
        "description": "Tarrina 3 Chocolates 900 Ml. 492 Gr",
        "image": "https:\/\/cdn-consum.aktiosdigitalservices.com\/tol\/consum\/media\/product\/img\/300x300\/7046451.jpg?t=20250218080014"
    },
    {
        "id": 8560,
        "name": "Tarrina de Vainilla y Nueces Pecan 900 Ml. CONSUM",
        "price": 3.4,
        "price_kilo": 7.16,
        "slug": "tarrina-de-vainilla-y-nueces-pecan-900-ml",
        "description": "Tarrina de Vainilla y Nueces Pecan 900 Ml. 476 Gr",
        "image": "https:\/\/cdn-consum.aktiosdigitalservices.com\/tol\/consum\/media\/product\/img\/300x300\/7046456.jpg?t=20250120075643"
    },
    {
        "id": 8563,
        "name": "Danonino Petit Maxi Fresa y Pl\u00e1tano Pack 4 U DANONE",
        "price": 2.19,
        "price_kilo": 5.48,
        "slug": "danonino-petit-maxi-fresa-y-platano-pack-4-u",
        "description": "Danonino Petit Maxi Fresa y Pl\u00e1tano Pack 4 U 4 x 100 Gr",
        "image": "https:\/\/cdn-consum.aktiosdigitalservices.com\/tol\/consum\/media\/product\/img\/300x300\/7068588.jpg?t=20250218080028"
    },
    {
        "id": 8564,
        "name": "Ambientador WC Liquido Concentrado FORESAN",
        "price": 1.7,
        "price_kilo": 1.7,
        "slug": "ambientador-wc-liquido-concentrado",
        "description": "Ambientador WC Liquido Concentrado 1 U",
        "image": "https:\/\/cdn-consum.aktiosdigitalservices.com\/tol\/consum\/media\/product\/img\/300x300\/7075518.jpg?t=20241217081014"
    },
    {
        "id": 8566,
        "name": "Cono Nata Pack de 6 Unidades CONSUM",
        "price": 2.45,
        "price_kilo": 5.75,
        "slug": "cono-nata-pack-de-6-unidades",
        "description": "Cono Nata Pack de 6 Unidades 426 Gr",
        "image": "https:\/\/cdn-consum.aktiosdigitalservices.com\/tol\/consum\/media\/product\/img\/300x300\/7081156.jpg?t=20250312155934"
    },
    {
        "id": 8572,
        "name": "Minibombones sin Az\u00facar 4Cl\u00e1sico + 4 Almendrado CONSUM",
        "price": 2.99,
        "price_kilo": 10.38,
        "slug": "minibombones-sin-azucar-4clasico-4-almendrado",
        "description": "Minibombones sin Az\u00facar 4Cl\u00e1sico + 4 Almendrado 288 Gr",
        "image": "https:\/\/cdn-consum.aktiosdigitalservices.com\/tol\/consum\/media\/product\/img\/300x300\/7118151.jpg?t=20250315075726"
    },
    {
        "id": 8574,
        "name": "Q.FrescTradicional Cabra L. de Cabra Pasteurizada GRANJA RINYA",
        "price": 15.5,
        "price_kilo": 15.5,
        "slug": "qfresctradicional-cabra-l-de-cabra-pasteurizada",
        "description": "Q.FrescTradicional Cabra L. de Cabra Pasteurizada",
        "image": "https:\/\/cdn-consum.aktiosdigitalservices.com\/tol\/consum\/media\/product\/img\/300x300\/7150576.jpg?t=20250322075857"
    },
    {
        "id": 8593,
        "name": "Flan de Huevo al Ba\u00f1o Mar\u00eda REINA",
        "price": 2.29,
        "price_kilo": 5.2,
        "slug": "flan-de-huevo-al-bano-maria",
        "description": "Flan de Huevo al Ba\u00f1o Mar\u00eda 4 x 110 Gr",
        "image": "https:\/\/cdn-consum.aktiosdigitalservices.com\/tol\/consum\/media\/product\/img\/300x300\/7197424.jpg?t=20250218080308"
    },
    {
        "id": 8597,
        "name": "Cesta Vacia Mimbre regalo PONETTE",
        "price": 1.99,
        "price_kilo": 1.99,
        "slug": "cesta-vacia-mimbre-regalo",
        "description": "Cesta Vacia Mimbre regalo 1 U",
        "image": "https:\/\/cdn-consum.aktiosdigitalservices.com\/tol\/consum\/media\/product\/img\/300x300\/7208770.jpg?t=20241217081042"
    },
    {
        "id": 8599,
        "name": "Vino Blanco Joven D.O.Mancha CARLADES",
        "price": 1.45,
        "price_kilo": 1.93,
        "slug": "vino-blanco-joven-domancha",
        "description": "Vino Blanco Joven D.O.Mancha 0,75 L",
        "image": "https:\/\/cdn-consum.aktiosdigitalservices.com\/tol\/consum\/media\/product\/img\/300x300\/7217131.jpg?t=20250129075907"
    },
    {
        "id": 8603,
        "name": "Hervido congelado CONSUM",
        "price": 1.83,
        "price_kilo": 2.44,
        "slug": "hervido-congelado",
        "description": "Hervido congelado 750 Gr",
        "image": "https:\/\/cdn-consum.aktiosdigitalservices.com\/tol\/consum\/media\/product\/img\/300x300\/7220689.jpg?t=20250311164556"
    },
    {
        "id": 8607,
        "name": "Galletas Mini Cookies CONSUM",
        "price": 0.79,
        "price_kilo": 9.29,
        "slug": "galletas-mini-cookies",
        "description": "Galletas Mini Cookies 85 Gr",
        "image": "https:\/\/cdn-consum.aktiosdigitalservices.com\/tol\/consum\/media\/product\/img\/300x300\/7234326.jpg?t=20250312092754"
    },
    {
        "id": 8612,
        "name": "Horchata Original Botell\u00edn Pack de 3 CHUFI",
        "price": 2.35,
        "price_kilo": 3.13,
        "slug": "horchata-original-botellin-pack-de-3",
        "description": "Horchata Original Botell\u00edn Pack de 3 3 x 250 ml",
        "image": "https:\/\/cdn-consum.aktiosdigitalservices.com\/tol\/consum\/media\/product\/img\/300x300\/7239254.jpg?t=20250318080938"
    },
    {
        "id": 8619,
        "name": "Vino Tinto Premium V.T. Castilla FLAVIUM",
        "price": 3.99,
        "price_kilo": 5.32,
        "slug": "vino-tinto-premium-vt-castilla",
        "description": "Vino Tinto Premium V.T. Castilla 0,75 L",
        "image": "https:\/\/cdn-consum.aktiosdigitalservices.com\/tol\/consum\/media\/product\/img\/300x300\/7251577.jpg?t=20241217081100"
    },
    {
        "id": 8623,
        "name": "Caf\u00e9 Lungo C\u00e1psulas DOLCE GUSTO",
        "price": 5.2,
        "price_kilo": 0.33,
        "slug": "cafe-lungo-capsulas",
        "description": "Caf\u00e9 Lungo C\u00e1psulas 16 U",
        "image": "https:\/\/cdn-consum.aktiosdigitalservices.com\/tol\/consum\/media\/product\/img\/300x300\/7255958.jpg?t=20250311133750"
    },
    {
        "id": 8627,
        "name": "F\u00f3sforos de Madera para Cocina FLAM UP",
        "price": 1.1,
        "price_kilo": 0.37,
        "slug": "fosforos-de-madera-para-cocina",
        "description": "F\u00f3sforos de Madera para Cocina 3 U",
        "image": "https:\/\/cdn-consum.aktiosdigitalservices.com\/tol\/consum\/media\/product\/img\/300x300\/7258700.jpg?t=20250121080337"
    },
    {
        "id": 8630,
        "name": "F\u00f3sforos de Madera FLAM UP",
        "price": 0.99,
        "price_kilo": 0.1,
        "slug": "fosforos-de-madera",
        "description": "F\u00f3sforos de Madera 10 U",
        "image": "https:\/\/cdn-consum.aktiosdigitalservices.com\/tol\/consum\/media\/product\/img\/300x300\/7260193.jpg?t=20241217081104"
    },
    {
        "id": 8637,
        "name": "Arroz Risotto Arborio Paquete SCOTTI",
        "price": 1.86,
        "price_kilo": 3.72,
        "slug": "arroz-risotto-arborio-paquete",
        "description": "Arroz Risotto Arborio Paquete 500 Gr",
        "image": "https:\/\/cdn-consum.aktiosdigitalservices.com\/tol\/consum\/media\/product\/img\/300x300\/7262462.jpg?t=20250103081337"
    },
    {
        "id": 8657,
        "name": "Pan S\u00e1ndwich Multicereal Sottile 8 Unidades DULCESOL",
        "price": 1.88,
        "price_kilo": 6.06,
        "slug": "pan-sandwich-multicereal-sottile-8-unidades",
        "description": "Pan S\u00e1ndwich Multicereal Sottile 8 Unidades 310 Gr",
        "image": "https:\/\/cdn-consum.aktiosdigitalservices.com\/tol\/consum\/media\/product\/img\/300x300\/7264380.jpg?t=20250312125450"
    },
    {
        "id": 8662,
        "name": "Torcidas Regaliz Fresa FINI",
        "price": 1.25,
        "price_kilo": 8.33,
        "slug": "torcidas-regaliz-fresa",
        "description": "Torcidas Regaliz Fresa 170 Gr",
        "image": "https:\/\/cdn-consum.aktiosdigitalservices.com\/tol\/consum\/media\/product\/img\/300x300\/7265176.jpg?t=20250311124609"
    },
    {
        "id": 8663,
        "name": "Cerveza Tostada Maestra Lata MAHOU",
        "price": 1.05,
        "price_kilo": 3.18,
        "slug": "cerveza-tostada-maestra-lata",
        "description": "Cerveza Tostada Maestra Lata 0,33 L",
        "image": "https:\/\/cdn-consum.aktiosdigitalservices.com\/tol\/consum\/media\/product\/img\/300x300\/7265432.jpg?t=20250312125453"
    },
    {
        "id": 8665,
        "name": "Tomate para Untar con Aceite y Ajo Tarrina IBERITOS",
        "price": 1.35,
        "price_kilo": 15.34,
        "slug": "tomate-para-untar-con-aceite-y-ajo-tarrina",
        "description": "Tomate para Untar con Aceite y Ajo Tarrina 4 x 22 Gr",
        "image": "https:\/\/cdn-consum.aktiosdigitalservices.com\/tol\/consum\/media\/product\/img\/300x300\/7265973.jpg?t=20250311164600"
    },
    {
        "id": 8669,
        "name": "Pera Alejandrina ",
        "price": 0.69,
        "price_kilo": 2.59,
        "slug": "pera-alejandrina",
        "description": "Pera Alejandrina",
        "image": "https:\/\/cdn-consum.aktiosdigitalservices.com\/tol\/consum\/media\/product\/img\/300x300\/2386.jpg?t=20250322075613"
    },
    {
        "id": 8673,
        "name": "Queso Fundido Entero Lonchas HOCHLAND",
        "price": 2.55,
        "price_kilo": 8.5,
        "slug": "queso-fundido-entero-lonchas",
        "description": "Queso Fundido Entero Lonchas 300 Gr",
        "image": "https:\/\/cdn-consum.aktiosdigitalservices.com\/tol\/consum\/media\/product\/img\/300x300\/228221.jpg?t=20250103075928"
    },
    {
        "id": 8675,
        "name": "Sopa Deshidratada Verdura  Sobre G.BLANCA",
        "price": 0.85,
        "price_kilo": 16.67,
        "slug": "sopa-deshidratada-verdura-sobre",
        "description": "Sopa Deshidratada Verdura  Sobre 51 Gr",
        "image": "https:\/\/cdn-consum.aktiosdigitalservices.com\/tol\/consum\/media\/product\/img\/300x300\/364406.jpg?t=20250206090008"
    },
    {
        "id": 8679,
        "name": "Limpiador WC L\u00edquido Frescor PATO",
        "price": 3.19,
        "price_kilo": 4.25,
        "slug": "limpiador-wc-liquido-frescor",
        "description": "Limpiador WC L\u00edquido Frescor 0,75 L",
        "image": "https:\/\/cdn-consum.aktiosdigitalservices.com\/tol\/consum\/media\/product\/img\/300x300\/412031.jpg?t=20250227085948"
    },
    {
        "id": 8681,
        "name": "Fregona Sint\u00e9tica Super VILEDA",
        "price": 2.69,
        "price_kilo": 2.69,
        "slug": "fregona-sintetica-super",
        "description": "Fregona Sint\u00e9tica Super 1 U",
        "image": "https:\/\/cdn-consum.aktiosdigitalservices.com\/tol\/consum\/media\/product\/img\/300x300\/418160.jpg?t=20241217080949"
    },
    {
        "id": 8687,
        "name": "Estropajos Acero Inox SPONTEX",
        "price": 1.49,
        "price_kilo": 0.75,
        "slug": "estropajos-acero-inox",
        "description": "Estropajos Acero Inox 2 U",
        "image": "https:\/\/cdn-consum.aktiosdigitalservices.com\/tol\/consum\/media\/product\/img\/300x300\/431122.jpg?t=20241217080949"
    },
    {
        "id": 8688,
        "name": "N\u00e9ctar Pi\u00f1a Botella Pet GRANINI",
        "price": 2.89,
        "price_kilo": 2.89,
        "slug": "nectar-pina-botella-pet",
        "description": "N\u00e9ctar Pi\u00f1a Botella Pet 1 L",
        "image": "https:\/\/cdn-consum.aktiosdigitalservices.com\/tol\/consum\/media\/product\/img\/300x300\/444356.jpg?t=20250206090106"
    },
    {
        "id": 8689,
        "name": "Bebida a base de Zumo de Melocot\u00f3n Pet GRANINI",
        "price": 2.89,
        "price_kilo": 2.89,
        "slug": "bebida-a-base-de-zumo-de-melocoton-pet",
        "description": "Bebida a base de Zumo de Melocot\u00f3n Pet 1 L",
        "image": "https:\/\/cdn-consum.aktiosdigitalservices.com\/tol\/consum\/media\/product\/img\/300x300\/444364.jpg?t=20250206090108"
    },
    {
        "id": 8692,
        "name": "Tampones Digital Normal OB",
        "price": 6.19,
        "price_kilo": 0.19,
        "slug": "tampones-digital-normal",
        "description": "Tampones Digital Normal 32 U",
        "image": "https:\/\/cdn-consum.aktiosdigitalservices.com\/tol\/consum\/media\/product\/img\/300x300\/464552.jpg?t=20250318080931"
    },
    {
        "id": 8694,
        "name": "Limpiacristales Cristalino Pistola CRISTASOL",
        "price": 2.65,
        "price_kilo": 3.53,
        "slug": "limpiacristales-cristalino-pistola",
        "description": "Limpiacristales Cristalino Pistola 0,75 L",
        "image": "https:\/\/cdn-consum.aktiosdigitalservices.com\/tol\/consum\/media\/product\/img\/300x300\/519710.jpg?t=20250227090021"
    },
    {
        "id": 8695,
        "name": "Maquinilla Extra II Piel Sensible Desechable WILKINSON",
        "price": 6.29,
        "price_kilo": 0.63,
        "slug": "maquinilla-extra-ii-piel-sensible-desechable",
        "description": "Maquinilla Extra II Piel Sensible Desechable 10 U",
        "image": "https:\/\/cdn-consum.aktiosdigitalservices.com\/tol\/consum\/media\/product\/img\/300x300\/551085.jpg?t=20250227090023"
    },
    {
        "id": 8696,
        "name": "Laurel en Hojas Bolsa DUCROS",
        "price": 1.49,
        "price_kilo": 18.63,
        "slug": "laurel-en-hojas-bolsa",
        "description": "Laurel en Hojas Bolsa 8 Gr",
        "image": "https:\/\/cdn-consum.aktiosdigitalservices.com\/tol\/consum\/media\/product\/img\/300x300\/557371.jpg?t=20250318075734"
    },
    {
        "id": 8705,
        "name": "Sobrasada Etiqueta Negra ZAGAL",
        "price": 2.99,
        "price_kilo": 14.95,
        "slug": "sobrasada-etiqueta-negra",
        "description": "Sobrasada Etiqueta Negra 200 Gr",
        "image": "https:\/\/cdn-consum.aktiosdigitalservices.com\/tol\/consum\/media\/product\/img\/300x300\/2013308.jpg?t=20241217080956"
    },
    {
        "id": 8706,
        "name": "Estropajos Salvau\u00f1as Classic 2u m\u00e1s 1 regalo S.BRITE",
        "price": 1.79,
        "price_kilo": 0.6,
        "slug": "estropajos-salvaunas-classic-2u-mas-1-regalo",
        "description": "Estropajos Salvau\u00f1as Classic 2u m\u00e1s 1 regalo 3 U",
        "image": "https:\/\/cdn-consum.aktiosdigitalservices.com\/tol\/consum\/media\/product\/img\/300x300\/2038941.jpg?t=20241217080956"
    },
    {
        "id": 8707,
        "name": "Escoba Antichoque con Funci\u00f3n 3 en 1 VILEDA",
        "price": 5.65,
        "price_kilo": 5.65,
        "slug": "escoba-antichoque-con-funcion-3-en-1",
        "description": "Escoba Antichoque con Funci\u00f3n 3 en 1 1 U",
        "image": "https:\/\/cdn-consum.aktiosdigitalservices.com\/tol\/consum\/media\/product\/img\/300x300\/2139830.jpg?t=20250311164534"
    },
    {
        "id": 8713,
        "name": "Gel Fijador Extrafuerte Style FRUCTIS",
        "price": 3.45,
        "price_kilo": 1.73,
        "slug": "gel-fijador-extrafuerte-style",
        "description": "Gel Fijador Extrafuerte Style 200 ml",
        "image": "https:\/\/cdn-consum.aktiosdigitalservices.com\/tol\/consum\/media\/product\/img\/300x300\/3715471.jpg?t=20250206090429"
    },
    {
        "id": 8717,
        "name": "Multiusos Espuma TENN",
        "price": 4.15,
        "price_kilo": 8.3,
        "slug": "multiusos-espuma",
        "description": "Multiusos Espuma 0,5 L",
        "image": "https:\/\/cdn-consum.aktiosdigitalservices.com\/tol\/consum\/media\/product\/img\/300x300\/4839759.jpg?t=20250206090515"
    },
    {
        "id": 8718,
        "name": "Maquinilla Desechable Blue II Plus GILLETTE",
        "price": 3.49,
        "price_kilo": 0.7,
        "slug": "maquinilla-desechable-blue-ii-plus",
        "description": "Maquinilla Desechable Blue II Plus 5 U",
        "image": "https:\/\/cdn-consum.aktiosdigitalservices.com\/tol\/consum\/media\/product\/img\/300x300\/5178678.jpg?t=20241217080959"
    },
    {
        "id": 8721,
        "name": "Corazones Lechuga 6 U Peso Aproximado 250 gr ",
        "price": 1.99,
        "price_kilo": 7.96,
        "slug": "corazones-lechuga-6-u-peso-aproximado-250-gr",
        "description": "Corazones Lechuga 6 U Peso Aproximado 250 gr 0,25 Kg",
        "image": "https:\/\/cdn-consum.aktiosdigitalservices.com\/tol\/consum\/media\/product\/img\/300x300\/5983945.jpg?t=20250225075759"
    },
    {
        "id": 8725,
        "name": "Garbanza Blanca LUENGO",
        "price": 2.59,
        "price_kilo": 5.18,
        "slug": "garbanza-blanca",
        "description": "Garbanza Blanca 500 Gr",
        "image": "https:\/\/cdn-consum.aktiosdigitalservices.com\/tol\/consum\/media\/product\/img\/300x300\/7012412.jpg?t=20250109093828"
    },
    {
        "id": 8728,
        "name": "Alubia Blanca Larga LUENGO",
        "price": 2.04,
        "price_kilo": 4.08,
        "slug": "alubia-blanca-larga",
        "description": "Alubia Blanca Larga 500 Gr",
        "image": "https:\/\/cdn-consum.aktiosdigitalservices.com\/tol\/consum\/media\/product\/img\/300x300\/7021116.jpg?t=20250103080243"
    },
    {
        "id": 8731,
        "name": "Arroz Vaporizado CONSUM",
        "price": 1.67,
        "price_kilo": 1.67,
        "slug": "arroz-vaporizado",
        "description": "Arroz Vaporizado 1 Kg",
        "image": "https:\/\/cdn-consum.aktiosdigitalservices.com\/tol\/consum\/media\/product\/img\/300x300\/7022726.jpg?t=20250103080248"
    },
    {
        "id": 8732,
        "name": "Arroz Integral D.O. Valencia Paquete DACSA",
        "price": 2.03,
        "price_kilo": 2.03,
        "slug": "arroz-integral-do-valencia-paquete",
        "description": "Arroz Integral D.O. Valencia Paquete 1 Kg",
        "image": "https:\/\/cdn-consum.aktiosdigitalservices.com\/tol\/consum\/media\/product\/img\/300x300\/7025039.jpg?t=20250103080257"
    },
    {
        "id": 8733,
        "name": "S\u00e1ndwich de Vainilla y Chocolate 6 Unidades CONSUM",
        "price": 2.25,
        "price_kilo": 7.08,
        "slug": "sandwich-de-vainilla-y-chocolate-6-unidades",
        "description": "S\u00e1ndwich de Vainilla y Chocolate 6 Unidades 318 Gr",
        "image": "https:\/\/cdn-consum.aktiosdigitalservices.com\/tol\/consum\/media\/product\/img\/300x300\/7025179.jpg?t=20241217081002"
    },
    {
        "id": 8734,
        "name": "Lej\u00eda Lavadora Protecci\u00f3n ACE",
        "price": 2.6,
        "price_kilo": 1.3,
        "slug": "lejia-lavadora-proteccion",
        "description": "Lej\u00eda Lavadora Protecci\u00f3n 2 L",
        "image": "https:\/\/cdn-consum.aktiosdigitalservices.com\/tol\/consum\/media\/product\/img\/300x300\/7026862.jpg?t=20250311124107"
    },
    {
        "id": 8739,
        "name": "Cebolla Tierna Peque\u00f1a Bandeja ",
        "price": 2.19,
        "price_kilo": 7.3,
        "slug": "cebolla-tierna-pequena-bandeja",
        "description": "Cebolla Tierna Peque\u00f1a Bandeja 300 Gr",
        "image": "https:\/\/cdn-consum.aktiosdigitalservices.com\/tol\/consum\/media\/product\/img\/300x300\/7043367.jpg?t=20250219075835"
    },
    {
        "id": 8740,
        "name": "Sardinas en Escabeche Lata CONSUM",
        "price": 1.25,
        "price_kilo": 14.88,
        "slug": "sardinas-en-escabeche-lata",
        "description": "Sardinas en Escabeche Lata 84 Gr",
        "image": "https:\/\/cdn-consum.aktiosdigitalservices.com\/tol\/consum\/media\/product\/img\/300x300\/7043722.jpg?t=20241217081008"
    },
    {
        "id": 8742,
        "name": "Sopa Deshidratada Ave y Arroz Sobre G.BLANCA",
        "price": 0.85,
        "price_kilo": 10.63,
        "slug": "sopa-deshidratada-ave-y-arroz-sobre",
        "description": "Sopa Deshidratada Ave y Arroz Sobre 80 Gr",
        "image": "https:\/\/cdn-consum.aktiosdigitalservices.com\/tol\/consum\/media\/product\/img\/300x300\/7044803.jpg?t=20241217081008"
    },
    {
        "id": 8753,
        "name": "Ensalada Maxi Variada Bolsa CONSUM",
        "price": 1.68,
        "price_kilo": 4.8,
        "slug": "ensalada-maxi-variada-bolsa",
        "description": "Ensalada Maxi Variada Bolsa 350 Gr",
        "image": "https:\/\/cdn-consum.aktiosdigitalservices.com\/tol\/consum\/media\/product\/img\/300x300\/7054328.jpg?t=20250103080353"
    },
    {
        "id": 8761,
        "name": "Fregona Microfibra SPONTEX",
        "price": 3.55,
        "price_kilo": 3.55,
        "slug": "fregona-microfibra",
        "description": "Fregona Microfibra 1 U",
        "image": "https:\/\/cdn-consum.aktiosdigitalservices.com\/tol\/consum\/media\/product\/img\/300x300\/7073190.jpg?t=20241217081014"
    },
    {
        "id": 8767,
        "name": "Salami Extra Lonchas 4x60 CONSUM",
        "price": 1.95,
        "price_kilo": 8.13,
        "slug": "salami-extra-lonchas-4x60",
        "description": "Salami Extra Lonchas 4x60 (240gr)",
        "image": "https:\/\/cdn-consum.aktiosdigitalservices.com\/tol\/consum\/media\/product\/img\/300x300\/7076128.jpg?t=20241217081014"
    },
    {
        "id": 8771,
        "name": "Galletas sin Sal y sin Az\u00facar CONSUM",
        "price": 2.29,
        "price_kilo": 3.82,
        "slug": "galletas-sin-sal-y-sin-azucar",
        "description": "Galletas sin Sal y sin Az\u00facar 600 Gr",
        "image": "https:\/\/cdn-consum.aktiosdigitalservices.com\/tol\/consum\/media\/product\/img\/300x300\/7076834.jpg?t=20250311104209"
    },
    {
        "id": 8772,
        "name": "Bomb\u00f3n Chocolate Negro 4 Unidades CONSUM",
        "price": 2.39,
        "price_kilo": 7.38,
        "slug": "bombon-chocolate-negro-4-unidades",
        "description": "Bomb\u00f3n Chocolate Negro 4 Unidades 324 Gr",
        "image": "https:\/\/cdn-consum.aktiosdigitalservices.com\/tol\/consum\/media\/product\/img\/300x300\/7079668.jpg?t=20241219080027"
    },
    {
        "id": 8774,
        "name": "Ap\u00f3sitos Infantiles Tama\u00f1o Medios CONSUM KIDS",
        "price": 0.99,
        "price_kilo": 0.05,
        "slug": "apositos-infantiles-tamano-medios",
        "description": "Ap\u00f3sitos Infantiles Tama\u00f1o Medios 20 U",
        "image": "https:\/\/cdn-consum.aktiosdigitalservices.com\/tol\/consum\/media\/product\/img\/300x300\/7080505.jpg?t=20241217081015"
    },
    {
        "id": 8775,
        "name": "Ap\u00f3sitos Antiagua 2 Tama\u00f1os KYREY PHARMA",
        "price": 1.25,
        "price_kilo": 0.13,
        "slug": "apositos-antiagua-2-tamanos",
        "description": "Ap\u00f3sitos Antiagua 2 Tama\u00f1os 10 U",
        "image": "https:\/\/cdn-consum.aktiosdigitalservices.com\/tol\/consum\/media\/product\/img\/300x300\/7080518.jpg?t=20241217081015"
    },
    {
        "id": 8777,
        "name": "Mini Bomb\u00f3n Almendrado Pack de 8 CONSUM",
        "price": 2.99,
        "price_kilo": 8.59,
        "slug": "mini-bombon-almendrado-pack-de-8",
        "description": "Mini Bomb\u00f3n Almendrado Pack de 8 348 Gr",
        "image": "https:\/\/cdn-consum.aktiosdigitalservices.com\/tol\/consum\/media\/product\/img\/300x300\/7081375.jpg?t=20241219080042"
    },
    {
        "id": 8778,
        "name": "Zumo Melocot\u00f3n y Uva Concentrado Pack de 6 DON SIMON",
        "price": 1.99,
        "price_kilo": 1.66,
        "slug": "zumo-melocoton-y-uva-concentrado-pack-de-6",
        "description": "Zumo Melocot\u00f3n y Uva Concentrado Pack de 6 6 x 0,2 L",
        "image": "https:\/\/cdn-consum.aktiosdigitalservices.com\/tol\/consum\/media\/product\/img\/300x300\/7082944.jpg?t=20250312155940"
    },
    {
        "id": 8797,
        "name": "Estropajo Poder Verde con Esponja SPONTEX",
        "price": 1.99,
        "price_kilo": 1,
        "slug": "estropajo-poder-verde-con-esponja",
        "description": "Estropajo Poder Verde con Esponja 2 U",
        "image": "https:\/\/cdn-consum.aktiosdigitalservices.com\/tol\/consum\/media\/product\/img\/300x300\/7097921.jpg?t=20250313080036"
    },
    {
        "id": 8798,
        "name": "Filetes de Caballa con Tomate Lata CONSUM",
        "price": 0.99,
        "price_kilo": 12.69,
        "slug": "filetes-de-caballa-con-tomate-lata",
        "description": "Filetes de Caballa con Tomate Lata 78 Gr",
        "image": "https:\/\/cdn-consum.aktiosdigitalservices.com\/tol\/consum\/media\/product\/img\/300x300\/7098213.jpg?t=20241217081018"
    },
    {
        "id": 8806,
        "name": "Migas de Bacalao CONSUM",
        "price": 3.49,
        "price_kilo": 34.9,
        "slug": "migas-de-bacalao",
        "description": "Migas de Bacalao 100 Gr",
        "image": "https:\/\/cdn-consum.aktiosdigitalservices.com\/tol\/consum\/media\/product\/img\/300x300\/7101744.jpg?t=20250311124206"
    },
    {
        "id": 8807,
        "name": "Chopped Pork CAMPOFR\u00cdO",
        "price": 1,
        "price_kilo": 10.53,
        "slug": "chopped-pork",
        "description": "Chopped Pork 95 Gr",
        "image": "https:\/\/cdn-consum.aktiosdigitalservices.com\/tol\/consum\/media\/product\/img\/300x300\/7101822.jpg?t=20241217081019"
    },
    {
        "id": 8813,
        "name": "Queso Tierno Mezcla Lonchas G.BAQUERO",
        "price": 2.65,
        "price_kilo": 17.67,
        "slug": "queso-tierno-mezcla-lonchas",
        "description": "Queso Tierno Mezcla Lonchas 150 Gr",
        "image": "https:\/\/cdn-consum.aktiosdigitalservices.com\/tol\/consum\/media\/product\/img\/300x300\/7102882.jpg?t=20250121080034"
    },
    {
        "id": 8814,
        "name": "Queso Cabra Semi Lonchas G.BAQUERO",
        "price": 3.05,
        "price_kilo": 24.4,
        "slug": "queso-cabra-semi-lonchas",
        "description": "Queso Cabra Semi Lonchas 125 Gr",
        "image": "https:\/\/cdn-consum.aktiosdigitalservices.com\/tol\/consum\/media\/product\/img\/300x300\/7102903.jpg?t=20250206091128"
    },
    {
        "id": 8818,
        "name": "Maquinilla Desechable Extra de 2 hojas Beauty WILKINSON",
        "price": 3.25,
        "price_kilo": 0.65,
        "slug": "maquinilla-desechable-extra-de-2-hojas-beauty",
        "description": "Maquinilla Desechable Extra de 2 hojas Beauty 5 U",
        "image": "https:\/\/cdn-consum.aktiosdigitalservices.com\/tol\/consum\/media\/product\/img\/300x300\/7108322.jpg?t=20241217081020"
    },
    {
        "id": 8823,
        "name": "Queso Rallado Mozzarella Bolsa ARLA",
        "price": 3.45,
        "price_kilo": 19.71,
        "slug": "queso-rallado-mozzarella-bolsa",
        "description": "Queso Rallado Mozzarella Bolsa 175 Gr",
        "image": "https:\/\/cdn-consum.aktiosdigitalservices.com\/tol\/consum\/media\/product\/img\/300x300\/7109937.jpg?t=20250312160015"
    },
    {
        "id": 8826,
        "name": "N\u00e9ctar Pi\u00f1a Disfruta sin Az\u00facar A\u00f1adido Pack DON SIMON",
        "price": 1.99,
        "price_kilo": 1.66,
        "slug": "nectar-pina-disfruta-sin-azucar-anadido-pack",
        "description": "N\u00e9ctar Pi\u00f1a Disfruta sin Az\u00facar A\u00f1adido Pack 6 x 0,2 L",
        "image": "https:\/\/cdn-consum.aktiosdigitalservices.com\/tol\/consum\/media\/product\/img\/300x300\/7119121.jpg?t=20250220080134"
    },
    {
        "id": 8828,
        "name": "Zanahorias Baby congeladas FINDUS",
        "price": 2.95,
        "price_kilo": 9.83,
        "slug": "zanahorias-baby-congeladas",
        "description": "Zanahorias Baby congeladas 300 Gr",
        "image": "https:\/\/cdn-consum.aktiosdigitalservices.com\/tol\/consum\/media\/product\/img\/300x300\/7119266.jpg?t=20250207075848"
    },
    {
        "id": 8829,
        "name": "Calamar Salsa Americana Pack de 3 CALVO",
        "price": 3.45,
        "price_kilo": 23.96,
        "slug": "calamar-salsa-americana-pack-de-3",
        "description": "Calamar Salsa Americana Pack de 3 3 x 48 Gr",
        "image": "https:\/\/cdn-consum.aktiosdigitalservices.com\/tol\/consum\/media\/product\/img\/300x300\/7120025.jpg?t=20250227090822"
    },
    {
        "id": 8836,
        "name": "Parmigiano Reggiano Cu\u00f1a FERRARINI",
        "price": 5.25,
        "price_kilo": 29.17,
        "slug": "parmigiano-reggiano-cuna",
        "description": "Parmigiano Reggiano Cu\u00f1a 180 Gr",
        "image": "https:\/\/cdn-consum.aktiosdigitalservices.com\/tol\/consum\/media\/product\/img\/300x300\/7121601.jpg?t=20250311104552"
    },
    {
        "id": 8837,
        "name": "Mini Kumato Bandeja ",
        "price": 1.69,
        "price_kilo": 6.76,
        "slug": "mini-kumato-bandeja",
        "description": "Mini Kumato Bandeja 250 Gr",
        "image": "https:\/\/cdn-consum.aktiosdigitalservices.com\/tol\/consum\/media\/product\/img\/300x300\/7131373.jpg?t=20250312125156"
    },
    {
        "id": 8838,
        "name": "Chorizo y Salchich\u00f3n de Pavo GOIKOA",
        "price": 2.95,
        "price_kilo": 19.67,
        "slug": "chorizo-y-salchichon-de-pavo",
        "description": "Chorizo y Salchich\u00f3n de Pavo 2 x 75 Gr",
        "image": "https:\/\/cdn-consum.aktiosdigitalservices.com\/tol\/consum\/media\/product\/img\/300x300\/7139996.jpg?t=20250312160032"
    },
    {
        "id": 8839,
        "name": "Bayeta Suave Multiusos 2 m\u00e1s 1 de Regalo VILEDA",
        "price": 1.99,
        "price_kilo": 0.66,
        "slug": "bayeta-suave-multiusos-2-mas-1-de-regalo",
        "description": "Bayeta Suave Multiusos 2 m\u00e1s 1 de Regalo 3 U",
        "image": "https:\/\/cdn-consum.aktiosdigitalservices.com\/tol\/consum\/media\/product\/img\/300x300\/7144165.jpg?t=20250227090859"
    },
    {
        "id": 8845,
        "name": "Queso sin Lactosa Lonchas G.BAQUERO",
        "price": 3.05,
        "price_kilo": 20.33,
        "slug": "queso-sin-lactosa-lonchas",
        "description": "Queso sin Lactosa Lonchas 150 Gr",
        "image": "https:\/\/cdn-consum.aktiosdigitalservices.com\/tol\/consum\/media\/product\/img\/300x300\/7152049.jpg?t=20250121080108"
    },
    {
        "id": 8851,
        "name": "Pat\u00e9 Finas Hierbas Pack de 2 Unidades LA CUINA",
        "price": 1.45,
        "price_kilo": 14.5,
        "slug": "pate-finas-hierbas-pack-de-2-unidades",
        "description": "Pat\u00e9 Finas Hierbas Pack de 2 Unidades 2 x 50 Gr",
        "image": "https:\/\/cdn-consum.aktiosdigitalservices.com\/tol\/consum\/media\/product\/img\/300x300\/7155018.jpg?t=20241217081026"
    },
    {
        "id": 8858,
        "name": "Lima Esmeril 12 cm KYREY",
        "price": 1.2,
        "price_kilo": 0.12,
        "slug": "lima-esmeril-12-cm",
        "description": "Lima Esmeril 12 cm 10 U",
        "image": "https:\/\/cdn-consum.aktiosdigitalservices.com\/tol\/consum\/media\/product\/img\/300x300\/7156693.jpg?t=20241217081026"
    },
    {
        "id": 8859,
        "name": "Lima Esmeril 17 cm KYREY",
        "price": 1.3,
        "price_kilo": 0.13,
        "slug": "lima-esmeril-17-cm",
        "description": "Lima Esmeril 17 cm 10 U",
        "image": "https:\/\/cdn-consum.aktiosdigitalservices.com\/tol\/consum\/media\/product\/img\/300x300\/7156698.jpg?t=20241217081026"
    },
    {
        "id": 8870,
        "name": "Comida Gatos Esterilizados BREKKIES",
        "price": 6.95,
        "price_kilo": 4.63,
        "slug": "comida-gatos-esterilizados",
        "description": "Comida Gatos Esterilizados 1,5 Kg",
        "image": "https:\/\/cdn-consum.aktiosdigitalservices.com\/tol\/consum\/media\/product\/img\/300x300\/7159973.jpg?t=20241217081027"
    },
    {
        "id": 8876,
        "name": "Body Milk con Urea KYREY",
        "price": 2.2,
        "price_kilo": 0.55,
        "slug": "body-milk-con-urea",
        "description": "Body Milk con Urea 400 ml",
        "image": "https:\/\/cdn-consum.aktiosdigitalservices.com\/tol\/consum\/media\/product\/img\/300x300\/7163319.jpg?t=20241217081027"
    },
    {
        "id": 8884,
        "name": "N\u00e9ctar de Frutas Pack de 6 CONSUM KIDS",
        "price": 1.75,
        "price_kilo": 1.46,
        "slug": "nectar-de-frutas-pack-de-6",
        "description": "N\u00e9ctar de Frutas Pack de 6 6 x 0,2 L",
        "image": "https:\/\/cdn-consum.aktiosdigitalservices.com\/tol\/consum\/media\/product\/img\/300x300\/7168958.jpg?t=20250205080044"
    },
    {
        "id": 8885,
        "name": "Cebolla dulce Malla ",
        "price": 1.79,
        "price_kilo": 3.58,
        "slug": "cebolla-dulce-malla",
        "description": "Cebolla dulce Malla 500 Gr",
        "image": "https:\/\/cdn-consum.aktiosdigitalservices.com\/tol\/consum\/media\/product\/img\/300x300\/7169324.jpg?t=20250219075937"
    },
    {
        "id": 8886,
        "name": "Estropajos Almohadilla No Raya CONSUM",
        "price": 0.95,
        "price_kilo": 0.48,
        "slug": "estropajos-almohadilla-no-raya",
        "description": "Estropajos Almohadilla No Raya 2 U",
        "image": "https:\/\/cdn-consum.aktiosdigitalservices.com\/tol\/consum\/media\/product\/img\/300x300\/7170421.jpg?t=20241217081030"
    },
    {
        "id": 8888,
        "name": "Pepino Holandes Peso Aproximado 300 gr ",
        "price": 0.99,
        "price_kilo": 3.3,
        "slug": "pepino-holandes-peso-aproximado-300-gr",
        "description": "Pepino Holandes Peso Aproximado 300gr",
        "image": "https:\/\/cdn-consum.aktiosdigitalservices.com\/tol\/consum\/media\/product\/img\/300x300\/7171804.jpg?t=20250204080410"
    },
    {
        "id": 8895,
        "name": "Caldo Pescado 12 Pastillas CONSUM",
        "price": 0.85,
        "price_kilo": 7.08,
        "slug": "caldo-pescado-12-pastillas",
        "description": "Caldo Pescado 12 Pastillas 120 Gr",
        "image": "https:\/\/cdn-consum.aktiosdigitalservices.com\/tol\/consum\/media\/product\/img\/300x300\/7178718.jpg?t=20241217081031"
    },
    {
        "id": 8896,
        "name": "Sopa Jardinera Sobre CONSUM",
        "price": 0.49,
        "price_kilo": 7.42,
        "slug": "sopa-jardinera-sobre",
        "description": "Sopa Jardinera Sobre 66 Gr",
        "image": "https:\/\/cdn-consum.aktiosdigitalservices.com\/tol\/consum\/media\/product\/img\/300x300\/7178726.jpg?t=20241217081031"
    },
    {
        "id": 8898,
        "name": "Desatascador Tuberias Bloqueadas WC NET",
        "price": 6.99,
        "price_kilo": 6.99,
        "slug": "desatascador-tuberias-bloqueadas",
        "description": "Desatascador Tuberias Bloqueadas 1 L",
        "image": "https:\/\/cdn-consum.aktiosdigitalservices.com\/tol\/consum\/media\/product\/img\/300x300\/7179232.jpg?t=20250312125245"
    },
    {
        "id": 8908,
        "name": "Bolsas Basura Autocierre Resistente Antigoteo HANDY BAG",
        "price": 2.79,
        "price_kilo": 0.19,
        "slug": "bolsas-basura-autocierre-resistente-antigoteo",
        "description": "Bolsas Basura Autocierre Resistente Antigoteo 15 U",
        "image": "https:\/\/cdn-consum.aktiosdigitalservices.com\/tol\/consum\/media\/product\/img\/300x300\/7181196.jpg?t=20241217081032"
    },
    {
        "id": 8910,
        "name": "Bandeja Cart\u00f3n Rectang. Grande m\u00e1s Blon.23x33 NV",
        "price": 2.79,
        "price_kilo": 2.79,
        "slug": "bandeja-carton-rectang-grande-mas-blon23x33",
        "description": "Bandeja Cart\u00f3n Rectang. Grande m\u00e1s Blon.23x33 1 U",
        "image": "https:\/\/cdn-consum.aktiosdigitalservices.com\/tol\/consum\/media\/product\/img\/300x300\/7181535.jpg?t=20250311164551"
    },
    {
        "id": 8912,
        "name": "Guantes L\u00e1tex Talla Mediana\/Grande CONSUM",
        "price": 3.1,
        "price_kilo": 0.06,
        "slug": "guantes-latex-talla-mediana-grande",
        "description": "Guantes L\u00e1tex Talla Mediana\/Grande 50 U",
        "image": "https:\/\/cdn-consum.aktiosdigitalservices.com\/tol\/consum\/media\/product\/img\/300x300\/7182587.jpg?t=20241217081033"
    },
    {
        "id": 8925,
        "name": "Chorizo Extra Duroc LA HOGUERA",
        "price": 4.59,
        "price_kilo": 16.39,
        "slug": "chorizo-extra-duroc",
        "description": "Chorizo Extra Duroc 280 Gr",
        "image": "https:\/\/cdn-consum.aktiosdigitalservices.com\/tol\/consum\/media\/product\/img\/300x300\/7190759.jpg?t=20241217081036"
    },
    {
        "id": 8928,
        "name": "Snatts Bocaditos Tomate y Or\u00e9gano GREFUSA",
        "price": 1.41,
        "price_kilo": 12.82,
        "slug": "snatts-bocaditos-tomate-y-oregano",
        "description": "Snatts Bocaditos Tomate y Or\u00e9gano 110 Gr",
        "image": "https:\/\/cdn-consum.aktiosdigitalservices.com\/tol\/consum\/media\/product\/img\/300x300\/7194145.jpg?t=20250318080935"
    },
    {
        "id": 8930,
        "name": "Comida Seca Perros Yorkshire ULTIMA",
        "price": 8.99,
        "price_kilo": 5.99,
        "slug": "comida-seca-perros-yorkshire",
        "description": "Comida Seca Perros Yorkshire 1,5 Kg",
        "image": "https:\/\/cdn-consum.aktiosdigitalservices.com\/tol\/consum\/media\/product\/img\/300x300\/7195498.jpg?t=20250227091316"
    },
    {
        "id": 8934,
        "name": "Mini Tortitas de Ma\u00edz Sabor Jam\u00f3n Ib\u00e9rico BICENTURY",
        "price": 1.69,
        "price_kilo": 24.14,
        "slug": "mini-tortitas-de-maiz-sabor-jamon-iberico",
        "description": "Mini Tortitas de Ma\u00edz Sabor Jam\u00f3n Ib\u00e9rico 70 Gr",
        "image": "https:\/\/cdn-consum.aktiosdigitalservices.com\/tol\/consum\/media\/product\/img\/300x300\/7197429.jpg?t=20250312092751"
    },
    {
        "id": 8947,
        "name": "Donuts Bomb\u00f3n 4 Unidades DONUTS",
        "price": 2.99,
        "price_kilo": 13.59,
        "slug": "donuts-bombon-4-unidades",
        "description": "Donuts Bomb\u00f3n 4 Unidades 220 Gr",
        "image": "https:\/\/cdn-consum.aktiosdigitalservices.com\/tol\/consum\/media\/product\/img\/300x300\/7201114.jpg?t=20250311105126"
    },
    {
        "id": 8948,
        "name": "Bolsa Congelaci\u00f3n Grande CONSUM",
        "price": 1.15,
        "price_kilo": 0.04,
        "slug": "bolsa-congelacion-grande",
        "description": "Bolsa Congelaci\u00f3n Grande 30 U",
        "image": "https:\/\/cdn-consum.aktiosdigitalservices.com\/tol\/consum\/media\/product\/img\/300x300\/7202500.jpg?t=20241217081040"
    },
    {
        "id": 8953,
        "name": "Lechuga Romana Bolsa CONSUM",
        "price": 1.12,
        "price_kilo": 5.6,
        "slug": "lechuga-romana-bolsa",
        "description": "Lechuga Romana Bolsa 200 Gr",
        "image": "https:\/\/cdn-consum.aktiosdigitalservices.com\/tol\/consum\/media\/product\/img\/300x300\/7205078.jpg?t=20250121080218"
    },
    {
        "id": 8964,
        "name": "Limpiador Gel WC Pino CONSUM",
        "price": 1.15,
        "price_kilo": 1.15,
        "slug": "limpiador-gel-wc-pino",
        "description": "Limpiador Gel WC Pino 1 L",
        "image": "https:\/\/cdn-consum.aktiosdigitalservices.com\/tol\/consum\/media\/product\/img\/300x300\/7208163.jpg?t=20241217081042"
    },
    {
        "id": 8967,
        "name": "N\u00e9ctar Pi\u00f1a CONSUM",
        "price": 1.05,
        "price_kilo": 1.05,
        "slug": "nectar-pina",
        "description": "N\u00e9ctar Pi\u00f1a 1 L",
        "image": "https:\/\/cdn-consum.aktiosdigitalservices.com\/tol\/consum\/media\/product\/img\/300x300\/7209971.jpg?t=20241217081042"
    },
    {
        "id": 8974,
        "name": "Sus\u00fa de Crema con Ba\u00f1o de Chocolate ",
        "price": 2.69,
        "price_kilo": 13.45,
        "slug": "susu-de-crema-con-bano-de-chocolate",
        "description": "Sus\u00fa de Crema con Ba\u00f1o de Chocolate 200 Gr",
        "image": "https:\/\/cdn-consum.aktiosdigitalservices.com\/tol\/consum\/media\/product\/img\/300x300\/7212918.jpg?t=20241217081043"
    },
    {
        "id": 8976,
        "name": "Queso Bajo en Sal Lonchas EL VENTERO",
        "price": 3.25,
        "price_kilo": 20.31,
        "slug": "queso-bajo-en-sal-lonchas",
        "description": "Queso Bajo en Sal Lonchas 160 Gr",
        "image": "https:\/\/cdn-consum.aktiosdigitalservices.com\/tol\/consum\/media\/product\/img\/300x300\/7213879.jpg?t=20250103081034"
    },
    {
        "id": 8977,
        "name": "Queso Havarti Light Lonchas JUAN LUNA",
        "price": 3.15,
        "price_kilo": 15.75,
        "slug": "queso-havarti-light-lonchas",
        "description": "Queso Havarti Light Lonchas 200 Gr",
        "image": "https:\/\/cdn-consum.aktiosdigitalservices.com\/tol\/consum\/media\/product\/img\/300x300\/7214245.jpg?t=20250103081039"
    },
    {
        "id": 8983,
        "name": "Chorizo Vela PALACIOS",
        "price": 2.15,
        "price_kilo": 15.36,
        "slug": "chorizo-vela",
        "description": "Chorizo Vela 140 Gr",
        "image": "https:\/\/cdn-consum.aktiosdigitalservices.com\/tol\/consum\/media\/product\/img\/300x300\/7217578.jpg?t=20250109095956"
    },
    {
        "id": 8986,
        "name": "Ajonesa Bote CHOVI",
        "price": 2.29,
        "price_kilo": 9.16,
        "slug": "ajonesa-bote",
        "description": "Ajonesa Bote 250 ml",
        "image": "https:\/\/cdn-consum.aktiosdigitalservices.com\/tol\/consum\/media\/product\/img\/300x300\/7219520.jpg?t=20250227091654"
    },
    {
        "id": 8989,
        "name": "Tortitas Sabor Tomate Paquete BICENTURY",
        "price": 2.39,
        "price_kilo": 19.35,
        "slug": "tortitas-sabor-tomate-paquete",
        "description": "Tortitas Sabor Tomate Paquete 123,5 Gr",
        "image": "https:\/\/cdn-consum.aktiosdigitalservices.com\/tol\/consum\/media\/product\/img\/300x300\/7220721.jpg?t=20250311133618"
    },
    {
        "id": 8992,
        "name": "Tortitas Arroz Vitalday GULLON",
        "price": 1.1,
        "price_kilo": 9.55,
        "slug": "tortitas-arroz-vitalday",
        "description": "Tortitas Arroz Vitalday 115,2 Gr",
        "image": "https:\/\/cdn-consum.aktiosdigitalservices.com\/tol\/consum\/media\/product\/img\/300x300\/7220833.jpg?t=20250311160815"
    },
    {
        "id": 8993,
        "name": "Tortitas Ma\u00edz Vitalday GULLON",
        "price": 1.39,
        "price_kilo": 12.78,
        "slug": "tortitas-maiz-vitalday",
        "description": "Tortitas Ma\u00edz Vitalday 108,8 Gr",
        "image": "https:\/\/cdn-consum.aktiosdigitalservices.com\/tol\/consum\/media\/product\/img\/300x300\/7220841.jpg?t=20250311160818"
    },
    {
        "id": 8995,
        "name": "Acelgas Hoja Miniporci\u00f3n congeladas CONSUM",
        "price": 1.11,
        "price_kilo": 2.78,
        "slug": "acelgas-hoja-miniporcion-congeladas",
        "description": "Acelgas Hoja Miniporci\u00f3n congeladas 400 Gr",
        "image": "https:\/\/cdn-consum.aktiosdigitalservices.com\/tol\/consum\/media\/product\/img\/300x300\/7221562.jpg?t=20250103081141"
    },
    {
        "id": 8998,
        "name": "Queso Rallado Pizzas 5 Quesos con Azul FORVAL",
        "price": 2.7,
        "price_kilo": 18,
        "slug": "queso-rallado-pizzas-5-quesos-con-azul",
        "description": "Queso Rallado Pizzas 5 Quesos con Azul 150 Gr",
        "image": "https:\/\/cdn-consum.aktiosdigitalservices.com\/tol\/consum\/media\/product\/img\/300x300\/7224900.jpg?t=20250312160308"
    },
    {
        "id": 9005,
        "name": "Queso Fresco 0% Pack de 2 Unidades CONSUM",
        "price": 1.98,
        "price_kilo": 3.96,
        "slug": "queso-fresco-0-pack-de-2-unidades",
        "description": "Queso Fresco 0% Pack de 2 Unidades 2 x 250 Gr",
        "image": "https:\/\/cdn-consum.aktiosdigitalservices.com\/tol\/consum\/media\/product\/img\/300x300\/7227721.jpg?t=20250103081207"
    },
    {
        "id": 9007,
        "name": "Colgador WC L\u00edquido Oce\u00e1nico CONSUM",
        "price": 1.89,
        "price_kilo": 0.63,
        "slug": "colgador-wc-liquido-oceanico",
        "description": "Colgador WC L\u00edquido Oce\u00e1nico 3 U",
        "image": "https:\/\/cdn-consum.aktiosdigitalservices.com\/tol\/consum\/media\/product\/img\/300x300\/7228257.jpg?t=20250311164558"
    },
    {
        "id": 9016,
        "name": "Magro Adobado SERRANO",
        "price": 2.99,
        "price_kilo": 9.06,
        "slug": "magro-adobado",
        "description": "Magro Adobado 330 Gr",
        "image": "https:\/\/cdn-consum.aktiosdigitalservices.com\/tol\/consum\/media\/product\/img\/300x300\/7231199.jpg?t=20241217081051"
    },
    {
        "id": 9020,
        "name": "Palitos de Bacalao Estilo Ingl\u00e9s CONSUM",
        "price": 3.89,
        "price_kilo": 43.22,
        "slug": "palitos-de-bacalao-estilo-ingles",
        "description": "Palitos de Bacalao Estilo Ingl\u00e9s 90 Gr",
        "image": "https:\/\/cdn-consum.aktiosdigitalservices.com\/tol\/consum\/media\/product\/img\/300x300\/7232825.jpg?t=20250311124502"
    },
    {
        "id": 9023,
        "name": "Comida para Perros Mini Pollo y Verduras BREKKIES",
        "price": 6.45,
        "price_kilo": 4.3,
        "slug": "comida-para-perros-mini-pollo-y-verduras",
        "description": "Comida para Perros Mini Pollo y Verduras 1,5 Kg",
        "image": "https:\/\/cdn-consum.aktiosdigitalservices.com\/tol\/consum\/media\/product\/img\/300x300\/7235034.jpg?t=20241217081053"
    },
    {
        "id": 9036,
        "name": "Horquilla Mo\u00f1o Negra PONETTE",
        "price": 1.69,
        "price_kilo": 0.07,
        "slug": "horquilla-mono-negra",
        "description": "Horquilla Mo\u00f1o Negra 24 U",
        "image": "https:\/\/cdn-consum.aktiosdigitalservices.com\/tol\/consum\/media\/product\/img\/300x300\/7238269.jpg?t=20241217081054"
    },
    {
        "id": 9037,
        "name": "Pan 7 Semillas y Pipas  de Calabaza 3% M.M ",
        "price": 1.44,
        "price_kilo": 6.26,
        "slug": "pan-7-semillas-y-pipas-de-calabaza-3-mm",
        "description": "Pan 7 Semillas y Pipas  de Calabaza 3% M.M 230 Gr",
        "image": "https:\/\/cdn-consum.aktiosdigitalservices.com\/tol\/consum\/media\/product\/img\/300x300\/7238475.jpg?t=20250228080110"
    },
    {
        "id": 9038,
        "name": "Pi\u00f1a Partida ",
        "price": 2.36,
        "price_kilo": 2.24,
        "slug": "pina-partida",
        "description": "Pi\u00f1a Partida",
        "image": "https:\/\/cdn-consum.aktiosdigitalservices.com\/tol\/consum\/media\/product\/img\/300x300\/7238736.jpg?t=20250217075745"
    },
    {
        "id": 9039,
        "name": "Comida H\u00fameda Perros Selecci\u00f3n Recetas campesinas CESAR",
        "price": 6.29,
        "price_kilo": 10.48,
        "slug": "comida-humeda-perros-seleccion-recetas-campesinas",
        "description": "Comida H\u00fameda para Perros Selecci\u00f3n Recetas campesinas en Salsa Multipack 4x150g",
        "image": "https:\/\/cdn-consum.aktiosdigitalservices.com\/tol\/consum\/media\/product\/img\/300x300\/7238934.jpg?t=20241217081055"
    },
    {
        "id": 9040,
        "name": "Pila AA Power Energizer ENERGIZER",
        "price": 2.99,
        "price_kilo": 0.75,
        "slug": "pila-aa-power-energizer",
        "description": "Pila AA Power Energizer 4 U",
        "image": "https:\/\/cdn-consum.aktiosdigitalservices.com\/tol\/consum\/media\/product\/img\/300x300\/7239820.jpg?t=20250227091941"
    },
    {
        "id": 9041,
        "name": "Pila Power AAA ENERGIZER",
        "price": 2.99,
        "price_kilo": 0.75,
        "slug": "pila-power-aaa",
        "description": "Pila Power AAA 4 U",
        "image": "https:\/\/cdn-consum.aktiosdigitalservices.com\/tol\/consum\/media\/product\/img\/300x300\/7239825.jpg?t=20250227091943"
    },
    {
        "id": 9043,
        "name": "N\u00e9ctar Frutos del Bosque Pack 6 DON SIMON",
        "price": 2.1,
        "price_kilo": 1.75,
        "slug": "nectar-frutos-del-bosque-pack-6",
        "description": "N\u00e9ctar Frutos del Bosque Pack 6 6 x 0,2 L",
        "image": "https:\/\/cdn-consum.aktiosdigitalservices.com\/tol\/consum\/media\/product\/img\/300x300\/7240815.jpg?t=20250114084227"
    },
    {
        "id": 9047,
        "name": "Lomo de pavo BOADAS",
        "price": 2.85,
        "price_kilo": 35.63,
        "slug": "lomo-de-pavo",
        "description": "Lomo de pavo 2 x 40 Gr",
        "image": "https:\/\/cdn-consum.aktiosdigitalservices.com\/tol\/consum\/media\/product\/img\/300x300\/7244036.jpg?t=20250227092032"
    },
    {
        "id": 9052,
        "name": "M\u00e1quina Dese. Mujer 3H con Banda y Mango MYSTIQUE",
        "price": 2.45,
        "price_kilo": 0.61,
        "slug": "maquina-dese-mujer-3h-con-banda-y-mango",
        "description": "M\u00e1quina Dese. Mujer 3H con Banda y Mango 4 U",
        "image": "https:\/\/cdn-consum.aktiosdigitalservices.com\/tol\/consum\/media\/product\/img\/300x300\/7248198.jpg?t=20241217081058"
    },
    {
        "id": 9053,
        "name": "Gel Fijador Perfect Fix GIORGI",
        "price": 1.65,
        "price_kilo": 3.3,
        "slug": "gel-fijador-perfect-fix",
        "description": "Gel Fijador Perfect Fix 50 ml",
        "image": "https:\/\/cdn-consum.aktiosdigitalservices.com\/tol\/consum\/media\/product\/img\/300x300\/7248326.jpg?t=20241217081058"
    },
    {
        "id": 9056,
        "name": "Limpiacristales Cl\u00e1sico CRISTASOL",
        "price": 2.49,
        "price_kilo": 1.99,
        "slug": "limpiacristales-clasico",
        "description": "Limpiacristales Cl\u00e1sico 1,25 L",
        "image": "https:\/\/cdn-consum.aktiosdigitalservices.com\/tol\/consum\/media\/product\/img\/300x300\/7249548.jpg?t=20241217081059"
    },
    {
        "id": 9061,
        "name": "Acetona Pura KELSIA",
        "price": 1.55,
        "price_kilo": 0.78,
        "slug": "acetona-pura",
        "description": "Acetona Pura 200 ml",
        "image": "https:\/\/cdn-consum.aktiosdigitalservices.com\/tol\/consum\/media\/product\/img\/300x300\/7250876.jpg?t=20241217081059"
    },
    {
        "id": 9067,
        "name": "Cepillo Desenreda F\u00e1cil PONETTE",
        "price": 5.19,
        "price_kilo": 5.19,
        "slug": "cepillo-desenreda-facil",
        "description": "Cepillo Desenreda F\u00e1cil 1 U",
        "image": "https:\/\/cdn-consum.aktiosdigitalservices.com\/tol\/consum\/media\/product\/img\/300x300\/7254167.jpg?t=20241217081102"
    },
    {
        "id": 9070,
        "name": "Limpiador Multiusos PH Neutro Pistola LAS 3 BRUJAS",
        "price": 2.55,
        "price_kilo": 3.4,
        "slug": "limpiador-multiusos-ph-neutro-pistola",
        "description": "Limpiador Multiusos PH Neutro Pistola 0,75 L",
        "image": "https:\/\/cdn-consum.aktiosdigitalservices.com\/tol\/consum\/media\/product\/img\/300x300\/7254878.jpg?t=20250312092755"
    },
    {
        "id": 9072,
        "name": "Pila Alcalina AAA LR03 Pack de 8 BAT",
        "price": 1.65,
        "price_kilo": 0.21,
        "slug": "pila-alcalina-aaa-lr03-pack-de-8",
        "description": "Pila Alcalina AAA LR03 Pack de 8 8 U",
        "image": "https:\/\/cdn-consum.aktiosdigitalservices.com\/tol\/consum\/media\/product\/img\/300x300\/7257173.jpg?t=20241217081103"
    },
    {
        "id": 9075,
        "name": "Naranja Para Zumo Malla ",
        "price": 4.6,
        "price_kilo": 1.15,
        "slug": "naranja-para-zumo-malla",
        "description": "Naranja Para Zumo Malla 4 Kg",
        "image": "https:\/\/cdn-consum.aktiosdigitalservices.com\/tol\/consum\/media\/product\/img\/300x300\/7258791.jpg?t=20250318080939"
    },
    {
        "id": 9087,
        "name": "Surtido Verduras Microondas FLORETTE",
        "price": 1.99,
        "price_kilo": 6.63,
        "slug": "surtido-verduras-microondas",
        "description": "Surtido Verduras Microondas 300 Gr",
        "image": "https:\/\/cdn-consum.aktiosdigitalservices.com\/tol\/consum\/media\/product\/img\/300x300\/7087658.jpg?t=20250317075713"
    },
    {
        "id": 9089,
        "name": "Garbanzos con Vegetales Bote CALZADO",
        "price": 1.65,
        "price_kilo": 4.13,
        "slug": "garbanzos-con-vegetales-bote",
        "description": "Garbanzos con Vegetales Bote 400 Gr",
        "image": "https:\/\/cdn-consum.aktiosdigitalservices.com\/tol\/consum\/media\/product\/img\/300x300\/681437.jpg?t=20250109093251"
    },
    {
        "id": 9090,
        "name": "S\u00e1ndwich de Nata Pack de 6 Unidades NESTLE",
        "price": 3.99,
        "price_kilo": 12.09,
        "slug": "sandwich-de-nata-pack-de-6-unidades",
        "description": "S\u00e1ndwich de Nata Pack de 6 Unidades 330 Gr",
        "image": "https:\/\/cdn-consum.aktiosdigitalservices.com\/tol\/consum\/media\/product\/img\/300x300\/953468.jpg?t=20250304104429"
    },
    {
        "id": 9091,
        "name": "Vino Tinto Joven V.T. Castilla y Le\u00f3n ALT.TAMARON",
        "price": 3.59,
        "price_kilo": 4.79,
        "slug": "vino-tinto-joven-vt-castilla-y-leon",
        "description": "Vino Tinto Joven V.T. Castilla y Le\u00f3n 0,75 L",
        "image": "https:\/\/cdn-consum.aktiosdigitalservices.com\/tol\/consum\/media\/product\/img\/300x300\/7018161.jpg?t=20250312092741"
    },
    {
        "id": 9092,
        "name": "Desodorante Pies Confort Byrelax Spray BYLY",
        "price": 4.15,
        "price_kilo": 20.75,
        "slug": "desodorante-pies-confort-byrelax-spray",
        "description": "Desodorante Pies Confort Byrelax Spray 200 ml",
        "image": "https:\/\/cdn-consum.aktiosdigitalservices.com\/tol\/consum\/media\/product\/img\/300x300\/7066293.jpg?t=20250312155918"
    },
    {
        "id": 9094,
        "name": "Bomb\u00f3n Choco. Blanco 4 Unidades CONSUM",
        "price": 2.39,
        "price_kilo": 7.47,
        "slug": "bombon-choco-blanco-4-unidades",
        "description": "Bomb\u00f3n Choco. Blanco 4 Unidades 320 Gr",
        "image": "https:\/\/cdn-consum.aktiosdigitalservices.com\/tol\/consum\/media\/product\/img\/300x300\/7079684.jpg?t=20241219080030"
    },
    {
        "id": 9096,
        "name": "Vela en Vaso Satinado Canela ROURA",
        "price": 1.95,
        "price_kilo": 1.95,
        "slug": "vela-en-vaso-satinado-canela",
        "description": "Vela en Vaso Satinado Canela 1 U",
        "image": "https:\/\/cdn-consum.aktiosdigitalservices.com\/tol\/consum\/media\/product\/img\/300x300\/7092260.jpg?t=20241217081018"
    },
    {
        "id": 9098,
        "name": "Chococlack Pack de 4 Unidades NESTLE",
        "price": 3.99,
        "price_kilo": 15.11,
        "slug": "chococlack-pack-de-4-unidades",
        "description": "Chococlack Pack de 4 Unidades 264 Gr",
        "image": "https:\/\/cdn-consum.aktiosdigitalservices.com\/tol\/consum\/media\/product\/img\/300x300\/7118862.jpg?t=20241217081022"
    },
    {
        "id": 9099,
        "name": "Gazpacho Pack de 3 Unidades CONSUM",
        "price": 2.2,
        "price_kilo": 2.22,
        "slug": "gazpacho-pack-de-3-unidades",
        "description": "Gazpacho Pack de 3 Unidades 3 x 330 ml",
        "image": "https:\/\/cdn-consum.aktiosdigitalservices.com\/tol\/consum\/media\/product\/img\/300x300\/7154289.jpg?t=20250206091440"
    },
    {
        "id": 9101,
        "name": "Sopa Pollo con Fideos Sobre CONSUM",
        "price": 0.49,
        "price_kilo": 7.42,
        "slug": "sopa-pollo-con-fideos-sobre",
        "description": "Sopa Pollo con Fideos Sobre 66 Gr",
        "image": "https:\/\/cdn-consum.aktiosdigitalservices.com\/tol\/consum\/media\/product\/img\/300x300\/7178734.jpg?t=20241217081031"
    },
    {
        "id": 9103,
        "name": "Mortadela Siciliana Fina ELPOZO",
        "price": 2,
        "price_kilo": 4,
        "slug": "mortadela-siciliana-fina",
        "description": "Mortadela Siciliana Fina 500 Gr",
        "image": "https:\/\/cdn-consum.aktiosdigitalservices.com\/tol\/consum\/media\/product\/img\/300x300\/7181170.jpg?t=20241217081032"
    },
    {
        "id": 9104,
        "name": "Polo Sorbete Mandarina Pack de 6 Und. CONSUM",
        "price": 1.85,
        "price_kilo": 4.82,
        "slug": "polo-sorbete-mandarina-pack-de-6-und",
        "description": "Polo Sorbete Mandarina Pack de 6 Und. 384 Gr",
        "image": "https:\/\/cdn-consum.aktiosdigitalservices.com\/tol\/consum\/media\/product\/img\/300x300\/7192768.jpg?t=20241217081037"
    },
    {
        "id": 9106,
        "name": "Palmera Cacao ",
        "price": 2.89,
        "price_kilo": 14.45,
        "slug": "palmera-cacao",
        "description": "Palmera Cacao 200 Gr",
        "image": "https:\/\/cdn-consum.aktiosdigitalservices.com\/tol\/consum\/media\/product\/img\/300x300\/7199078.jpg?t=20250322075924"
    },
    {
        "id": 9107,
        "name": "Yogur Sabores Pack de 12 Unidades CONSUM",
        "price": 1.95,
        "price_kilo": 1.3,
        "slug": "yogur-sabores-pack-de-12-unidades",
        "description": "Yogur Sabores Pack de 12 Unidades 12 x 125 Gr",
        "image": "https:\/\/cdn-consum.aktiosdigitalservices.com\/tol\/consum\/media\/product\/img\/300x300\/7199776.jpg?t=20250312125327"
    },
    {
        "id": 9110,
        "name": "Fres\u00f3n Selecci\u00f3n ",
        "price": 7.99,
        "price_kilo": 7.99,
        "slug": "freson-seleccion",
        "description": "Fres\u00f3n Selecci\u00f3n 1 Kg",
        "image": "https:\/\/cdn-consum.aktiosdigitalservices.com\/tol\/consum\/media\/product\/img\/300x300\/7214096.jpg?t=20250318080935"
    },
    {
        "id": 9111,
        "name": "H\u00e9lices con Vegetales Pasta Fina GALLO",
        "price": 1.78,
        "price_kilo": 4.45,
        "slug": "helices-con-vegetales-pasta-fina",
        "description": "H\u00e9lices con Vegetales Pasta Fina 400 Gr",
        "image": "https:\/\/cdn-consum.aktiosdigitalservices.com\/tol\/consum\/media\/product\/img\/300x300\/7217198.jpg?t=20250219080034"
    },
    {
        "id": 9113,
        "name": "Huevo Kinder Joy Unidades KINDER",
        "price": 1.51,
        "price_kilo": 7.55,
        "slug": "huevo-kinder-joy-unidades",
        "description": "Huevo Kinder Joy Unidades 20 Gr",
        "image": "https:\/\/cdn-consum.aktiosdigitalservices.com\/tol\/consum\/media\/product\/img\/300x300\/7218092.jpg?t=20250311133614"
    },
    {
        "id": 9121,
        "name": "Vaso Perfumado Jazm\u00edn CERAS ROURA",
        "price": 1.95,
        "price_kilo": 1.95,
        "slug": "vaso-perfumado-jazmin",
        "description": "Vaso Perfumado Jazm\u00edn 1 U",
        "image": "https:\/\/cdn-consum.aktiosdigitalservices.com\/tol\/consum\/media\/product\/img\/300x300\/7231207.jpg?t=20241217081051"
    },
    {
        "id": 9125,
        "name": "Queso Minibabybel Malla 10 Unidades MINIBABYBEL",
        "price": 4.75,
        "price_kilo": 23.75,
        "slug": "queso-minibabybel-malla-10-unidades",
        "description": "Queso Minibabybel Malla 10 Unidades 200 Gr",
        "image": "https:\/\/cdn-consum.aktiosdigitalservices.com\/tol\/consum\/media\/product\/img\/300x300\/7249766.jpg?t=20250206092632"
    },
    {
        "id": 9126,
        "name": "Copos Avena Suave OATIBIX",
        "price": 2.19,
        "price_kilo": 4.38,
        "slug": "copos-avena-suave",
        "description": "Copos Avena Suave 500 Gr",
        "image": "https:\/\/cdn-consum.aktiosdigitalservices.com\/tol\/consum\/media\/product\/img\/300x300\/7251507.jpg?t=20250311105651"
    },
    {
        "id": 9136,
        "name": "Cepillo de Dientes Infantil ",
        "price": 1.99,
        "price_kilo": 1.99,
        "slug": "cepillo-de-dientes-infantil",
        "description": "Cepillo de Dientes Infantil 1 U",
        "image": "https:\/\/cdn-consum.aktiosdigitalservices.com\/tol\/consum\/media\/product\/img\/300x300\/7264161.jpg?t=20241217081106"
    },
    {
        "id": 9137,
        "name": "Pan S\u00e1ndwich Integral Sottile 8 Unidades DULCESOL",
        "price": 1.88,
        "price_kilo": 6.06,
        "slug": "pan-sandwich-integral-sottile-8-unidades",
        "description": "Pan S\u00e1ndwich Integral Sottile 8 Unidades 310 Gr",
        "image": "https:\/\/cdn-consum.aktiosdigitalservices.com\/tol\/consum\/media\/product\/img\/300x300\/7264377.jpg?t=20250312125447"
    },
    {
        "id": 9142,
        "name": "Chocolate Negro 82% Cacao VALOR",
        "price": 4.99,
        "price_kilo": 29.35,
        "slug": "chocolate-negro-82-cacao",
        "description": "Chocolate Negro 82% Cacao 170 Gr",
        "image": "https:\/\/cdn-consum.aktiosdigitalservices.com\/tol\/consum\/media\/product\/img\/300x300\/7265499.jpg?t=20250311133808"
    },
    {
        "id": 9151,
        "name": "Leche Merengada Canela y Lim\u00f3n Brik RAM",
        "price": 1.89,
        "price_kilo": 1.89,
        "slug": "leche-merengada-canela-y-limon-brik",
        "description": "Leche Merengada Canela y Lim\u00f3n Brik 1 L",
        "image": "https:\/\/cdn-consum.aktiosdigitalservices.com\/tol\/consum\/media\/product\/img\/300x300\/4296901.jpg?t=20250320075731"
    },
    {
        "id": 9158,
        "name": "Polo Sorbete de Lim\u00f3n Pack de 6 Und. 384 Gr CONSUM",
        "price": 1.85,
        "price_kilo": 4.82,
        "slug": "polo-sorbete-de-limon-pack-de-6-und-384-gr",
        "description": "Polo Sorbete de Lim\u00f3n Pack de 6 Und. 384 Gr",
        "image": "https:\/\/cdn-consum.aktiosdigitalservices.com\/tol\/consum\/media\/product\/img\/300x300\/7192771.jpg?t=20241217081037"
    },
    {
        "id": 9162,
        "name": "Pajaritas Vegetales Paquete GALLO",
        "price": 1.78,
        "price_kilo": 3.96,
        "slug": "pajaritas-vegetales-paquete",
        "description": "Pajaritas Vegetales Paquete 450 Gr",
        "image": "https:\/\/cdn-consum.aktiosdigitalservices.com\/tol\/consum\/media\/product\/img\/300x300\/7217193.jpg?t=20250313080302"
    },
    {
        "id": 9166,
        "name": "Tarrito 4 Frutas Mi Men\u00fa con Galleta BE PLUS",
        "price": 1.99,
        "price_kilo": 4.98,
        "slug": "tarrito-4-frutas-mi-menu-con-galleta",
        "description": "Tarrito 4 Frutas Mi Men\u00fa con Galleta 2 x 200 Gr",
        "image": "https:\/\/cdn-consum.aktiosdigitalservices.com\/tol\/consum\/media\/product\/img\/300x300\/7231285.jpg?t=20250311133647"
    },
    {
        "id": 9174,
        "name": "Blanqueador Blanco Nuclear IBERIA",
        "price": 2.99,
        "price_kilo": 0.5,
        "slug": "blanqueador-blanco-nuclear",
        "description": "Blanqueador Blanco Nuclear 6 U",
        "image": "https:\/\/cdn-consum.aktiosdigitalservices.com\/tol\/consum\/media\/product\/img\/300x300\/7260214.jpg?t=20241217081104"
    },
    {
        "id": 9181,
        "name": "Limpia Lavadoras . COLON",
        "price": 5.45,
        "price_kilo": 21.8,
        "slug": "limpia-lavadoras-",
        "description": "Limpia Lavadoras . 0,25 L",
        "image": "https:\/\/cdn-consum.aktiosdigitalservices.com\/tol\/consum\/media\/product\/img\/300x300\/7265390.jpg?t=20250227092347"
    },
    {
        "id": 9186,
        "name": "Desodorante Roll-On Protege&Cuida NIVEA",
        "price": 2.35,
        "price_kilo": 4.7,
        "slug": "desodorante-roll-on-protegecuida",
        "description": "Desodorante Roll-On Protege&Cuida 50 ml",
        "image": "https:\/\/cdn-consum.aktiosdigitalservices.com\/tol\/consum\/media\/product\/img\/300x300\/7266976.jpg?t=20250206092922"
    },
    {
        "id": 9192,
        "name": "Piment\u00f3n Dulce Lata SABATER",
        "price": 2.29,
        "price_kilo": 30.53,
        "slug": "pimenton-dulce-lata",
        "description": "Piment\u00f3n Dulce Lata 75 Gr",
        "image": "https:\/\/cdn-consum.aktiosdigitalservices.com\/tol\/consum\/media\/product\/img\/300x300\/66191.jpg?t=20250322075636"
    },
    {
        "id": 9193,
        "name": "Vino Tinto Joven D.O.Campo de Borja DON RAMON",
        "price": 3.2,
        "price_kilo": 4.27,
        "slug": "vino-tinto-joven-docampo-de-borja",
        "description": "Vino Tinto Joven D.O.Campo de Borja 0,75 L",
        "image": "https:\/\/cdn-consum.aktiosdigitalservices.com\/tol\/consum\/media\/product\/img\/300x300\/112938.jpg?t=20250218075704"
    },
    {
        "id": 9196,
        "name": "Piment\u00f3n Dulce Lata DUCROS",
        "price": 2.79,
        "price_kilo": 37.2,
        "slug": "pimenton-dulce-lata",
        "description": "Piment\u00f3n Dulce Lata 75 Gr",
        "image": "https:\/\/cdn-consum.aktiosdigitalservices.com\/tol\/consum\/media\/product\/img\/300x300\/309161.jpg?t=20241217080945"
    },
    {
        "id": 9200,
        "name": "Cereales Trigo WEETABIX",
        "price": 3.75,
        "price_kilo": 8.72,
        "slug": "cereales-trigo",
        "description": "Cereales Trigo 430 Gr",
        "image": "https:\/\/cdn-consum.aktiosdigitalservices.com\/tol\/consum\/media\/product\/img\/300x300\/350660.jpg?t=20250311103221"
    },
    {
        "id": 9202,
        "name": "Fabada Asturiana Bote LITORAL",
        "price": 4.6,
        "price_kilo": 5.41,
        "slug": "fabada-asturiana-bote",
        "description": "Fabada Asturiana Bote 865 Gr",
        "image": "https:\/\/cdn-consum.aktiosdigitalservices.com\/tol\/consum\/media\/product\/img\/300x300\/372227.jpg?t=20250220075835"
    },
    {
        "id": 9204,
        "name": "Limpia Metales Algod\u00f3n M\u00e1gico ALADDIN",
        "price": 3.8,
        "price_kilo": 47.5,
        "slug": "limpia-metales-algodon-magico",
        "description": "Limpia Metales Algod\u00f3n M\u00e1gico 0,08 Kg",
        "image": "https:\/\/cdn-consum.aktiosdigitalservices.com\/tol\/consum\/media\/product\/img\/300x300\/415190.jpg?t=20241217080949"
    },
    {
        "id": 9208,
        "name": "Sazonador Ajo Perejil Tarro DUCROS",
        "price": 2.25,
        "price_kilo": 5.23,
        "slug": "sazonador-ajo-perejil-tarro",
        "description": "Sazonador Ajo Perejil Tarro 43 Gr",
        "image": "https:\/\/cdn-consum.aktiosdigitalservices.com\/tol\/consum\/media\/product\/img\/300x300\/679191.jpg?t=20250206090154"
    },
    {
        "id": 9209,
        "name": "Galletas con Gotas de Chocolate CHIPS AHOY",
        "price": 3.99,
        "price_kilo": 13.3,
        "slug": "galletas-con-gotas-de-chocolate",
        "description": "Galletas con Gotas de Chocolate 300 Gr",
        "image": "https:\/\/cdn-consum.aktiosdigitalservices.com\/tol\/consum\/media\/product\/img\/300x300\/715441.jpg?t=20250311164534"
    },
    {
        "id": 9212,
        "name": "An\u00eds Seco FERRI",
        "price": 8.79,
        "price_kilo": 8.79,
        "slug": "anis-seco",
        "description": "An\u00eds Seco 1 L",
        "image": "https:\/\/cdn-consum.aktiosdigitalservices.com\/tol\/consum\/media\/product\/img\/300x300\/861203.jpg?t=20241217080953"
    },
    {
        "id": 9216,
        "name": "Palitos Fibra S\/Az\u00facares a\u00f1adidos - Sal VELARTE",
        "price": 1.84,
        "price_kilo": 7.67,
        "slug": "palitos-fibra-s-azucares-anadidos---sal",
        "description": "Palitos Fibra S\/Az\u00facares a\u00f1adidos - Sal 240 Gr",
        "image": "https:\/\/cdn-consum.aktiosdigitalservices.com\/tol\/consum\/media\/product\/img\/300x300\/1092469.jpg?t=20250313075859"
    },
    {
        "id": 9218,
        "name": "Embutido Mixto CONSUM",
        "price": 4.35,
        "price_kilo": 8.69,
        "slug": "embutido-mixto",
        "description": "Embutido Mixto",
        "image": "https:\/\/cdn-consum.aktiosdigitalservices.com\/tol\/consum\/media\/product\/img\/300x300\/1715218.jpg?t=20241217080956"
    },
    {
        "id": 9222,
        "name": "Vino Rosado D.O. Utiel Requena CAST.LIRIA",
        "price": 3.1,
        "price_kilo": 4.13,
        "slug": "vino-rosado-do-utiel-requena",
        "description": "Vino Rosado D.O. Utiel Requena 0,75 L",
        "image": "https:\/\/cdn-consum.aktiosdigitalservices.com\/tol\/consum\/media\/product\/img\/300x300\/4558805.jpg?t=20250206090506"
    },
    {
        "id": 9223,
        "name": "Vino Blanco Semi Dulce D.O. Utiel Requena CAST.LIRIA",
        "price": 3.1,
        "price_kilo": 4.13,
        "slug": "vino-blanco-semi-dulce-do-utiel-requena",
        "description": "Vino Blanco Semi Dulce D.O. Utiel Requena 0,75 L",
        "image": "https:\/\/cdn-consum.aktiosdigitalservices.com\/tol\/consum\/media\/product\/img\/300x300\/4558813.jpg?t=20250206090508"
    },
    {
        "id": 9226,
        "name": "Bacalao a la Vizca\u00edna Lata CABO PE\u00d1AS",
        "price": 2.95,
        "price_kilo": 42.14,
        "slug": "bacalao-a-la-vizcaina-lata",
        "description": "Bacalao a la Vizca\u00edna Lata 70 Gr",
        "image": "https:\/\/cdn-consum.aktiosdigitalservices.com\/tol\/consum\/media\/product\/img\/300x300\/7002223.jpg?t=20250109093749"
    },
    {
        "id": 9229,
        "name": "S\u00e1ndwich Mixto Pack de 2 Unidades TARRADELLAS",
        "price": 1.85,
        "price_kilo": 7.71,
        "slug": "sandwich-mixto-pack-de-2-unidades",
        "description": "S\u00e1ndwich Mixto Pack de 2 Unidades 2 x 120 Gr",
        "image": "https:\/\/cdn-consum.aktiosdigitalservices.com\/tol\/consum\/media\/product\/img\/300x300\/7019958.jpg?t=20241217081001"
    },
    {
        "id": 9235,
        "name": "Salsa Ligera Bocabajo LIGERESA",
        "price": 2.65,
        "price_kilo": 6.16,
        "slug": "salsa-ligera-bocabajo",
        "description": "Salsa Ligera Bocabajo 430 ml",
        "image": "https:\/\/cdn-consum.aktiosdigitalservices.com\/tol\/consum\/media\/product\/img\/300x300\/7043214.jpg?t=20250227090421"
    },
    {
        "id": 9238,
        "name": "Menestra Verduras Frasco CONSUM",
        "price": 2.59,
        "price_kilo": 6.48,
        "slug": "menestra-verduras-frasco",
        "description": "Menestra Verduras Frasco 400 Gr",
        "image": "https:\/\/cdn-consum.aktiosdigitalservices.com\/tol\/consum\/media\/product\/img\/300x300\/7044100.jpg?t=20250204080144"
    },
    {
        "id": 9240,
        "name": "Pat\u00e9 H\u00edgado de Cerdo Lata Pack de 3 CONSUM",
        "price": 1.55,
        "price_kilo": 6.62,
        "slug": "pate-higado-de-cerdo-lata-pack-de-3",
        "description": "Pat\u00e9 H\u00edgado de Cerdo Lata Pack de 3 3 x 78 Gr",
        "image": "https:\/\/cdn-consum.aktiosdigitalservices.com\/tol\/consum\/media\/product\/img\/300x300\/7044910.jpg?t=20250204080151"
    },
    {
        "id": 9244,
        "name": "Chistorra ARGAL",
        "price": 2.69,
        "price_kilo": 13.45,
        "slug": "chistorra",
        "description": "Chistorra 200 Gr",
        "image": "https:\/\/cdn-consum.aktiosdigitalservices.com\/tol\/consum\/media\/product\/img\/300x300\/7047681.jpg?t=20250312155912"
    },
    {
        "id": 9246,
        "name": "Mejillones en Escabeche Pack de 3 CONSUM",
        "price": 2.99,
        "price_kilo": 23.73,
        "slug": "mejillones-en-escabeche-pack-de-3",
        "description": "Mejillones en Escabeche Pack de 3 3 x 42 Gr",
        "image": "https:\/\/cdn-consum.aktiosdigitalservices.com\/tol\/consum\/media\/product\/img\/300x300\/7048478.jpg?t=20241231075742"
    },
    {
        "id": 9251,
        "name": "Mermelada Albaricoque Frasco CONSUM",
        "price": 1.5,
        "price_kilo": 3.66,
        "slug": "mermelada-albaricoque-frasco",
        "description": "Mermelada Albaricoque Frasco 410 Gr",
        "image": "https:\/\/cdn-consum.aktiosdigitalservices.com\/tol\/consum\/media\/product\/img\/300x300\/7055239.jpg?t=20250311104014"
    },
    {
        "id": 9252,
        "name": "Mermelada Ciruela Frasco CONSUM",
        "price": 1.8,
        "price_kilo": 4.39,
        "slug": "mermelada-ciruela-frasco",
        "description": "Mermelada Ciruela Frasco 410 Gr",
        "image": "https:\/\/cdn-consum.aktiosdigitalservices.com\/tol\/consum\/media\/product\/img\/300x300\/7055247.jpg?t=20250311104016"
    },
    {
        "id": 9253,
        "name": "Ambientador Aroma Lim\u00f3n FINISH",
        "price": 4.49,
        "price_kilo": 4.49,
        "slug": "ambientador-aroma-limon",
        "description": "Ambientador Aroma Lim\u00f3n 1 U",
        "image": "https:\/\/cdn-consum.aktiosdigitalservices.com\/tol\/consum\/media\/product\/img\/300x300\/7056310.jpg?t=20250109094144"
    },
    {
        "id": 9254,
        "name": "Coco Rallado Bolsa CONSUM",
        "price": 1.3,
        "price_kilo": 10.4,
        "slug": "coco-rallado-bolsa",
        "description": "Coco Rallado Bolsa 125 Gr",
        "image": "https:\/\/cdn-consum.aktiosdigitalservices.com\/tol\/consum\/media\/product\/img\/300x300\/7056604.jpg?t=20250312125044"
    },
    {
        "id": 9255,
        "name": "Tarta Laminada de Nata CONSUM",
        "price": 2.15,
        "price_kilo": 4.1,
        "slug": "tarta-laminada-de-nata",
        "description": "Tarta Laminada de Nata 525 Gr",
        "image": "https:\/\/cdn-consum.aktiosdigitalservices.com\/tol\/consum\/media\/product\/img\/300x300\/7064723.jpg?t=20250107075706"
    },
    {
        "id": 9256,
        "name": "Palomitas Microondas Saladas Pack de 3 POPITAS",
        "price": 2.49,
        "price_kilo": 8.3,
        "slug": "palomitas-microondas-saladas-pack-de-3",
        "description": "Palomitas Microondas Saladas Pack de 3 3 x 100 Gr",
        "image": "https:\/\/cdn-consum.aktiosdigitalservices.com\/tol\/consum\/media\/product\/img\/300x300\/7064835.jpg?t=20250312092743"
    },
    {
        "id": 9260,
        "name": "Queso Mozzarella Lonchas ARLA",
        "price": 3.15,
        "price_kilo": 21,
        "slug": "queso-mozzarella-lonchas",
        "description": "Queso Mozzarella Lonchas 150 Gr",
        "image": "https:\/\/cdn-consum.aktiosdigitalservices.com\/tol\/consum\/media\/product\/img\/300x300\/7068260.jpg?t=20250227090524"
    },
    {
        "id": 9261,
        "name": "Yogur Desnatado Chocolate Fondant Pack4 SVELTESSE",
        "price": 2.49,
        "price_kilo": 4.98,
        "slug": "yogur-desnatado-chocolate-fondant-pack4",
        "description": "Yogur Desnatado Chocolate Fondant Pack4 4 x 125 Gr",
        "image": "https:\/\/cdn-consum.aktiosdigitalservices.com\/tol\/consum\/media\/product\/img\/300x300\/7068674.jpg?t=20250312125051"
    },
    {
        "id": 9262,
        "name": "Pechuga de Pollo sin Grasa BIENSTAR",
        "price": 3.45,
        "price_kilo": 10.15,
        "slug": "pechuga-de-pollo-sin-grasa",
        "description": "Pechuga de Pollo sin Grasa 340 Gr",
        "image": "https:\/\/cdn-consum.aktiosdigitalservices.com\/tol\/consum\/media\/product\/img\/300x300\/7070936.jpg?t=20250220080050"
    },
    {
        "id": 9264,
        "name": "Napolitanas Chocolate 8 Unidades CONSUM",
        "price": 1.55,
        "price_kilo": 4.84,
        "slug": "napolitanas-chocolate-8-unidades",
        "description": "Napolitanas Chocolate 8 Unidades 320 Gr",
        "image": "https:\/\/cdn-consum.aktiosdigitalservices.com\/tol\/consum\/media\/product\/img\/300x300\/7075422.jpg?t=20250311104151"
    },
    {
        "id": 9265,
        "name": "Petit Croissants al Cacao CONSUM",
        "price": 0.95,
        "price_kilo": 6.33,
        "slug": "petit-croissants-al-cacao",
        "description": "Petit Croissants al Cacao 150 Gr",
        "image": "https:\/\/cdn-consum.aktiosdigitalservices.com\/tol\/consum\/media\/product\/img\/300x300\/7075430.jpg?t=20250312092744"
    },
    {
        "id": 9266,
        "name": "Rosegones CONSUM",
        "price": 1.85,
        "price_kilo": 7.4,
        "slug": "rosegones",
        "description": "Rosegones 250 Gr",
        "image": "https:\/\/cdn-consum.aktiosdigitalservices.com\/tol\/consum\/media\/product\/img\/300x300\/7075435.jpg?t=20250311104156"
    },
    {
        "id": 9267,
        "name": "Napolitanas de Crema CONSUM",
        "price": 1.55,
        "price_kilo": 4.84,
        "slug": "napolitanas-de-crema",
        "description": "Napolitanas de Crema 320 Gr",
        "image": "https:\/\/cdn-consum.aktiosdigitalservices.com\/tol\/consum\/media\/product\/img\/300x300\/7075443.jpg?t=20250311104158"
    },
    {
        "id": 9268,
        "name": "Bizcocho Ositos Lulu Relleno de Chocolate FONTANEDA",
        "price": 2.25,
        "price_kilo": 15,
        "slug": "bizcocho-ositos-lulu-relleno-de-chocolate",
        "description": "Bizcocho Ositos Lulu Relleno de Chocolate 5U 150 Gr",
        "image": "https:\/\/cdn-consum.aktiosdigitalservices.com\/tol\/consum\/media\/product\/img\/300x300\/7077352.jpg?t=20250311104217"
    },
    {
        "id": 9271,
        "name": "Picadillo de Encurtidos Frasco CONSUM",
        "price": 1.65,
        "price_kilo": 8.25,
        "slug": "picadillo-de-encurtidos-frasco",
        "description": "Picadillo de Encurtidos Frasco 200 Gr",
        "image": "https:\/\/cdn-consum.aktiosdigitalservices.com\/tol\/consum\/media\/product\/img\/300x300\/7083322.jpg?t=20250312092744"
    },
    {
        "id": 9273,
        "name": "Pipas Calabaza Tostadas Sal Bolsa CONSUM",
        "price": 1.55,
        "price_kilo": 12.4,
        "slug": "pipas-calabaza-tostadas-sal-bolsa",
        "description": "Pipas Calabaza Tostadas Sal Bolsa 125 Gr",
        "image": "https:\/\/cdn-consum.aktiosdigitalservices.com\/tol\/consum\/media\/product\/img\/300x300\/7087190.jpg?t=20250128075834"
    },
    {
        "id": 9275,
        "name": "Agua Mineral Natural de Mineralizaci\u00f3n Muy d\u00e9bil BEZOYA",
        "price": 2.25,
        "price_kilo": 0.45,
        "slug": "agua-mineral-natural-de-mineralizacion-muy-debil",
        "description": "Agua Mineral Natural de Mineralizaci\u00f3n Muy d\u00e9bil Bezoya 5 L",
        "image": "https:\/\/cdn-consum.aktiosdigitalservices.com\/tol\/consum\/media\/product\/img\/300x300\/7088599.jpg?t=20250320075812"
    },
    {
        "id": 9277,
        "name": "Agua Mineral  con Gas Botella Pet S.PELLEGRINO",
        "price": 1.39,
        "price_kilo": 1.39,
        "slug": "agua-mineral-con-gas-botella-pet",
        "description": "Agua Mineral  con Gas Botella Pet 1 L",
        "image": "https:\/\/cdn-consum.aktiosdigitalservices.com\/tol\/consum\/media\/product\/img\/300x300\/7091536.jpg?t=20250204080222"
    },
    {
        "id": 9282,
        "name": "Chipirones Rellenos en Aceite Girasol Lata CONSUM",
        "price": 2.29,
        "price_kilo": 32.71,
        "slug": "chipirones-rellenos-en-aceite-girasol-lata",
        "description": "Chipirones Rellenos en Aceite Girasol Lata 70 Gr",
        "image": "https:\/\/cdn-consum.aktiosdigitalservices.com\/tol\/consum\/media\/product\/img\/300x300\/7097298.jpg?t=20241217081018"
    },
    {
        "id": 9283,
        "name": "Chorizo de Pavo GOIKOA",
        "price": 2.95,
        "price_kilo": 19.67,
        "slug": "chorizo-de-pavo",
        "description": "Chorizo de Pavo 2 x 75 Gr",
        "image": "https:\/\/cdn-consum.aktiosdigitalservices.com\/tol\/consum\/media\/product\/img\/300x300\/7098106.jpg?t=20241217081018"
    },
    {
        "id": 9286,
        "name": "Pat\u00e9 H\u00edgado Cerdo -50% Grasa Tapa Negra LA PIARA",
        "price": 3.95,
        "price_kilo": 27.05,
        "slug": "pate-higado-cerdo--50-grasa-tapa-negra",
        "description": "Pat\u00e9 H\u00edgado Cerdo -50% Grasa Tapa Negra 2 x 73 Gr",
        "image": "https:\/\/cdn-consum.aktiosdigitalservices.com\/tol\/consum\/media\/product\/img\/300x300\/7103385.jpg?t=20250206091130"
    },
    {
        "id": 9288,
        "name": "Palomitas Mantequilla Bolsa CONSUM KIDS",
        "price": 0.9,
        "price_kilo": 10,
        "slug": "palomitas-mantequilla-bolsa",
        "description": "Palomitas Mantequilla Bolsa 90 Gr",
        "image": "https:\/\/cdn-consum.aktiosdigitalservices.com\/tol\/consum\/media\/product\/img\/300x300\/7112691.jpg?t=20250312092746"
    },
    {
        "id": 9292,
        "name": "Mermelada de Fresa 0% Az\u00facares A\u00f1adidos HELIOS",
        "price": 1.99,
        "price_kilo": 7.11,
        "slug": "mermelada-de-fresa-0-azucares-anadidos",
        "description": "Mermelada de Fresa 0% Az\u00facares A\u00f1adidos 280 Gr",
        "image": "https:\/\/cdn-consum.aktiosdigitalservices.com\/tol\/consum\/media\/product\/img\/300x300\/7142201.jpg?t=20250315075730"
    },
    {
        "id": 9293,
        "name": "Mermelada Ciruela 0% Az\u00facares A\u00f1adidos HELIOS",
        "price": 1.99,
        "price_kilo": 7.11,
        "slug": "mermelada-ciruela-0-azucares-anadidos",
        "description": "Mermelada Ciruela 0% Az\u00facares A\u00f1adidos 280 Gr",
        "image": "https:\/\/cdn-consum.aktiosdigitalservices.com\/tol\/consum\/media\/product\/img\/300x300\/7142214.jpg?t=20250315075733"
    },
    {
        "id": 9294,
        "name": "Vino Tinto Joven D.O.Jumilla C. COVANEGRA",
        "price": 2.45,
        "price_kilo": 3.27,
        "slug": "vino-tinto-joven-dojumilla",
        "description": "Vino Tinto Joven D.O.Jumilla 0,75 L",
        "image": "https:\/\/cdn-consum.aktiosdigitalservices.com\/tol\/consum\/media\/product\/img\/300x300\/7147085.jpg?t=20241217081024"
    },
    {
        "id": 9301,
        "name": "Sandwich Relleno Choco Pack 3 CONSUM",
        "price": 2.25,
        "price_kilo": 3,
        "slug": "sandwich-relleno-choco-pack-3",
        "description": "Sandwich Relleno Choco Pack 3 3 x 250 Gr",
        "image": "https:\/\/cdn-consum.aktiosdigitalservices.com\/tol\/consum\/media\/product\/img\/300x300\/7154532.jpg?t=20250311104707"
    },
    {
        "id": 9306,
        "name": "Crema Corporal Nutritiva Reparadora KYREY",
        "price": 1.45,
        "price_kilo": 0.73,
        "slug": "crema-corporal-nutritiva-reparadora",
        "description": "Crema Corporal Nutritiva Reparadora 200 ml",
        "image": "https:\/\/cdn-consum.aktiosdigitalservices.com\/tol\/consum\/media\/product\/img\/300x300\/7163348.jpg?t=20250311164549"
    },
    {
        "id": 9312,
        "name": "Tinto de Verano Lim\u00f3n 0,0%Az\u00facar 0,0%Alcohol SANDEVID",
        "price": 1.99,
        "price_kilo": 1.33,
        "slug": "tinto-de-verano-limon-00azucar-00alcohol",
        "description": "Tinto de Verano Lim\u00f3n 0,0%Az\u00facar 0,0%Alcohol 1,5 L",
        "image": "https:\/\/cdn-consum.aktiosdigitalservices.com\/tol\/consum\/media\/product\/img\/300x300\/7170033.jpg?t=20250228080008"
    },
    {
        "id": 9314,
        "name": "Champ\u00fa para Perros Todo Tipo de Pelo MI MASCOTA",
        "price": 2.69,
        "price_kilo": 8.97,
        "slug": "champu-para-perros-todo-tipo-de-pelo",
        "description": "Champ\u00fa para Perros Todo Tipo de Pelo 300 ml",
        "image": "https:\/\/cdn-consum.aktiosdigitalservices.com\/tol\/consum\/media\/product\/img\/300x300\/7177467.jpg?t=20241217081031"
    },
    {
        "id": 9315,
        "name": "Agua Mineral con Gas Botella FONTER",
        "price": 1.14,
        "price_kilo": 1.14,
        "slug": "agua-mineral-con-gas-botella",
        "description": "Agua Mineral con Gas Botella 1 L",
        "image": "https:\/\/cdn-consum.aktiosdigitalservices.com\/tol\/consum\/media\/product\/img\/300x300\/7179083.jpg?t=20250311133456"
    },
    {
        "id": 9319,
        "name": "Tomate Doble Concentrado Lata HIDA",
        "price": 1.45,
        "price_kilo": 8.53,
        "slug": "tomate-doble-concentrado-lata",
        "description": "Tomate Doble Concentrado Lata 170 Gr",
        "image": "https:\/\/cdn-consum.aktiosdigitalservices.com\/tol\/consum\/media\/product\/img\/300x300\/7180771.jpg?t=20241217081032"
    },
    {
        "id": 9320,
        "name": "Guante Especial Lej\u00eda de Nitrilo Talla Mediana CONSUM",
        "price": 1.95,
        "price_kilo": 1.95,
        "slug": "guante-especial-lejia-de-nitrilo-talla-mediana",
        "description": "Guante Especial Lej\u00eda de Nitrilo Talla Mediana 1 U",
        "image": "https:\/\/cdn-consum.aktiosdigitalservices.com\/tol\/consum\/media\/product\/img\/300x300\/7182595.jpg?t=20241217081033"
    },
    {
        "id": 9322,
        "name": "Sardinas en Aceite Oliva Lata CALVO",
        "price": 1.79,
        "price_kilo": 21.31,
        "slug": "sardinas-en-aceite-oliva-lata",
        "description": "Sardinas en Aceite Oliva Lata 84 Gr",
        "image": "https:\/\/cdn-consum.aktiosdigitalservices.com\/tol\/consum\/media\/product\/img\/300x300\/7184518.jpg?t=20250319075833"
    },
    {
        "id": 9324,
        "name": "Galleta Principe Estrella LU",
        "price": 2.75,
        "price_kilo": 12.22,
        "slug": "galleta-principe-estrella",
        "description": "Galleta Principe Estrella 225 Gr",
        "image": "https:\/\/cdn-consum.aktiosdigitalservices.com\/tol\/consum\/media\/product\/img\/300x300\/7185374.jpg?t=20250311104951"
    },
    {
        "id": 9329,
        "name": "Vino Blanco D.O.Rioja DUQUE NARDOS",
        "price": 3.35,
        "price_kilo": 4.47,
        "slug": "vino-blanco-dorioja",
        "description": "Vino Blanco D.O.Rioja 0,75 L",
        "image": "https:\/\/cdn-consum.aktiosdigitalservices.com\/tol\/consum\/media\/product\/img\/300x300\/7188964.jpg?t=20250114084125"
    },
    {
        "id": 9330,
        "name": "Picos Camperos CONSUM",
        "price": 0.99,
        "price_kilo": 3.96,
        "slug": "picos-camperos",
        "description": "Picos Camperos 250 Gr",
        "image": "https:\/\/cdn-consum.aktiosdigitalservices.com\/tol\/consum\/media\/product\/img\/300x300\/7190135.jpg?t=20250313081517"
    },
    {
        "id": 9331,
        "name": "Agua con Gas Lata VICHY",
        "price": 1.07,
        "price_kilo": 3.24,
        "slug": "agua-con-gas-lata",
        "description": "Agua con Gas Lata 0,33 L",
        "image": "https:\/\/cdn-consum.aktiosdigitalservices.com\/tol\/consum\/media\/product\/img\/300x300\/7190499.jpg?t=20241217081036"
    },
    {
        "id": 9333,
        "name": "Salsa Burger Bote HELLMANN'S",
        "price": 2.25,
        "price_kilo": 8.65,
        "slug": "salsa-burger-bote",
        "description": "Salsa Burger Bote 260 Gr",
        "image": "https:\/\/cdn-consum.aktiosdigitalservices.com\/tol\/consum\/media\/product\/img\/300x300\/7191971.jpg?t=20250220080235"
    },
    {
        "id": 9339,
        "name": "Tinto Verano Lim\u00f3n Lata LA CASERA",
        "price": 0.92,
        "price_kilo": 2.79,
        "slug": "tinto-verano-limon-lata",
        "description": "Tinto Verano Lim\u00f3n Lata 0,33 L",
        "image": "https:\/\/cdn-consum.aktiosdigitalservices.com\/tol\/consum\/media\/product\/img\/300x300\/7195147.jpg?t=20250201075900"
    },
    {
        "id": 9346,
        "name": "Limpiamuebles Aloe Vera Pistola PRONTO",
        "price": 5.35,
        "price_kilo": 10.7,
        "slug": "limpiamuebles-aloe-vera-pistola",
        "description": "Limpiamuebles Aloe Vera Pistola 0,5 L",
        "image": "https:\/\/cdn-consum.aktiosdigitalservices.com\/tol\/consum\/media\/product\/img\/300x300\/7199479.jpg?t=20241217081039"
    },
    {
        "id": 9348,
        "name": "Pan Molde 100% Natural Tierno y Fresco CONSUM",
        "price": 1.5,
        "price_kilo": 3.26,
        "slug": "pan-molde-100-natural-tierno-y-fresco",
        "description": "Pan Molde 100% Natural Tierno y Fresco 460 Gr",
        "image": "https:\/\/cdn-consum.aktiosdigitalservices.com\/tol\/consum\/media\/product\/img\/300x300\/7200124.jpg?t=20250311133541"
    },
    {
        "id": 9353,
        "name": "Taco de Bac\u00f3n MONELLS",
        "price": 2.92,
        "price_kilo": 9.73,
        "slug": "taco-de-bacon",
        "description": "Taco de Bac\u00f3n 300 Gr",
        "image": "https:\/\/cdn-consum.aktiosdigitalservices.com\/tol\/consum\/media\/product\/img\/300x300\/7208247.jpg?t=20250227091436"
    },
    {
        "id": 9354,
        "name": "Bonito en Lonchas ANGOMAR",
        "price": 1.09,
        "price_kilo": 2.73,
        "slug": "bonito-en-lonchas",
        "description": "Bonito en Lonchas 40 Gr",
        "image": "https:\/\/cdn-consum.aktiosdigitalservices.com\/tol\/consum\/media\/product\/img\/300x300\/7208833.jpg?t=20241217081042"
    },
    {
        "id": 9355,
        "name": "Vino Tinto D.O.Navarra VI\u00d1A LERDEN",
        "price": 2.35,
        "price_kilo": 3.13,
        "slug": "vino-tinto-donavarra",
        "description": "Vino Tinto D.O.Navarra 0,75 L",
        "image": "https:\/\/cdn-consum.aktiosdigitalservices.com\/tol\/consum\/media\/product\/img\/300x300\/7212228.jpg?t=20250114084145"
    },
    {
        "id": 9356,
        "name": "Aros de Ma\u00edz Kaskys Bolsa TOSFRIT",
        "price": 1.19,
        "price_kilo": 9.92,
        "slug": "aros-de-maiz-kaskys-bolsa",
        "description": "Aros de Ma\u00edz Kaskys Bolsa 120 Gr",
        "image": "https:\/\/cdn-consum.aktiosdigitalservices.com\/tol\/consum\/media\/product\/img\/300x300\/7212566.jpg?t=20250227091509"
    },
    {
        "id": 9363,
        "name": "Galletas Campurrianas Caja CUETARA",
        "price": 2.99,
        "price_kilo": 6.42,
        "slug": "galletas-campurrianas-caja",
        "description": "Galletas Campurrianas Caja 466 Gr",
        "image": "https:\/\/cdn-consum.aktiosdigitalservices.com\/tol\/consum\/media\/product\/img\/300x300\/7216435.jpg?t=20250312160254"
    },
    {
        "id": 9367,
        "name": "Tomate Cherry Cubeta ",
        "price": 1.98,
        "price_kilo": 3.96,
        "slug": "tomate-cherry-cubeta",
        "description": "Tomate Cherry Cubeta 500 Gr",
        "image": "https:\/\/cdn-consum.aktiosdigitalservices.com\/tol\/consum\/media\/product\/img\/300x300\/7218167.jpg?t=20250225075948"
    },
    {
        "id": 9368,
        "name": "Cocktail Frutos Secos Mix5 Maxi Ahorro Bolsa MISTERCORN",
        "price": 2.85,
        "price_kilo": 9.5,
        "slug": "cocktail-frutos-secos-mix5-maxi-ahorro-bolsa",
        "description": "Cocktail Frutos Secos Mix5 Maxi Ahorro Bolsa 300 Gr",
        "image": "https:\/\/cdn-consum.aktiosdigitalservices.com\/tol\/consum\/media\/product\/img\/300x300\/7218360.jpg?t=20250321075848"
    },
    {
        "id": 9374,
        "name": "Bizcochadas Bolsa LA CUEVA",
        "price": 2.59,
        "price_kilo": 7.1,
        "slug": "bizcochadas-bolsa",
        "description": "Bizcochadas Bolsa 365 Gr",
        "image": "https:\/\/cdn-consum.aktiosdigitalservices.com\/tol\/consum\/media\/product\/img\/300x300\/7220932.jpg?t=20250311105310"
    },
    {
        "id": 9379,
        "name": "Tomate Frito con Aceite Oliva Virgen Extra Frasco HELIOS",
        "price": 2.65,
        "price_kilo": 4.73,
        "slug": "tomate-frito-con-aceite-oliva-virgen-extra-frasco",
        "description": "Tomate Frito con Aceite Oliva Virgen Extra Frasco 560 Gr",
        "image": "https:\/\/cdn-consum.aktiosdigitalservices.com\/tol\/consum\/media\/product\/img\/300x300\/7222201.jpg?t=20250206092243"
    },
    {
        "id": 9383,
        "name": "Comida Seca Perro Mini Senior ULTIMA",
        "price": 8.99,
        "price_kilo": 5.99,
        "slug": "comida-seca-perro-mini-senior",
        "description": "Comida Seca Perro Mini Senior 1,5 Kg",
        "image": "https:\/\/cdn-consum.aktiosdigitalservices.com\/tol\/consum\/media\/product\/img\/300x300\/7225634.jpg?t=20250218080400"
    },
    {
        "id": 9386,
        "name": "Agua Mineral con Gas Botella Pet PERRIER",
        "price": 1.07,
        "price_kilo": 2.14,
        "slug": "agua-mineral-con-gas-botella-pet",
        "description": "Agua Mineral con Gas Botella Pet 0,5 L",
        "image": "https:\/\/cdn-consum.aktiosdigitalservices.com\/tol\/consum\/media\/product\/img\/300x300\/7227676.jpg?t=20250311133637"
    },
    {
        "id": 9387,
        "name": "Jud\u00edas Verdes Extra Finas Frasco BONDUELLE",
        "price": 4.69,
        "price_kilo": 16.75,
        "slug": "judias-verdes-extra-finas-frasco",
        "description": "Jud\u00edas Verdes Extra Finas Frasco 280 Gr",
        "image": "https:\/\/cdn-consum.aktiosdigitalservices.com\/tol\/consum\/media\/product\/img\/300x300\/7228737.jpg?t=20241217081050"
    },
    {
        "id": 9389,
        "name": "Limpia Tuber\u00edas Biol\u00f3gico CONSUM",
        "price": 3.8,
        "price_kilo": 3.8,
        "slug": "limpia-tuberias-biologico",
        "description": "Limpia Tuber\u00edas Biol\u00f3gico 1 L",
        "image": "https:\/\/cdn-consum.aktiosdigitalservices.com\/tol\/consum\/media\/product\/img\/300x300\/7230985.jpg?t=20241217081051"
    },
    {
        "id": 9391,
        "name": "Aceite del \u00c1rbol del T\u00e9 NATURAFEMME",
        "price": 7.99,
        "price_kilo": 26.63,
        "slug": "aceite-del-arbol-del-te",
        "description": "Aceite del \u00c1rbol del T\u00e9 30 ml",
        "image": "https:\/\/cdn-consum.aktiosdigitalservices.com\/tol\/consum\/media\/product\/img\/300x300\/7234032.jpg?t=20250312092754"
    },
    {
        "id": 9392,
        "name": "Galletas Choco Cream Ba\u00f1adas Choco Blanco CONSUM",
        "price": 1.99,
        "price_kilo": 7.9,
        "slug": "galletas-choco-cream-banadas-choco-blanco",
        "description": "Galletas Choco Cream Ba\u00f1adas Choco Blanco 252 Gr",
        "image": "https:\/\/cdn-consum.aktiosdigitalservices.com\/tol\/consum\/media\/product\/img\/300x300\/7234318.jpg?t=20250311105423"
    },
    {
        "id": 9393,
        "name": "Galleta Chococream Mini CONSUM",
        "price": 0.89,
        "price_kilo": 8.9,
        "slug": "galleta-chococream-mini",
        "description": "Galleta Chococream Mini 100 Gr",
        "image": "https:\/\/cdn-consum.aktiosdigitalservices.com\/tol\/consum\/media\/product\/img\/300x300\/7234321.jpg?t=20250312092754"
    },
    {
        "id": 9395,
        "name": "Galleta Salada Bote CONSUM",
        "price": 1.2,
        "price_kilo": 3.43,
        "slug": "galleta-salada-bote",
        "description": "Galleta Salada Bote 350 Gr",
        "image": "https:\/\/cdn-consum.aktiosdigitalservices.com\/tol\/consum\/media\/product\/img\/300x300\/7239465.jpg?t=20241217081055"
    },
    {
        "id": 9410,
        "name": "Agua con Gas Pet VICHY",
        "price": 1.79,
        "price_kilo": 1.49,
        "slug": "agua-con-gas-pet",
        "description": "Agua con Gas Pet 1,2 L",
        "image": "https:\/\/cdn-consum.aktiosdigitalservices.com\/tol\/consum\/media\/product\/img\/300x300\/7246320.jpg?t=20250115080140"
    },
    {
        "id": 9417,
        "name": "Crema de Peinado Look Tup\u00e9 GIORGI",
        "price": 5.05,
        "price_kilo": 4.04,
        "slug": "crema-de-peinado-look-tupe",
        "description": "Crema de Peinado Look Tup\u00e9 125 ml",
        "image": "https:\/\/cdn-consum.aktiosdigitalservices.com\/tol\/consum\/media\/product\/img\/300x300\/7251056.jpg?t=20250312160410"
    },
    {
        "id": 9420,
        "name": "Redecillas Pelo Invisibles BETER",
        "price": 1.35,
        "price_kilo": 0.68,
        "slug": "redecillas-pelo-invisibles",
        "description": "Redecillas Pelo Invisibles 2 U",
        "image": "https:\/\/cdn-consum.aktiosdigitalservices.com\/tol\/consum\/media\/product\/img\/300x300\/7252732.jpg?t=20241217081100"
    },
    {
        "id": 9426,
        "name": "Pan de Molde sin Corteza DULCESOL",
        "price": 3.3,
        "price_kilo": 4.02,
        "slug": "pan-de-molde-sin-corteza",
        "description": "Pan de Molde sin Corteza 820 Gr",
        "image": "https:\/\/cdn-consum.aktiosdigitalservices.com\/tol\/consum\/media\/product\/img\/300x300\/7254894.jpg?t=20250311105704"
    },
    {
        "id": 9432,
        "name": "Soda Sif\u00f3n Botella SANI",
        "price": 1.6,
        "price_kilo": 1.07,
        "slug": "soda-sifon-botella",
        "description": "Soda Sif\u00f3n Botella 1,5 L",
        "image": "https:\/\/cdn-consum.aktiosdigitalservices.com\/tol\/consum\/media\/product\/img\/300x300\/7258440.jpg?t=20241217081103"
    },
    {
        "id": 9443,
        "name": "Suavizante Concentrado Azul FLOR",
        "price": 4.89,
        "price_kilo": 0.06,
        "slug": "suavizante-concentrado-azul",
        "description": "Suavizante Concentrado Azul 78 Lv",
        "image": "https:\/\/cdn-consum.aktiosdigitalservices.com\/tol\/consum\/media\/product\/img\/300x300\/7263585.jpg?t=20250227092324"
    },
    {
        "id": 9444,
        "name": "Toallitas Multiusos SANYTOL",
        "price": 2.25,
        "price_kilo": 0.08,
        "slug": "toallitas-multiusos",
        "description": "Toallitas Multiusos 30 U",
        "image": "https:\/\/cdn-consum.aktiosdigitalservices.com\/tol\/consum\/media\/product\/img\/300x300\/7263676.jpg?t=20250312125445"
    },
    {
        "id": 9448,
        "name": "Huevo Kinder Joy Pack KINDER",
        "price": 3.99,
        "price_kilo": 66.5,
        "slug": "huevo-kinder-joy-pack",
        "description": "Huevo Kinder Joy Pack 3 x 20 Gr",
        "image": "https:\/\/cdn-consum.aktiosdigitalservices.com\/tol\/consum\/media\/product\/img\/300x300\/7265747.jpg?t=20250311133810"
    },
    {
        "id": 9456,
        "name": "Desodorante Spray Protege&Cuida NIVEA",
        "price": 3.15,
        "price_kilo": 1.58,
        "slug": "desodorante-spray-protegecuida",
        "description": "Desodorante Spray Protege&Cuida 200 ml",
        "image": "https:\/\/cdn-consum.aktiosdigitalservices.com\/tol\/consum\/media\/product\/img\/300x300\/7266971.jpg?t=20250311164600"
    },
    {
        "id": 9466,
        "name": "Agua Micelar en Aceite GARNIER",
        "price": 4.99,
        "price_kilo": 1.25,
        "slug": "agua-micelar-en-aceite",
        "description": "Agua Micelar en Aceite 400 ml",
        "image": "https:\/\/cdn-consum.aktiosdigitalservices.com\/tol\/consum\/media\/product\/img\/300x300\/7267750.jpg?t=20250214075852"
    },
    {
        "id": 9470,
        "name": "S\u00e9mola de Trigo Paquete GALLO",
        "price": 0.85,
        "price_kilo": 3.4,
        "slug": "semola-de-trigo-paquete",
        "description": "S\u00e9mola de Trigo Paquete 250 Gr",
        "image": "https:\/\/cdn-consum.aktiosdigitalservices.com\/tol\/consum\/media\/product\/img\/300x300\/122770.jpg?t=20250319075619"
    },
    {
        "id": 9472,
        "name": "Colorante Alimentario Tarro DUCROS",
        "price": 2.15,
        "price_kilo": 35.83,
        "slug": "colorante-alimentario-tarro",
        "description": "Colorante Alimentario Tarro 60 Gr",
        "image": "https:\/\/cdn-consum.aktiosdigitalservices.com\/tol\/consum\/media\/product\/img\/300x300\/308874.jpg?t=20250227085756"
    },
    {
        "id": 9473,
        "name": "Or\u00e9gano Tarro DUCROS",
        "price": 2.25,
        "price_kilo": 22.5,
        "slug": "oregano-tarro",
        "description": "Or\u00e9gano Tarro 10 Gr",
        "image": "https:\/\/cdn-consum.aktiosdigitalservices.com\/tol\/consum\/media\/product\/img\/300x300\/309245.jpg?t=20250206085810"
    },
    {
        "id": 9474,
        "name": "Preparado Pastel Fresco Sabor Lim\u00f3n ROYAL",
        "price": 1.79,
        "price_kilo": 17.38,
        "slug": "preparado-pastel-fresco-sabor-limon",
        "description": "Preparado Pastel Fresco Sabor Lim\u00f3n 103 Gr",
        "image": "https:\/\/cdn-consum.aktiosdigitalservices.com\/tol\/consum\/media\/product\/img\/300x300\/310862.jpg?t=20250311103105"
    },
    {
        "id": 9478,
        "name": "Agua Mineral  con Gas Botella FONTER",
        "price": 0.84,
        "price_kilo": 1.68,
        "slug": "agua-mineral-con-gas-botella",
        "description": "Agua Mineral  con Gas Botella 0,5 L",
        "image": "https:\/\/cdn-consum.aktiosdigitalservices.com\/tol\/consum\/media\/product\/img\/300x300\/2808418.jpg?t=20250312092741"
    },
    {
        "id": 9482,
        "name": "Alubia Roja Cocida Frasco LUENGO",
        "price": 1.59,
        "price_kilo": 3.98,
        "slug": "alubia-roja-cocida-frasco",
        "description": "Alubia Roja Cocida Frasco 400 Gr",
        "image": "https:\/\/cdn-consum.aktiosdigitalservices.com\/tol\/consum\/media\/product\/img\/300x300\/7022473.jpg?t=20241217081002"
    },
    {
        "id": 9485,
        "name": "Alubia con Verduras Frasco LUENGO",
        "price": 1.49,
        "price_kilo": 3.73,
        "slug": "alubia-con-verduras-frasco",
        "description": "Alubia con Verduras Frasco 400 Gr",
        "image": "https:\/\/cdn-consum.aktiosdigitalservices.com\/tol\/consum\/media\/product\/img\/300x300\/7044006.jpg?t=20250312092742"
    },
    {
        "id": 9488,
        "name": "Mermelada Naranja Amarga Frasco CONSUM",
        "price": 1.25,
        "price_kilo": 3.05,
        "slug": "mermelada-naranja-amarga-frasco",
        "description": "Mermelada Naranja Amarga Frasco 410 Gr",
        "image": "https:\/\/cdn-consum.aktiosdigitalservices.com\/tol\/consum\/media\/product\/img\/300x300\/7055275.jpg?t=20250311104024"
    },
    {
        "id": 9494,
        "name": "Magnum Mini Classic Pack de 6+2 Unidades FRIGO",
        "price": 4.99,
        "price_kilo": 14.74,
        "slug": "magnum-mini-classic-pack-de-62-unidades",
        "description": "Magnum Mini Classic Pack de 6+2 Unidades 338,5 Gr",
        "image": "https:\/\/cdn-consum.aktiosdigitalservices.com\/tol\/consum\/media\/product\/img\/300x300\/7148567.jpg?t=20250320075844"
    },
    {
        "id": 9496,
        "name": "Arroz Bomba Paquete CONSUM",
        "price": 5.09,
        "price_kilo": 5.09,
        "slug": "arroz-bomba-paquete",
        "description": "Arroz Bomba Paquete 1 Kg",
        "image": "https:\/\/cdn-consum.aktiosdigitalservices.com\/tol\/consum\/media\/product\/img\/300x300\/7164762.jpg?t=20250103080810"
    },
    {
        "id": 9498,
        "name": "Caldo de Carne 12 Pastillas CONSUM",
        "price": 0.85,
        "price_kilo": 7.08,
        "slug": "caldo-de-carne-12-pastillas",
        "description": "Caldo de Carne 12 Pastillas 120 Gr",
        "image": "https:\/\/cdn-consum.aktiosdigitalservices.com\/tol\/consum\/media\/product\/img\/300x300\/7178713.jpg?t=20241217081031"
    },
    {
        "id": 9499,
        "name": "Mermelada Fresa 0% Az\u00facares A\u00f1adidos CONSUM",
        "price": 1.25,
        "price_kilo": 4.46,
        "slug": "mermelada-fresa-0-azucares-anadidos",
        "description": "Mermelada Fresa 0% Az\u00facares A\u00f1adidos 280 Gr",
        "image": "https:\/\/cdn-consum.aktiosdigitalservices.com\/tol\/consum\/media\/product\/img\/300x300\/7185288.jpg?t=20250311104943"
    },
    {
        "id": 9500,
        "name": "Mermelada Melocot\u00f3n 0% Az\u00facares A\u00f1adidos CONSUM",
        "price": 1.3,
        "price_kilo": 4.64,
        "slug": "mermelada-melocoton-0-azucares-anadidos",
        "description": "Mermelada Melocot\u00f3n 0% Az\u00facares A\u00f1adidos 280 Gr",
        "image": "https:\/\/cdn-consum.aktiosdigitalservices.com\/tol\/consum\/media\/product\/img\/300x300\/7185291.jpg?t=20250311104946"
    },
    {
        "id": 9502,
        "name": "Ensalada California de At\u00fan CALVO",
        "price": 1.45,
        "price_kilo": 9.67,
        "slug": "ensalada-california-de-atun",
        "description": "Ensalada California de At\u00fan 150 Gr",
        "image": "https:\/\/cdn-consum.aktiosdigitalservices.com\/tol\/consum\/media\/product\/img\/300x300\/7192016.jpg?t=20250220080240"
    },
    {
        "id": 9506,
        "name": "Melocot\u00f3n Almibar Ligero Lata SOL ARCHENA",
        "price": 2.35,
        "price_kilo": 4.9,
        "slug": "melocoton-almibar-ligero-lata",
        "description": "Melocot\u00f3n Almibar Ligero Lata 480 Gr",
        "image": "https:\/\/cdn-consum.aktiosdigitalservices.com\/tol\/consum\/media\/product\/img\/300x300\/7205404.jpg?t=20250311164555"
    },
    {
        "id": 9512,
        "name": "Caramelo con Palo Melody Pops CHUPA-CHUPS",
        "price": 1,
        "price_kilo": 6.67,
        "slug": "caramelo-con-palo-melody-pops",
        "description": "Caramelo con Palo Melody Pops 15 Gr",
        "image": "https:\/\/cdn-consum.aktiosdigitalservices.com\/tol\/consum\/media\/product\/img\/300x300\/7219590.jpg?t=20250311124434"
    },
    {
        "id": 9531,
        "name": "Salsa Casera Tarro CALV\u00c9",
        "price": 2.35,
        "price_kilo": 5.47,
        "slug": "salsa-casera-tarro",
        "description": "Salsa Casera Tarro 430 ml",
        "image": "https:\/\/cdn-consum.aktiosdigitalservices.com\/tol\/consum\/media\/product\/img\/300x300\/7263320.jpg?t=20250313080408"
    },
    {
        "id": 9536,
        "name": "Tamp\u00f3n Pearl Regular TAMPAX",
        "price": 4.59,
        "price_kilo": 0.19,
        "slug": "tampon-pearl-regular",
        "description": "Tamp\u00f3n Pearl Regular 24 U",
        "image": "https:\/\/cdn-consum.aktiosdigitalservices.com\/tol\/consum\/media\/product\/img\/300x300\/7265994.jpg?t=20241217081107"
    },
    {
        "id": 9537,
        "name": "Tamp\u00f3n Pearl S\u00faper TAMPAX",
        "price": 4.59,
        "price_kilo": 0.19,
        "slug": "tampon-pearl-super",
        "description": "Tamp\u00f3n Pearl S\u00faper 24 U",
        "image": "https:\/\/cdn-consum.aktiosdigitalservices.com\/tol\/consum\/media\/product\/img\/300x300\/7265999.jpg?t=20241217081107"
    },
    {
        "id": 9545,
        "name": "Chicles Stick Sabor Fresa TRIDENT",
        "price": 1.1,
        "price_kilo": 8.15,
        "slug": "chicles-stick-sabor-fresa",
        "description": "Chicles Stick Sabor Fresa 13,5 Gr",
        "image": "https:\/\/cdn-consum.aktiosdigitalservices.com\/tol\/consum\/media\/product\/img\/300x300\/1530963.jpg?t=20250311123956"
    },
    {
        "id": 9556,
        "name": "Brazo de Fresa CONSUM",
        "price": 1.99,
        "price_kilo": 6.63,
        "slug": "brazo-de-fresa",
        "description": "Brazo de Fresa 300 Gr",
        "image": "https:\/\/cdn-consum.aktiosdigitalservices.com\/tol\/consum\/media\/product\/img\/300x300\/7259419.jpg?t=20250311105729"
    },
    {
        "id": 9565,
        "name": "Vino Blanco D.O.Valencia BARON TURIS",
        "price": 2.29,
        "price_kilo": 3.05,
        "slug": "vino-blanco-dovalencia",
        "description": "Vino Blanco D.O.Valencia 0,75 L",
        "image": "https:\/\/cdn-consum.aktiosdigitalservices.com\/tol\/consum\/media\/product\/img\/300x300\/128942.jpg?t=20241217080942"
    },
    {
        "id": 9568,
        "name": "Vino Rosado de Mesa Brik DON SIMON",
        "price": 1.6,
        "price_kilo": 1.6,
        "slug": "vino-rosado-de-mesa-brik",
        "description": "Vino Rosado de Mesa Brik 1 L",
        "image": "https:\/\/cdn-consum.aktiosdigitalservices.com\/tol\/consum\/media\/product\/img\/300x300\/312132.jpg?t=20241217080945"
    },
    {
        "id": 9570,
        "name": "Whisky Scotch Red J.WALKER",
        "price": 15.8,
        "price_kilo": 22.57,
        "slug": "whisky-scotch-red",
        "description": "Whisky Scotch Red 0,7 L",
        "image": "https:\/\/cdn-consum.aktiosdigitalservices.com\/tol\/consum\/media\/product\/img\/300x300\/315606.jpg?t=20250314121232"
    },
    {
        "id": 9572,
        "name": "Crema de Whisky BAILEYS",
        "price": 15.99,
        "price_kilo": 22.84,
        "slug": "crema-de-whisky",
        "description": "Crema de Whisky 0,7 L",
        "image": "https:\/\/cdn-consum.aktiosdigitalservices.com\/tol\/consum\/media\/product\/img\/300x300\/317347.jpg?t=20250311123822"
    },
    {
        "id": 9576,
        "name": "Vino Tinto C.V.C. D.O.Rioja CAMPO VIEJO",
        "price": 3.99,
        "price_kilo": 5.32,
        "slug": "vino-tinto-cvc-dorioja",
        "description": "Vino Tinto C.V.C. D.O.Rioja 0,75 L",
        "image": "https:\/\/cdn-consum.aktiosdigitalservices.com\/tol\/consum\/media\/product\/img\/300x300\/816884.jpg?t=20250227090057"
    },
    {
        "id": 9578,
        "name": "Ginebra GORDON'S",
        "price": 11.99,
        "price_kilo": 17.13,
        "slug": "ginebra",
        "description": "Ginebra 0,7 L",
        "image": "https:\/\/cdn-consum.aktiosdigitalservices.com\/tol\/consum\/media\/product\/img\/300x300\/916460.jpg?t=20250311164534"
    },
    {
        "id": 9579,
        "name": "Vino Tinto Joven D.O.Rioja FAUSTINO VII",
        "price": 3.99,
        "price_kilo": 5.32,
        "slug": "vino-tinto-joven-dorioja",
        "description": "Vino Tinto Joven D.O.Rioja 0,75 L",
        "image": "https:\/\/cdn-consum.aktiosdigitalservices.com\/tol\/consum\/media\/product\/img\/300x300\/954615.jpg?t=20250109093413"
    },
    {
        "id": 9581,
        "name": "Aerosol Repelente Insectos AUTAN",
        "price": 8.99,
        "price_kilo": 8.99,
        "slug": "aerosol-repelente-insectos",
        "description": "Aerosol Repelente Insectos 100 ml",
        "image": "https:\/\/cdn-consum.aktiosdigitalservices.com\/tol\/consum\/media\/product\/img\/300x300\/4390431.jpg?t=20241231080000"
    },
    {
        "id": 9583,
        "name": "Vermut Blanco VIDAL",
        "price": 2.7,
        "price_kilo": 2.7,
        "slug": "vermut-blanco",
        "description": "Vermut Blanco 1 L",
        "image": "https:\/\/cdn-consum.aktiosdigitalservices.com\/tol\/consum\/media\/product\/img\/300x300\/7003189.jpg?t=20241217081000"
    },
    {
        "id": 9584,
        "name": "Vino Tinto Garrafa VI\u00d1A CORBA",
        "price": 5.45,
        "price_kilo": 1.09,
        "slug": "vino-tinto-garrafa",
        "description": "Vino Tinto Garrafa 5 L",
        "image": "https:\/\/cdn-consum.aktiosdigitalservices.com\/tol\/consum\/media\/product\/img\/300x300\/7017242.jpg?t=20250211075818"
    },
    {
        "id": 9585,
        "name": "Chicle Grageado Sabor Menta TRIDENT",
        "price": 1,
        "price_kilo": 7.14,
        "slug": "chicle-grageado-sabor-menta",
        "description": "Chicle Grageado Sabor Menta 14,5 Gr",
        "image": "https:\/\/cdn-consum.aktiosdigitalservices.com\/tol\/consum\/media\/product\/img\/300x300\/7021264.jpg?t=20250311124051"
    },
    {
        "id": 9586,
        "name": "Tinto de Verano Cl\u00e1sico Botella Pet SANDEVID",
        "price": 1.99,
        "price_kilo": 1.33,
        "slug": "tinto-de-verano-clasico-botella-pet",
        "description": "Tinto de Verano Cl\u00e1sico Botella Pet 1,5 L",
        "image": "https:\/\/cdn-consum.aktiosdigitalservices.com\/tol\/consum\/media\/product\/img\/300x300\/7047512.jpg?t=20250226075737"
    },
    {
        "id": 9587,
        "name": "Tinto de Verano Lim\u00f3n Botella Pet SANDEVID",
        "price": 1.99,
        "price_kilo": 1.33,
        "slug": "tinto-de-verano-limon-botella-pet",
        "description": "Tinto de Verano Lim\u00f3n Botella Pet 1,5 L",
        "image": "https:\/\/cdn-consum.aktiosdigitalservices.com\/tol\/consum\/media\/product\/img\/300x300\/7047520.jpg?t=20250222075722"
    },
    {
        "id": 9588,
        "name": "Horchata Granizada Pack de 4 Unidades MONZO",
        "price": 2.49,
        "price_kilo": 3.11,
        "slug": "horchata-granizada-pack-de-4-unidades",
        "description": "Horchata Granizada Pack de 4 Unidades 4 x 200 ml",
        "image": "https:\/\/cdn-consum.aktiosdigitalservices.com\/tol\/consum\/media\/product\/img\/300x300\/7053556.jpg?t=20250320075801"
    },
    {
        "id": 9589,
        "name": "Lim\u00f3n Granizado Pack de 4 Unidades MONZO",
        "price": 2.49,
        "price_kilo": 3.11,
        "slug": "limon-granizado-pack-de-4-unidades",
        "description": "Lim\u00f3n Granizado Pack de 4 Unidades 4 x 200 ml",
        "image": "https:\/\/cdn-consum.aktiosdigitalservices.com\/tol\/consum\/media\/product\/img\/300x300\/7053564.jpg?t=20250312125042"
    },
    {
        "id": 9590,
        "name": "Caf\u00e9 Granizado Pack de 4 Unidades MONZO",
        "price": 2.59,
        "price_kilo": 3.24,
        "slug": "cafe-granizado-pack-de-4-unidades",
        "description": "Caf\u00e9 Granizado Pack de 4 Unidades 4 x 200 ml",
        "image": "https:\/\/cdn-consum.aktiosdigitalservices.com\/tol\/consum\/media\/product\/img\/300x300\/7053569.jpg?t=20241217081010"
    },
    {
        "id": 9593,
        "name": "Cacao Soluble  0% Bote COLA CAO",
        "price": 4.39,
        "price_kilo": 13.51,
        "slug": "cacao-soluble-0-bote",
        "description": "Cacao Soluble  0% Bote 325 Gr",
        "image": "https:\/\/cdn-consum.aktiosdigitalservices.com\/tol\/consum\/media\/product\/img\/300x300\/7073158.jpg?t=20250311160730"
    },
    {
        "id": 9599,
        "name": "Vino Tinto Roble D.O.Ribera del Duero PROTOS",
        "price": 9.5,
        "price_kilo": 12.67,
        "slug": "vino-tinto-roble-doribera-del-duero",
        "description": "Vino Tinto Roble D.O.Ribera del Duero 0,75 L",
        "image": "https:\/\/cdn-consum.aktiosdigitalservices.com\/tol\/consum\/media\/product\/img\/300x300\/7102358.jpg?t=20250201075814"
    },
    {
        "id": 9601,
        "name": "Vino Blanco Semi Dulce D.O.Valencia JARDIN REAL",
        "price": 2,
        "price_kilo": 2.67,
        "slug": "vino-blanco-semi-dulce-dovalencia",
        "description": "Vino Blanco Semi Dulce D.O.Valencia 0,75 L",
        "image": "https:\/\/cdn-consum.aktiosdigitalservices.com\/tol\/consum\/media\/product\/img\/300x300\/7109465.jpg?t=20241217081020"
    },
    {
        "id": 9607,
        "name": "Margaritas con Vegetales Paquete CONSUM",
        "price": 1.02,
        "price_kilo": 2.04,
        "slug": "margaritas-con-vegetales-paquete",
        "description": "Margaritas con Vegetales Paquete 500 Gr",
        "image": "https:\/\/cdn-consum.aktiosdigitalservices.com\/tol\/consum\/media\/product\/img\/300x300\/7150894.jpg?t=20250228075948"
    },
    {
        "id": 9610,
        "name": "Insecticida Friegasuelos DESIC",
        "price": 4.59,
        "price_kilo": 6.12,
        "slug": "insecticida-friegasuelos",
        "description": "Insecticida Friegasuelos 750 ml",
        "image": "https:\/\/cdn-consum.aktiosdigitalservices.com\/tol\/consum\/media\/product\/img\/300x300\/7170298.jpg?t=20250318080032"
    },
    {
        "id": 9612,
        "name": "T\u00e9Slim Caja HORNIMANS",
        "price": 2.99,
        "price_kilo": 0.15,
        "slug": "teslim-caja",
        "description": "T\u00e9Slim Caja 20 U",
        "image": "https:\/\/cdn-consum.aktiosdigitalservices.com\/tol\/consum\/media\/product\/img\/300x300\/7176290.jpg?t=20250312160127"
    },
    {
        "id": 9621,
        "name": "Polo Sorbete Horchata Pack de 6 Und. CONSUM",
        "price": 1.85,
        "price_kilo": 4.82,
        "slug": "polo-sorbete-horchata-pack-de-6-und",
        "description": "Polo Sorbete Horchata Pack de 6 Und. 384 Gr",
        "image": "https:\/\/cdn-consum.aktiosdigitalservices.com\/tol\/consum\/media\/product\/img\/300x300\/7192755.jpg?t=20241217081037"
    },
    {
        "id": 9622,
        "name": "Caff\u00e8 Latte Descafeinado KAIKU",
        "price": 1.79,
        "price_kilo": 7.78,
        "slug": "caffe-latte-descafeinado",
        "description": "Caff\u00e8 Latte Descafeinado 230 ml",
        "image": "https:\/\/cdn-consum.aktiosdigitalservices.com\/tol\/consum\/media\/product\/img\/300x300\/7194330.jpg?t=20241217081037"
    },
    {
        "id": 9624,
        "name": "Galleta Digestive FONTANEDA",
        "price": 3.99,
        "price_kilo": 5.7,
        "slug": "galleta-digestive",
        "description": "Galleta Digestive 700 Gr",
        "image": "https:\/\/cdn-consum.aktiosdigitalservices.com\/tol\/consum\/media\/product\/img\/300x300\/7194509.jpg?t=20250311105048"
    },
    {
        "id": 9625,
        "name": "Tinto de Verano Lim\u00f3n 0,0 sin Alcohol Lata LA CASERA",
        "price": 0.92,
        "price_kilo": 2.79,
        "slug": "tinto-de-verano-limon-00-sin-alcohol-lata",
        "description": "Tinto de Verano Lim\u00f3n 0,0 sin Alcohol Lata 330 ml",
        "image": "https:\/\/cdn-consum.aktiosdigitalservices.com\/tol\/consum\/media\/product\/img\/300x300\/7195154.jpg?t=20250201075902"
    },
    {
        "id": 9627,
        "name": "Vino Blanco D.O.Rioja EL COTO",
        "price": 4.35,
        "price_kilo": 5.8,
        "slug": "vino-blanco-dorioja",
        "description": "Vino Blanco D.O.Rioja 0,75 L",
        "image": "https:\/\/cdn-consum.aktiosdigitalservices.com\/tol\/consum\/media\/product\/img\/300x300\/7199453.jpg?t=20250303075808"
    },
    {
        "id": 9628,
        "name": "Frizzante Rosso Dolce Sangue Di Giuda B.MARTI",
        "price": 4.75,
        "price_kilo": 6.33,
        "slug": "frizzante-rosso-dolce-sangue-di-giuda",
        "description": "Frizzante Rosso Dolce Sangue Di Giuda 0,75 L",
        "image": "https:\/\/cdn-consum.aktiosdigitalservices.com\/tol\/consum\/media\/product\/img\/300x300\/7209328.jpg?t=20241217081042"
    },
    {
        "id": 9629,
        "name": "Caff\u00e8 Latte Vainilla KAIKU",
        "price": 1.79,
        "price_kilo": 7.78,
        "slug": "caffe-latte-vainilla",
        "description": "Caff\u00e8 Latte Vainilla 230 ml",
        "image": "https:\/\/cdn-consum.aktiosdigitalservices.com\/tol\/consum\/media\/product\/img\/300x300\/7214851.jpg?t=20250218080341"
    },
    {
        "id": 9640,
        "name": "Lomo Adobado Extra LORIENTE",
        "price": 3.29,
        "price_kilo": 7.3,
        "slug": "lomo-adobado-extra",
        "description": "Lomo Adobado Extra",
        "image": "https:\/\/cdn-consum.aktiosdigitalservices.com\/tol\/consum\/media\/product\/img\/300x300\/7237100.jpg?t=20241217081054"
    },
    {
        "id": 9642,
        "name": "Ron A\u00f1ejo Dominicano CALIBRE 38",
        "price": 5.99,
        "price_kilo": 8.56,
        "slug": "ron-anejo-dominicano",
        "description": "Ron A\u00f1ejo Dominicano 0,7 L",
        "image": "https:\/\/cdn-consum.aktiosdigitalservices.com\/tol\/consum\/media\/product\/img\/300x300\/7237944.jpg?t=20250320075946"
    },
    {
        "id": 9645,
        "name": "Licor Vodka Blue SHARUSKA",
        "price": 6,
        "price_kilo": 8.57,
        "slug": "licor-vodka-blue",
        "description": "Licor Vodka Blue 0,7 L",
        "image": "https:\/\/cdn-consum.aktiosdigitalservices.com\/tol\/consum\/media\/product\/img\/300x300\/7239676.jpg?t=20250315075811"
    },
    {
        "id": 9657,
        "name": "Gazpacho Original ALVALLE",
        "price": 2.49,
        "price_kilo": 4.98,
        "slug": "gazpacho-original",
        "description": "Gazpacho Original 500 ml",
        "image": "https:\/\/cdn-consum.aktiosdigitalservices.com\/tol\/consum\/media\/product\/img\/300x300\/7242667.jpg?t=20250204080700"
    },
    {
        "id": 9661,
        "name": "Vino Rosado de Mesa Botella ROIXELA",
        "price": 1.75,
        "price_kilo": 1.75,
        "slug": "vino-rosado-de-mesa-botella",
        "description": "Vino Rosado de Mesa Botella 1 L",
        "image": "https:\/\/cdn-consum.aktiosdigitalservices.com\/tol\/consum\/media\/product\/img\/300x300\/7256084.jpg?t=20250227092222"
    },
    {
        "id": 9664,
        "name": "Vino Blanco de Mesa Brik PE\u00d1ASOL",
        "price": 1.59,
        "price_kilo": 1.59,
        "slug": "vino-blanco-de-mesa-brik",
        "description": "Vino Blanco de Mesa Brik 1 L",
        "image": "https:\/\/cdn-consum.aktiosdigitalservices.com\/tol\/consum\/media\/product\/img\/300x300\/7257376.jpg?t=20250206092727"
    },
    {
        "id": 9666,
        "name": "Queso Untar Natural Tarrina CONSUM",
        "price": 1.38,
        "price_kilo": 5.52,
        "slug": "queso-untar-natural-tarrina",
        "description": "Queso Untar Natural Tarrina 250 Gr",
        "image": "https:\/\/cdn-consum.aktiosdigitalservices.com\/tol\/consum\/media\/product\/img\/300x300\/7258390.jpg?t=20250304111216"
    },
    {
        "id": 9668,
        "name": "Salapipas Bolsa 4 Paquetes VELARTE",
        "price": 2.26,
        "price_kilo": 14.13,
        "slug": "salapipas-bolsa-4-paquetes",
        "description": "Salapipas Bolsa 4 Paquetes 4 x 40 Gr",
        "image": "https:\/\/cdn-consum.aktiosdigitalservices.com\/tol\/consum\/media\/product\/img\/300x300\/7264732.jpg?t=20250311105807"
    },
    {
        "id": 9672,
        "name": "Cerveza Botella Cristal Pack 12 AMSTEL",
        "price": 6.24,
        "price_kilo": 2.08,
        "slug": "cerveza-botella-cristal-pack-12",
        "description": "Cerveza Botella Cristal Pack 12 12 x 0,25 L",
        "image": "https:\/\/cdn-consum.aktiosdigitalservices.com\/tol\/consum\/media\/product\/img\/300x300\/7265924.jpg?t=20250312125457"
    },
    {
        "id": 9674,
        "name": "Tinto de Verano Lim\u00f3n 0,0%Az\u00facar 0,0%Alcohol DON SIMON",
        "price": 1.55,
        "price_kilo": 1.03,
        "slug": "tinto-de-verano-limon-00azucar-00alcohol",
        "description": "Tinto de Verano Lim\u00f3n 0,0%Az\u00facar 0,0%Alcohol 1,5 L",
        "image": "https:\/\/cdn-consum.aktiosdigitalservices.com\/tol\/consum\/media\/product\/img\/300x300\/7266299.jpg?t=20250228080203"
    },
    {
        "id": 9676,
        "name": "Sangr\u00eda Brik PE\u00d1ASOL",
        "price": 1.15,
        "price_kilo": 1.15,
        "slug": "sangria-brik",
        "description": "Sangr\u00eda Brik 1 L",
        "image": "https:\/\/cdn-consum.aktiosdigitalservices.com\/tol\/consum\/media\/product\/img\/300x300\/7266740.jpg?t=20241217081107"
    },
    {
        "id": 9688,
        "name": "Refresco Guaran\u00e1 ANTARCTICA",
        "price": 0.95,
        "price_kilo": 2.88,
        "slug": "refresco-guarana",
        "description": "Refresco Guaran\u00e1 0,33 L",
        "image": "https:\/\/cdn-consum.aktiosdigitalservices.com\/tol\/consum\/media\/product\/img\/300x300\/7268639.jpg?t=20250211080100"
    },
    {
        "id": 9706,
        "name": "Gel Coco NAT.HONEY",
        "price": 1.45,
        "price_kilo": 1.93,
        "slug": "gel-coco",
        "description": "Gel Coco 75 ml",
        "image": "https:\/\/cdn-consum.aktiosdigitalservices.com\/tol\/consum\/media\/product\/img\/300x300\/7269673.jpg?t=20250204080843"
    },
    {
        "id": 9707,
        "name": "Filete de Lubina ",
        "price": 5.29,
        "price_kilo": 22.95,
        "slug": "filete-de-lubina",
        "description": "Filete de Lubina 200 Gr",
        "image": "https:\/\/cdn-consum.aktiosdigitalservices.com\/tol\/consum\/media\/product\/img\/300x300\/7269939.jpg?t=20250318080230"
    },
    {
        "id": 9710,
        "name": "Deo Dove Crema DOVE",
        "price": 2.3,
        "price_kilo": 4.6,
        "slug": "deo-dove-crema",
        "description": "Deo Dove Crema 50 ml",
        "image": "https:\/\/cdn-consum.aktiosdigitalservices.com\/tol\/consum\/media\/product\/img\/300x300\/7270031.jpg?t=20241217081108"
    },
    {
        "id": 9730,
        "name": "Cacao Instant\u00e1neo Turbo COLA CAO",
        "price": 4.39,
        "price_kilo": 11.71,
        "slug": "cacao-instantaneo-turbo",
        "description": "Cacao Instant\u00e1neo Turbo 375 Gr",
        "image": "https:\/\/cdn-consum.aktiosdigitalservices.com\/tol\/consum\/media\/product\/img\/300x300\/3287273.jpg?t=20250311133038"
    },
    {
        "id": 9731,
        "name": "Maquinilla Xtreme 3 Desechable WILKINSON",
        "price": 6.99,
        "price_kilo": 1.75,
        "slug": "maquinilla-xtreme-3-desechable",
        "description": "Maquinilla Xtreme 3 Desechable 4 U",
        "image": "https:\/\/cdn-consum.aktiosdigitalservices.com\/tol\/consum\/media\/product\/img\/300x300\/3311149.jpg?t=20241217080957"
    },
    {
        "id": 9734,
        "name": "Rosquilletas Cereales Plus VELARTE",
        "price": 1.03,
        "price_kilo": 12.88,
        "slug": "rosquilletas-cereales-plus",
        "description": "Rosquilletas Cereales Plus 80 Gr",
        "image": "https:\/\/cdn-consum.aktiosdigitalservices.com\/tol\/consum\/media\/product\/img\/300x300\/7022643.jpg?t=20250311103826"
    },
    {
        "id": 9735,
        "name": "Queso Fresco sin Sal Pack de 4 Unidades CONSUM",
        "price": 1.66,
        "price_kilo": 6.64,
        "slug": "queso-fresco-sin-sal-pack-de-4-unidades",
        "description": "Queso Fresco sin Sal Pack de 4 Unidades 4 x 62,5 Gr",
        "image": "https:\/\/cdn-consum.aktiosdigitalservices.com\/tol\/consum\/media\/product\/img\/300x300\/7034411.jpg?t=20250103080306"
    },
    {
        "id": 9737,
        "name": "Palitos de Patatas Bolsa CONSUM",
        "price": 0.8,
        "price_kilo": 10.67,
        "slug": "palitos-de-patatas-bolsa",
        "description": "Palitos de Patatas Bolsa 75 Gr",
        "image": "https:\/\/cdn-consum.aktiosdigitalservices.com\/tol\/consum\/media\/product\/img\/300x300\/7056398.jpg?t=20250221075816"
    },
    {
        "id": 9742,
        "name": "Cortezas Morro-Torrezno Bolsa CONSUM",
        "price": 2.05,
        "price_kilo": 13.67,
        "slug": "cortezas-morro-torrezno-bolsa",
        "description": "Cortezas Morro-Torrezno Bolsa 150 Gr",
        "image": "https:\/\/cdn-consum.aktiosdigitalservices.com\/tol\/consum\/media\/product\/img\/300x300\/7062029.jpg?t=20250221075824"
    },
    {
        "id": 9745,
        "name": "Chococream Ba\u00f1ada Chocolate leche CONSUM",
        "price": 1.99,
        "price_kilo": 7.9,
        "slug": "chococream-banada-chocolate-leche",
        "description": "Chococream Ba\u00f1ada Chocolate leche 252 Gr",
        "image": "https:\/\/cdn-consum.aktiosdigitalservices.com\/tol\/consum\/media\/product\/img\/300x300\/7076821.jpg?t=20250311104207"
    },
    {
        "id": 9757,
        "name": "Postre Gelificado Sabor Multifrutas Pack 6 CONSUM",
        "price": 1,
        "price_kilo": 1.67,
        "slug": "postre-gelificado-sabor-multifrutas-pack-6",
        "description": "Postre Gelificado Sabor Multifrutas Pack 6 6 x 100 Gr",
        "image": "https:\/\/cdn-consum.aktiosdigitalservices.com\/tol\/consum\/media\/product\/img\/300x300\/7167067.jpg?t=20241217081029"
    },
    {
        "id": 9765,
        "name": "Galletas Principe Estrella con Chocolate Blanco LU",
        "price": 2.75,
        "price_kilo": 12.22,
        "slug": "galletas-principe-estrella-con-chocolate-blanco",
        "description": "Galletas Principe Estrella con Chocolate Blanco 225 Gr",
        "image": "https:\/\/cdn-consum.aktiosdigitalservices.com\/tol\/consum\/media\/product\/img\/300x300\/7185361.jpg?t=20250311104948"
    },
    {
        "id": 9766,
        "name": "Torta de Aceite INES ROSALES",
        "price": 2.2,
        "price_kilo": 12.22,
        "slug": "torta-de-aceite",
        "description": "Torta de Aceite 180 Gr",
        "image": "https:\/\/cdn-consum.aktiosdigitalservices.com\/tol\/consum\/media\/product\/img\/300x300\/7193188.jpg?t=20250311105035"
    },
    {
        "id": 9769,
        "name": "Bizcocho Cake&choc Relleno de Chocolate 5 U MILKA",
        "price": 2.99,
        "price_kilo": 17.09,
        "slug": "bizcocho-cakechoc-relleno-de-chocolate-5-u",
        "description": "Bizcocho Cake&choc Relleno de Chocolate 5 U 175 Gr",
        "image": "https:\/\/cdn-consum.aktiosdigitalservices.com\/tol\/consum\/media\/product\/img\/300x300\/7200137.jpg?t=20250313080247"
    },
    {
        "id": 9774,
        "name": "Galleta Chocobiscuit MILKA",
        "price": 3.25,
        "price_kilo": 21.67,
        "slug": "galleta-chocobiscuit",
        "description": "Galleta Chocobiscuit 150 Gr",
        "image": "https:\/\/cdn-consum.aktiosdigitalservices.com\/tol\/consum\/media\/product\/img\/300x300\/7210958.jpg?t=20250311105206"
    },
    {
        "id": 9776,
        "name": "Lasa\u00f1a Vegetal congelada MAHESO",
        "price": 2.95,
        "price_kilo": 9.83,
        "slug": "lasana-vegetal-congelada",
        "description": "Lasa\u00f1a Vegetal congelada 300 Gr",
        "image": "https:\/\/cdn-consum.aktiosdigitalservices.com\/tol\/consum\/media\/product\/img\/300x300\/7213106.jpg?t=20250321075844"
    },
    {
        "id": 9780,
        "name": "Pat\u00e9 Suave Natural Pack de 2 LA PIARA",
        "price": 1.5,
        "price_kilo": 10,
        "slug": "pate-suave-natural-pack-de-2",
        "description": "Pat\u00e9 Suave Natural Pack de 2 2 x 75 Gr",
        "image": "https:\/\/cdn-consum.aktiosdigitalservices.com\/tol\/consum\/media\/product\/img\/300x300\/7218399.jpg?t=20241217081046"
    },
    {
        "id": 9783,
        "name": "Galletas Pr\u00edncipe Maxi Choc LU",
        "price": 2.55,
        "price_kilo": 10.2,
        "slug": "galletas-principe-maxi-choc",
        "description": "Galletas Pr\u00edncipe Maxi Choc 250 Gr",
        "image": "https:\/\/cdn-consum.aktiosdigitalservices.com\/tol\/consum\/media\/product\/img\/300x300\/7220945.jpg?t=20250311105312"
    },
    {
        "id": 9787,
        "name": "Crema de Calabac\u00edn Brik CONSUM",
        "price": 1.19,
        "price_kilo": 2.38,
        "slug": "crema-de-calabacin-brik",
        "description": "Crema de Calabac\u00edn Brik 0,5 L",
        "image": "https:\/\/cdn-consum.aktiosdigitalservices.com\/tol\/consum\/media\/product\/img\/300x300\/7226780.jpg?t=20241217081049"
    },
    {
        "id": 9788,
        "name": "Pasta Fresca Huerta Calabaza y Cebolla RANA",
        "price": 3.95,
        "price_kilo": 15.8,
        "slug": "pasta-fresca-huerta-calabaza-y-cebolla",
        "description": "Pasta Fresca Huerta Calabaza y Cebolla 250 Gr",
        "image": "https:\/\/cdn-consum.aktiosdigitalservices.com\/tol\/consum\/media\/product\/img\/300x300\/7230071.jpg?t=20250227091813"
    },
    {
        "id": 9790,
        "name": "Galleta Caramelizada 12 Packs 2 uds Biscoff LOTUS",
        "price": 1.55,
        "price_kilo": 8.33,
        "slug": "galleta-caramelizada-12-packs-2-uds-biscoff",
        "description": "Galleta Caramelizada 12 Packs 2 uds Biscoff 186 Gr",
        "image": "https:\/\/cdn-consum.aktiosdigitalservices.com\/tol\/consum\/media\/product\/img\/300x300\/7233039.jpg?t=20250312160313"
    },
    {
        "id": 9792,
        "name": "Centeno 16% ",
        "price": 0.94,
        "price_kilo": 8.17,
        "slug": "centeno-16",
        "description": "Centeno 16% 115 Gr",
        "image": "https:\/\/cdn-consum.aktiosdigitalservices.com\/tol\/consum\/media\/product\/img\/300x300\/7238673.jpg?t=20250228080112"
    },
    {
        "id": 9794,
        "name": "Galletas Dinosaurus Huevos Caja 4 Packs ARTIACH",
        "price": 2.49,
        "price_kilo": 17.79,
        "slug": "galletas-dinosaurus-huevos-caja-4-packs",
        "description": "Galletas Dinosaurus Huevos Caja 4 Packs 140 Gr",
        "image": "https:\/\/cdn-consum.aktiosdigitalservices.com\/tol\/consum\/media\/product\/img\/300x300\/7239262.jpg?t=20250312160329"
    },
    {
        "id": 9806,
        "name": "Maquinilla de Afeitar 3H Desechable NEXTGEN",
        "price": 1.95,
        "price_kilo": 0.49,
        "slug": "maquinilla-de-afeitar-3h-desechable",
        "description": "Maquinilla de Afeitar 3H Desechable 4 U",
        "image": "https:\/\/cdn-consum.aktiosdigitalservices.com\/tol\/consum\/media\/product\/img\/300x300\/7249340.jpg?t=20250311124555"
    },
    {
        "id": 9807,
        "name": "Galletas Desayuno con Leche y 5 Cereales CONSUM",
        "price": 1.75,
        "price_kilo": 4.38,
        "slug": "galletas-desayuno-con-leche-y-5-cereales",
        "description": "Galletas Desayuno con Leche y 5 Cereales 400 Gr",
        "image": "https:\/\/cdn-consum.aktiosdigitalservices.com\/tol\/consum\/media\/product\/img\/300x300\/7250822.jpg?t=20250311133736"
    },
    {
        "id": 9814,
        "name": "Natillas con Galleta Pack de 8 Unidades REINA",
        "price": 3.49,
        "price_kilo": 3.49,
        "slug": "natillas-con-galleta-pack-de-8-unidades",
        "description": "Natillas con Galleta Pack de 8 Unidades 8 x 125 Gr",
        "image": "https:\/\/cdn-consum.aktiosdigitalservices.com\/tol\/consum\/media\/product\/img\/300x300\/7254639.jpg?t=20250218080520"
    },
    {
        "id": 9816,
        "name": "Pan de Molde Centeno DULCESOL",
        "price": 2.64,
        "price_kilo": 3.3,
        "slug": "pan-de-molde-centeno",
        "description": "Pan de Molde Centeno 800 Gr",
        "image": "https:\/\/cdn-consum.aktiosdigitalservices.com\/tol\/consum\/media\/product\/img\/300x300\/7254907.jpg?t=20250313080353"
    },
    {
        "id": 9819,
        "name": "Tropical Ice Pack de 5 Unidades CONSUM",
        "price": 2.65,
        "price_kilo": 6.63,
        "slug": "tropical-ice-pack-de-5-unidades",
        "description": "Tropical Ice Pack de 5 Unidades 400 Gr",
        "image": "https:\/\/cdn-consum.aktiosdigitalservices.com\/tol\/consum\/media\/product\/img\/300x300\/7256662.jpg?t=20241217081103"
    },
    {
        "id": 9825,
        "name": "Crunchy de Pollo con Salsa Barbacoa congelat FRIPOZO",
        "price": 2.55,
        "price_kilo": 8.5,
        "slug": "crunchy-de-pollo-con-salsa-barbacoa-congelat",
        "description": "Crunchy de Pollo con Salsa Barbacoa congelat 300 Gr",
        "image": "https:\/\/cdn-consum.aktiosdigitalservices.com\/tol\/consum\/media\/product\/img\/300x300\/7260276.jpg?t=20241217081104"
    },
    {
        "id": 9827,
        "name": "Salsa Allioli Pet CHOVI",
        "price": 1.89,
        "price_kilo": 7.56,
        "slug": "salsa-allioli-pet",
        "description": "Salsa Allioli Pet 250 ml",
        "image": "https:\/\/cdn-consum.aktiosdigitalservices.com\/tol\/consum\/media\/product\/img\/300x300\/7262413.jpg?t=20250312125443"
    },
    {
        "id": 9836,
        "name": "Queso Cheddar Reserva Mature LEISTON",
        "price": 3.29,
        "price_kilo": 16.45,
        "slug": "queso-cheddar-reserva-mature",
        "description": "Queso Cheddar Reserva Mature 200 Gr",
        "image": "https:\/\/cdn-consum.aktiosdigitalservices.com\/tol\/consum\/media\/product\/img\/300x300\/7265742.jpg?t=20250205080236"
    },
    {
        "id": 9843,
        "name": "Pan Hogaza M. Madre Multicereales RUSTIK BAKER",
        "price": 2.83,
        "price_kilo": 7.08,
        "slug": "pan-hogaza-m-madre-multicereales",
        "description": "Pan Hogaza M. Madre Multicereales 400 Gr",
        "image": "https:\/\/cdn-consum.aktiosdigitalservices.com\/tol\/consum\/media\/product\/img\/300x300\/7267321.jpg?t=20250311105844"
    },
    {
        "id": 9844,
        "name": "Bebida de Avena Ecol\u00f3gica Brik YOSOY",
        "price": 1.99,
        "price_kilo": 1.99,
        "slug": "bebida-de-avena-ecologica-brik",
        "description": "Bebida de Avena Ecol\u00f3gica Brik 1 L",
        "image": "https:\/\/cdn-consum.aktiosdigitalservices.com\/tol\/consum\/media\/product\/img\/300x300\/7267821.jpg?t=20250311105849"
    },
    {
        "id": 9849,
        "name": "Pizza Barbacoa TARRADELLAS",
        "price": 3.19,
        "price_kilo": 7.25,
        "slug": "pizza-barbacoa",
        "description": "Pizza Barbacoa 440 Gr",
        "image": "https:\/\/cdn-consum.aktiosdigitalservices.com\/tol\/consum\/media\/product\/img\/300x300\/2633246.jpg?t=20241217080957"
    },
    {
        "id": 9855,
        "name": "Patata Lavada Malla Nueva ",
        "price": 5.4,
        "price_kilo": 1.8,
        "slug": "patata-lavada-malla-nueva",
        "description": "Patata Lavada Malla Nueva 3 Kg",
        "image": "https:\/\/cdn-consum.aktiosdigitalservices.com\/tol\/consum\/media\/product\/img\/300x300\/303677.jpg?t=20250204075823"
    },
    {
        "id": 9856,
        "name": "Curry Tarro DUCROS",
        "price": 2.59,
        "price_kilo": 6.17,
        "slug": "curry-tarro",
        "description": "Curry Tarro 42 Gr",
        "image": "https:\/\/cdn-consum.aktiosdigitalservices.com\/tol\/consum\/media\/product\/img\/300x300\/308890.jpg?t=20250206085801"
    },
    {
        "id": 9858,
        "name": "Levadura de Cerveza Bolsa NATURTIERRA",
        "price": 3.79,
        "price_kilo": 25.27,
        "slug": "levadura-de-cerveza-bolsa",
        "description": "Levadura de Cerveza Bolsa 150 Gr",
        "image": "https:\/\/cdn-consum.aktiosdigitalservices.com\/tol\/consum\/media\/product\/img\/300x300\/339085.jpg?t=20250311132750"
    },
    {
        "id": 9860,
        "name": "Refresco Lima Lim\u00f3n Botella SEVEN UP",
        "price": 1.59,
        "price_kilo": 0.8,
        "slug": "refresco-lima-limon-botella",
        "description": "Refresco Lima Lim\u00f3n Botella 2 L",
        "image": "https:\/\/cdn-consum.aktiosdigitalservices.com\/tol\/consum\/media\/product\/img\/300x300\/837963.jpg?t=20250204075935"
    },
    {
        "id": 9861,
        "name": "Pat\u00e9 de H\u00edgado de Cerdo Tapa Negra LA PIARA",
        "price": 1.99,
        "price_kilo": 26.53,
        "slug": "pate-de-higado-de-cerdo-tapa-negra",
        "description": "Pat\u00e9 de H\u00edgado de Cerdo Tapa Negra 75 Gr",
        "image": "https:\/\/cdn-consum.aktiosdigitalservices.com\/tol\/consum\/media\/product\/img\/300x300\/941625.jpg?t=20250206090244"
    },
    {
        "id": 9869,
        "name": "Pasta Fresca Huerta Boletus Edulis RANA",
        "price": 3.95,
        "price_kilo": 15.8,
        "slug": "pasta-fresca-huerta-boletus-edulis",
        "description": "Pasta Fresca Huerta Boletus Edulis 250 Gr",
        "image": "https:\/\/cdn-consum.aktiosdigitalservices.com\/tol\/consum\/media\/product\/img\/300x300\/5743570.jpg?t=20250218075951"
    },
    {
        "id": 9874,
        "name": "Refresco Lim\u00f3n Zero Botella FANTA",
        "price": 1.85,
        "price_kilo": 0.93,
        "slug": "refresco-limon-zero-botella",
        "description": "Refresco Lim\u00f3n Zero Botella 2 L",
        "image": "https:\/\/cdn-consum.aktiosdigitalservices.com\/tol\/consum\/media\/product\/img\/300x300\/7019748.jpg?t=20250227090342"
    },
    {
        "id": 9877,
        "name": "Magro de Cerdo Lata CONSUM",
        "price": 2.59,
        "price_kilo": 11.77,
        "slug": "magro-de-cerdo-lata",
        "description": "Magro de Cerdo Lata 220 Gr",
        "image": "https:\/\/cdn-consum.aktiosdigitalservices.com\/tol\/consum\/media\/product\/img\/300x300\/7044949.jpg?t=20250204080153"
    },
    {
        "id": 9878,
        "name": "Danet de Vainilla Natillas Pack de 8 Und. DANONE",
        "price": 3.79,
        "price_kilo": 3.95,
        "slug": "danet-de-vainilla-natillas-pack-de-8-und",
        "description": "Danet de Vainilla Natillas Pack de 8 Und. 8 x 120 Gr",
        "image": "https:\/\/cdn-consum.aktiosdigitalservices.com\/tol\/consum\/media\/product\/img\/300x300\/7046535.jpg?t=20250227090434"
    },
    {
        "id": 9882,
        "name": "Bonito en Aceite de Oliva Tarro CONSUM",
        "price": 5.25,
        "price_kilo": 32.81,
        "slug": "bonito-en-aceite-de-oliva-tarro",
        "description": "Bonito en Aceite de Oliva Tarro 160 Gr",
        "image": "https:\/\/cdn-consum.aktiosdigitalservices.com\/tol\/consum\/media\/product\/img\/300x300\/7073484.jpg?t=20241217081014"
    },
    {
        "id": 9884,
        "name": "Calippo de Fresa Pack de 5 Unidades FRIGO",
        "price": 5.19,
        "price_kilo": 9.89,
        "slug": "calippo-de-fresa-pack-de-5-unidades",
        "description": "Calippo de Fresa Pack de 5 Unidades 525 Gr",
        "image": "https:\/\/cdn-consum.aktiosdigitalservices.com\/tol\/consum\/media\/product\/img\/300x300\/7081995.jpg?t=20250318080933"
    },
    {
        "id": 9886,
        "name": "Cocktail Cuatro Variantes en Vinagre Frasco CONSUM",
        "price": 1.45,
        "price_kilo": 6.44,
        "slug": "cocktail-cuatro-variantes-en-vinagre-frasco",
        "description": "Cocktail Cuatro Variantes en Vinagre Frasco 225 Gr",
        "image": "https:\/\/cdn-consum.aktiosdigitalservices.com\/tol\/consum\/media\/product\/img\/300x300\/7083348.jpg?t=20250211080556"
    },
    {
        "id": 9888,
        "name": "Mini Croissants CONSUM",
        "price": 1.35,
        "price_kilo": 5,
        "slug": "mini-croissants",
        "description": "Mini Croissants 270 Gr",
        "image": "https:\/\/cdn-consum.aktiosdigitalservices.com\/tol\/consum\/media\/product\/img\/300x300\/7089738.jpg?t=20250312092745"
    },
    {
        "id": 9893,
        "name": "Ensalada Campestre Bolsa CONSUM",
        "price": 1.35,
        "price_kilo": 7.71,
        "slug": "ensalada-campestre-bolsa",
        "description": "Ensalada Campestre Bolsa 175 Gr",
        "image": "https:\/\/cdn-consum.aktiosdigitalservices.com\/tol\/consum\/media\/product\/img\/300x300\/7116601.jpg?t=20250121080055"
    },
    {
        "id": 9897,
        "name": "Tartaleta Chocolate con Leche CONSUM",
        "price": 1.75,
        "price_kilo": 7.42,
        "slug": "tartaleta-chocolate-con-leche",
        "description": "Tartaleta Chocolate con Leche 235,80 Gr",
        "image": "https:\/\/cdn-consum.aktiosdigitalservices.com\/tol\/consum\/media\/product\/img\/300x300\/7154537.jpg?t=20250311133417"
    },
    {
        "id": 9905,
        "name": "Bomb\u00f3n Caramelo Pack de 4 Unidades CONSUM",
        "price": 2.59,
        "price_kilo": 10.28,
        "slug": "bombon-caramelo-pack-de-4-unidades",
        "description": "Bomb\u00f3n Caramelo Pack de 4 Unidades 252 Gr",
        "image": "https:\/\/cdn-consum.aktiosdigitalservices.com\/tol\/consum\/media\/product\/img\/300x300\/7167476.jpg?t=20241217081029"
    },
    {
        "id": 9906,
        "name": "Refresco de Lima-Lim\u00f3n Botella CONSUM",
        "price": 0.95,
        "price_kilo": 0.48,
        "slug": "refresco-de-lima-limon-botella",
        "description": "Refresco de Lima-Lim\u00f3n Botella 2 L",
        "image": "https:\/\/cdn-consum.aktiosdigitalservices.com\/tol\/consum\/media\/product\/img\/300x300\/7169001.jpg?t=20250207075918"
    },
    {
        "id": 9910,
        "name": "Antipolilla colgador lavanda EFI-PROTECT",
        "price": 1.25,
        "price_kilo": 0.63,
        "slug": "antipolilla-colgador-lavanda",
        "description": "Antipolilla colgador lavanda 2 U",
        "image": "https:\/\/cdn-consum.aktiosdigitalservices.com\/tol\/consum\/media\/product\/img\/300x300\/7171564.jpg?t=20241217081030"
    },
    {
        "id": 9914,
        "name": "Caldo Casero Verduras Brik G.BLANCA",
        "price": 2.2,
        "price_kilo": 2.2,
        "slug": "caldo-casero-verduras-brik",
        "description": "Caldo Casero Verduras Brik 1 L",
        "image": "https:\/\/cdn-consum.aktiosdigitalservices.com\/tol\/consum\/media\/product\/img\/300x300\/7189970.jpg?t=20250206091837"
    },
    {
        "id": 9916,
        "name": "Copa de Chocolate Nata Pack de 2 Unidades DANONE",
        "price": 1.99,
        "price_kilo": 9.05,
        "slug": "copa-de-chocolate-nata-pack-de-2-unidades",
        "description": "Copa de Chocolate Nata Pack de 2 Unidades 2 x 110 Gr",
        "image": "https:\/\/cdn-consum.aktiosdigitalservices.com\/tol\/consum\/media\/product\/img\/300x300\/7195340.jpg?t=20250218080301"
    },
    {
        "id": 9917,
        "name": "Vino Fino D.O.Montilla Moriles SO\u00d1ADOR",
        "price": 3.1,
        "price_kilo": 4.13,
        "slug": "vino-fino-domontilla-moriles",
        "description": "Vino Fino D.O.Montilla Moriles 0,75 L",
        "image": "https:\/\/cdn-consum.aktiosdigitalservices.com\/tol\/consum\/media\/product\/img\/300x300\/7196483.jpg?t=20250211075946"
    },
    {
        "id": 9919,
        "name": "Caf\u00e9 Refrigerado Caramel Starbucks Macchiato STARBUCKS",
        "price": 1.99,
        "price_kilo": 9.05,
        "slug": "cafe-refrigerado-caramel-starbucks-macchiato",
        "description": "Caf\u00e9 Refrigerado Caramel Starbucks Macchiato 220 ml",
        "image": "https:\/\/cdn-consum.aktiosdigitalservices.com\/tol\/consum\/media\/product\/img\/300x300\/7198583.jpg?t=20250227091345"
    },
    {
        "id": 9928,
        "name": "Refresco Cola Cero sin Cafe\u00edna Botella CONSUM",
        "price": 0.75,
        "price_kilo": 0.38,
        "slug": "refresco-cola-cero-sin-cafeina-botella",
        "description": "Refresco Cola Cero sin Cafe\u00edna Botella 2 L",
        "image": "https:\/\/cdn-consum.aktiosdigitalservices.com\/tol\/consum\/media\/product\/img\/300x300\/7213317.jpg?t=20241217081044"
    },
    {
        "id": 9936,
        "name": "Galleta Sandwich Choco Pause MILKA",
        "price": 3.25,
        "price_kilo": 12.5,
        "slug": "galleta-sandwich-choco-pause",
        "description": "Galleta Sandwich Choco Pause 260 Gr",
        "image": "https:\/\/cdn-consum.aktiosdigitalservices.com\/tol\/consum\/media\/product\/img\/300x300\/7223316.jpg?t=20250311105330"
    },
    {
        "id": 9939,
        "name": "Salsa Miel y Mostaza HEINZ",
        "price": 3.75,
        "price_kilo": 9.38,
        "slug": "salsa-miel-y-mostaza",
        "description": "Salsa Miel y Mostaza 400 ml",
        "image": "https:\/\/cdn-consum.aktiosdigitalservices.com\/tol\/consum\/media\/product\/img\/300x300\/7225522.jpg?t=20250109100207"
    },
    {
        "id": 9941,
        "name": "Agua Mineral con Gas Botella Pet PERRIER",
        "price": 1.49,
        "price_kilo": 1.49,
        "slug": "agua-mineral-con-gas-botella-pet",
        "description": "Agua Mineral con Gas Botella Pet 1 L",
        "image": "https:\/\/cdn-consum.aktiosdigitalservices.com\/tol\/consum\/media\/product\/img\/300x300\/7226843.jpg?t=20250204080601"
    },
    {
        "id": 9947,
        "name": "Mini Empanadilla de At\u00fan con Olivas 6 Und. ",
        "price": 2.55,
        "price_kilo": 11.33,
        "slug": "mini-empanadilla-de-atun-con-olivas-6-und",
        "description": "Mini Empanadilla de At\u00fan con Olivas 6 Und. 225 Gr",
        "image": "https:\/\/cdn-consum.aktiosdigitalservices.com\/tol\/consum\/media\/product\/img\/300x300\/7235877.jpg?t=20250320075938"
    },
    {
        "id": 9950,
        "name": "Batido Sustitutivo Sabor Chocolate BICENTURY",
        "price": 7.75,
        "price_kilo": 34.44,
        "slug": "batido-sustitutivo-sabor-chocolate",
        "description": "Batido Sustitutivo Sabor Chocolate 225 Gr",
        "image": "https:\/\/cdn-consum.aktiosdigitalservices.com\/tol\/consum\/media\/product\/img\/300x300\/7237290.jpg?t=20250311133704"
    },
    {
        "id": 9951,
        "name": "Cornetto Mini Classico Pack de 6+2 Unidades FRIGO",
        "price": 4.89,
        "price_kilo": 16.98,
        "slug": "cornetto-mini-classico-pack-de-62-unidades",
        "description": "Cornetto Mini Classico Pack de 6+2 Unidades 288 Gr",
        "image": "https:\/\/cdn-consum.aktiosdigitalservices.com\/tol\/consum\/media\/product\/img\/300x300\/7237589.jpg?t=20250304110841"
    },
    {
        "id": 9958,
        "name": "Arroz con Leche Pack de 4 Unidades REINA",
        "price": 2.29,
        "price_kilo": 4.4,
        "slug": "arroz-con-leche-pack-de-4-unidades",
        "description": "Arroz con Leche Pack de 4 Unidades 4 x 130 Gr",
        "image": "https:\/\/cdn-consum.aktiosdigitalservices.com\/tol\/consum\/media\/product\/img\/300x300\/7242209.jpg?t=20250227092018"
    },
    {
        "id": 9961,
        "name": "Ensalada Gourmet Primeros Brotes FLORETTE",
        "price": 1.75,
        "price_kilo": 17.5,
        "slug": "ensalada-gourmet-primeros-brotes",
        "description": "Ensalada Gourmet Primeros Brotes 100 Gr",
        "image": "https:\/\/cdn-consum.aktiosdigitalservices.com\/tol\/consum\/media\/product\/img\/300x300\/7242683.jpg?t=20250318080158"
    },
    {
        "id": 9963,
        "name": "Cocktail Aceituna Verde Negra-Cebollita-Pepinillo JOLCA",
        "price": 1.99,
        "price_kilo": 10.76,
        "slug": "cocktail-aceituna-verde-negra-cebollita-pepinillo",
        "description": "Cocktail Aceituna Verde Negra-Cebollita-Pepinillo 185 Gr",
        "image": "https:\/\/cdn-consum.aktiosdigitalservices.com\/tol\/consum\/media\/product\/img\/300x300\/7243731.jpg?t=20250311164559"
    },
    {
        "id": 9967,
        "name": "Zumo Tropical Brik CONSUM",
        "price": 1.59,
        "price_kilo": 1.59,
        "slug": "zumo-tropical-brik",
        "description": "Zumo Tropical Brik 1 L",
        "image": "https:\/\/cdn-consum.aktiosdigitalservices.com\/tol\/consum\/media\/product\/img\/300x300\/7245926.jpg?t=20250121080320"
    },
    {
        "id": 9985,
        "name": "Bomb\u00f3n Magnum Double Chocolate 85 Ml. x 3 Und FRIGO",
        "price": 4.99,
        "price_kilo": 24.11,
        "slug": "bombon-magnum-double-chocolate-85-ml-x-3-und",
        "description": "Bomb\u00f3n Magnum Double Chocolate 85 Ml. x 3 Und 69Gr",
        "image": "https:\/\/cdn-consum.aktiosdigitalservices.com\/tol\/consum\/media\/product\/img\/300x300\/7260326.jpg?t=20250218080523"
    },
    {
        "id": 9988,
        "name": "Gel Exfoliante Pure Active Carb\u00f3n 3 en 1 GARNIER",
        "price": 5.99,
        "price_kilo": 3.99,
        "slug": "gel-exfoliante-pure-active-carbon-3-en-1",
        "description": "Gel Exfoliante Pure Active Carb\u00f3n 3 en 1 150 ml",
        "image": "https:\/\/cdn-consum.aktiosdigitalservices.com\/tol\/consum\/media\/product\/img\/300x300\/7261659.jpg?t=20250206092805"
    },
    {
        "id": 9991,
        "name": "Galleta Animals Tostada CONSUM KIDS",
        "price": 1.5,
        "price_kilo": 2.5,
        "slug": "galleta-animals-tostada",
        "description": "Galleta Animals Tostada 600 Gr",
        "image": "https:\/\/cdn-consum.aktiosdigitalservices.com\/tol\/consum\/media\/product\/img\/300x300\/7262897.jpg?t=20250311133759"
    },
    {
        "id": 10018,
        "name": "Pizza At\u00fan y Bac\u00f3n TARRADELLAS",
        "price": 3.19,
        "price_kilo": 7.88,
        "slug": "pizza-atun-y-bacon",
        "description": "Pizza At\u00fan y Bac\u00f3n 405 Gr",
        "image": "https:\/\/cdn-consum.aktiosdigitalservices.com\/tol\/consum\/media\/product\/img\/300x300\/505677.jpg?t=20241217080950"
    },
    {
        "id": 10024,
        "name": "Insecticida Permanente Spray ORO",
        "price": 5.89,
        "price_kilo": 7.85,
        "slug": "insecticida-permanente-spray",
        "description": "Insecticida Permanente Spray 750 ml",
        "image": "https:\/\/cdn-consum.aktiosdigitalservices.com\/tol\/consum\/media\/product\/img\/300x300\/7021546.jpg?t=20250313075951"
    },
    {
        "id": 10025,
        "name": "Mayonesa Bocabajo YBARRA",
        "price": 2.25,
        "price_kilo": 4.5,
        "slug": "mayonesa-bocabajo",
        "description": "Mayonesa Bocabajo 500 ml",
        "image": "https:\/\/cdn-consum.aktiosdigitalservices.com\/tol\/consum\/media\/product\/img\/300x300\/7027980.jpg?t=20250222075717"
    },
    {
        "id": 10026,
        "name": "C\u00f3ctel Frutos Secos C\u00e1scara Bolsa CONSUM",
        "price": 1.75,
        "price_kilo": 7,
        "slug": "coctel-frutos-secos-cascara-bolsa",
        "description": "C\u00f3ctel Frutos Secos C\u00e1scara Bolsa 250 Gr",
        "image": "https:\/\/cdn-consum.aktiosdigitalservices.com\/tol\/consum\/media\/product\/img\/300x300\/7034296.jpg?t=20250312092742"
    },
    {
        "id": 10027,
        "name": "Aceitunas Sabor Anchoa con Hueso en Lata JOLCA",
        "price": 2.19,
        "price_kilo": 11.84,
        "slug": "aceitunas-sabor-anchoa-con-hueso-en-lata",
        "description": "Aceitunas Sabor Anchoa con Hueso en Lata 185 Gr",
        "image": "https:\/\/cdn-consum.aktiosdigitalservices.com\/tol\/consum\/media\/product\/img\/300x300\/7037547.jpg?t=20250318075909"
    },
    {
        "id": 10028,
        "name": "Mejillones en Escabeche 4\/6 Piezas NAVAL",
        "price": 3.79,
        "price_kilo": 52.64,
        "slug": "mejillones-en-escabeche-4-6-piezas",
        "description": "Mejillones en Escabeche 4\/6 Piezas 72 Gr",
        "image": "https:\/\/cdn-consum.aktiosdigitalservices.com\/tol\/consum\/media\/product\/img\/300x300\/7042018.jpg?t=20250311164535"
    },
    {
        "id": 10029,
        "name": "Postre Sabor Galleta Pack de 2 Unidades LA LECHERA",
        "price": 1.65,
        "price_kilo": 6.6,
        "slug": "postre-sabor-galleta-pack-de-2-unidades",
        "description": "Postre Sabor Galleta Pack de 2 Unidades 2 x 125 Gr",
        "image": "https:\/\/cdn-consum.aktiosdigitalservices.com\/tol\/consum\/media\/product\/img\/300x300\/7043276.jpg?t=20250227090422"
    },
    {
        "id": 10033,
        "name": "Antipolillas-Anti\u00e1caros Lavanda Fresca ORION",
        "price": 2.85,
        "price_kilo": 0.14,
        "slug": "antipolillas-antiacaros-lavanda-fresca",
        "description": "Antipolillas-Anti\u00e1caros Lavanda Fresca 20 U",
        "image": "https:\/\/cdn-consum.aktiosdigitalservices.com\/tol\/consum\/media\/product\/img\/300x300\/7045243.jpg?t=20241217081008"
    },
    {
        "id": 10034,
        "name": "Kiwi Green Selecci\u00f3n Bandeja ZESPRI",
        "price": 3.59,
        "price_kilo": 7.18,
        "slug": "kiwi-green-seleccion-bandeja",
        "description": "Kiwi Green Selecci\u00f3n Bandeja 500 Gr",
        "image": "https:\/\/cdn-consum.aktiosdigitalservices.com\/tol\/consum\/media\/product\/img\/300x300\/7052145.jpg?t=20250318080932"
    },
    {
        "id": 10037,
        "name": "Horchata Granizada MONZO",
        "price": 2.79,
        "price_kilo": 2.79,
        "slug": "horchata-granizada",
        "description": "Horchata Granizada 1 L",
        "image": "https:\/\/cdn-consum.aktiosdigitalservices.com\/tol\/consum\/media\/product\/img\/300x300\/7063030.jpg?t=20250318080933"
    },
    {
        "id": 10043,
        "name": "Spaguettis al Huevo CONSUM",
        "price": 1.25,
        "price_kilo": 5,
        "slug": "spaguettis-al-huevo",
        "description": "Spaguettis al Huevo 250 Gr",
        "image": "https:\/\/cdn-consum.aktiosdigitalservices.com\/tol\/consum\/media\/product\/img\/300x300\/7096402.jpg?t=20250103080535"
    },
    {
        "id": 10044,
        "name": "Mayonesa Bocabajo HELLMANN'S",
        "price": 3.49,
        "price_kilo": 8.12,
        "slug": "mayonesa-bocabajo",
        "description": "Mayonesa Bocabajo 430 ml",
        "image": "https:\/\/cdn-consum.aktiosdigitalservices.com\/tol\/consum\/media\/product\/img\/300x300\/7102234.jpg?t=20250313080049"
    },
    {
        "id": 10047,
        "name": "Queso Cabra Medall\u00f3n GRANJA RINYA",
        "price": 1.28,
        "price_kilo": 17.07,
        "slug": "queso-cabra-medallon",
        "description": "Queso Cabra Medall\u00f3n 75 Gr",
        "image": "https:\/\/cdn-consum.aktiosdigitalservices.com\/tol\/consum\/media\/product\/img\/300x300\/7140168.jpg?t=20250206091332"
    },
    {
        "id": 10048,
        "name": "Aceituna Manzanilla Frasco JOLCA",
        "price": 4.89,
        "price_kilo": 11.64,
        "slug": "aceituna-manzanilla-frasco",
        "description": "Aceituna Manzanilla Frasco 420 Gr",
        "image": "https:\/\/cdn-consum.aktiosdigitalservices.com\/tol\/consum\/media\/product\/img\/300x300\/7147965.jpg?t=20250318080012"
    },
    {
        "id": 10049,
        "name": "Maxibon Cookies Pack de 4 Unidades NESTLE",
        "price": 5.99,
        "price_kilo": 16.64,
        "slug": "maxibon-cookies-pack-de-4-unidades",
        "description": "Maxibon Cookies Pack de 4 Unidades 360 Gr",
        "image": "https:\/\/cdn-consum.aktiosdigitalservices.com\/tol\/consum\/media\/product\/img\/300x300\/7148398.jpg?t=20250320075841"
    },
    {
        "id": 10052,
        "name": "C\u00f3ctel Frutos Secos Especial Premiun CONSUM",
        "price": 2.25,
        "price_kilo": 22.5,
        "slug": "coctel-frutos-secos-especial-premiun",
        "description": "C\u00f3ctel Frutos Secos Especial Premiun 100 Gr",
        "image": "https:\/\/cdn-consum.aktiosdigitalservices.com\/tol\/consum\/media\/product\/img\/300x300\/7157907.jpg?t=20241217081027"
    },
    {
        "id": 10060,
        "name": "Ap\u00f3sitos Alta Protecci\u00f3n PHARMADOCT",
        "price": 1.55,
        "price_kilo": 0.39,
        "slug": "apositos-alta-proteccion",
        "description": "Ap\u00f3sitos Alta Protecci\u00f3n 4 U",
        "image": "https:\/\/cdn-consum.aktiosdigitalservices.com\/tol\/consum\/media\/product\/img\/300x300\/7174936.jpg?t=20241217081030"
    },
    {
        "id": 10074,
        "name": "Rebozado Crujiente Sin Gluten ESGIR",
        "price": 1.5,
        "price_kilo": 7.5,
        "slug": "rebozado-crujiente-sin-gluten",
        "description": "Rebozado Crujiente Sin Gluten 200 Gr",
        "image": "https:\/\/cdn-consum.aktiosdigitalservices.com\/tol\/consum\/media\/product\/img\/300x300\/7203313.jpg?t=20250311124410"
    },
    {
        "id": 10080,
        "name": "Pat\u00e9 H\u00edgado de Cerdo Suave Pack de 3 APIS",
        "price": 2.35,
        "price_kilo": 9.79,
        "slug": "pate-higado-de-cerdo-suave-pack-de-3",
        "description": "Pat\u00e9 H\u00edgado de Cerdo Suave Pack de 3 240 Gr",
        "image": "https:\/\/cdn-consum.aktiosdigitalservices.com\/tol\/consum\/media\/product\/img\/300x300\/7220635.jpg?t=20250318080120"
    },
    {
        "id": 10093,
        "name": "Queso Havarti Light Lonchas ARLA",
        "price": 3.45,
        "price_kilo": 19.71,
        "slug": "queso-havarti-light-lonchas",
        "description": "Queso Havarti Light Lonchas 175 Gr",
        "image": "https:\/\/cdn-consum.aktiosdigitalservices.com\/tol\/consum\/media\/product\/img\/300x300\/7240179.jpg?t=20250227091950"
    },
    {
        "id": 10097,
        "name": "Plum Cake M\u00e1rmol DULCESOL",
        "price": 2.15,
        "price_kilo": 5.38,
        "slug": "plum-cake-marmol",
        "description": "Plum Cake M\u00e1rmol 400 Gr",
        "image": "https:\/\/cdn-consum.aktiosdigitalservices.com\/tol\/consum\/media\/product\/img\/300x300\/7241933.jpg?t=20250312160340"
    },
    {
        "id": 10100,
        "name": "Pan Rallado Crujiente Paquete FRUMEN",
        "price": 1.47,
        "price_kilo": 3.87,
        "slug": "pan-rallado-crujiente-paquete",
        "description": "Pan Rallado Crujiente Paquete 380 Gr",
        "image": "https:\/\/cdn-consum.aktiosdigitalservices.com\/tol\/consum\/media\/product\/img\/300x300\/7243715.jpg?t=20250228080122"
    },
    {
        "id": 10101,
        "name": "Aceituna con Guindilla Picante KIMBO",
        "price": 3.4,
        "price_kilo": 22.67,
        "slug": "aceituna-con-guindilla-picante",
        "description": "Aceituna con Guindilla Picante 150 Gr",
        "image": "https:\/\/cdn-consum.aktiosdigitalservices.com\/tol\/consum\/media\/product\/img\/300x300\/7243827.jpg?t=20250206092517"
    },
    {
        "id": 10106,
        "name": "Mini Brocheta Curry CONSUM",
        "price": 2.99,
        "price_kilo": 12.46,
        "slug": "mini-brocheta-curry",
        "description": "Mini Brocheta Curry 240 Gr",
        "image": "https:\/\/cdn-consum.aktiosdigitalservices.com\/tol\/consum\/media\/product\/img\/300x300\/7246668.jpg?t=20241217081057"
    },
    {
        "id": 10116,
        "name": "Az\u00facar Moreno Bolsa NATURTIERRA",
        "price": 2.89,
        "price_kilo": 5.78,
        "slug": "azucar-moreno-bolsa",
        "description": "Az\u00facar Moreno Bolsa 500 Gr",
        "image": "https:\/\/cdn-consum.aktiosdigitalservices.com\/tol\/consum\/media\/product\/img\/300x300\/7256886.jpg?t=20250312092755"
    },
    {
        "id": 10119,
        "name": "Suero Fisiol\u00f3gico Monodosis SENTI-2",
        "price": 3.3,
        "price_kilo": 0.11,
        "slug": "suero-fisiologico-monodosis",
        "description": "Suero Fisiol\u00f3gico Monodosis 30 U",
        "image": "https:\/\/cdn-consum.aktiosdigitalservices.com\/tol\/consum\/media\/product\/img\/300x300\/7257959.jpg?t=20250213080032"
    },
    {
        "id": 10121,
        "name": "Crema Depilatoria VEET",
        "price": 5,
        "price_kilo": 2.5,
        "slug": "crema-depilatoria",
        "description": "Crema Depilatoria 200 ml",
        "image": "https:\/\/cdn-consum.aktiosdigitalservices.com\/tol\/consum\/media\/product\/img\/300x300\/7260743.jpg?t=20250206092800"
    },
    {
        "id": 10122,
        "name": "Yogur Griego con Capa Mora - Frambuesa CONSUM",
        "price": 1.79,
        "price_kilo": 3.58,
        "slug": "yogur-griego-con-capa-mora---frambuesa",
        "description": "Yogur Griego con Capa Mora - Frambuesa 4 x 125 Gr",
        "image": "https:\/\/cdn-consum.aktiosdigitalservices.com\/tol\/consum\/media\/product\/img\/300x300\/7260834.jpg?t=20250304111237"
    },
    {
        "id": 10125,
        "name": "Tamp\u00f3n Pearl Super Plus TAMPAX",
        "price": 4.59,
        "price_kilo": 0.19,
        "slug": "tampon-pearl-super-plus",
        "description": "Tamp\u00f3n Pearl Super Plus 24 U",
        "image": "https:\/\/cdn-consum.aktiosdigitalservices.com\/tol\/consum\/media\/product\/img\/300x300\/7263114.jpg?t=20241217081106"
    },
    {
        "id": 10138,
        "name": "Jam\u00f3n Curado Reducido en Sal NAVIDUL",
        "price": 1,
        "price_kilo": 2.22,
        "slug": "jamon-curado-reducido-en-sal",
        "description": "Jam\u00f3n Curado Reducido en Sal 45 Gr",
        "image": "https:\/\/cdn-consum.aktiosdigitalservices.com\/tol\/consum\/media\/product\/img\/300x300\/7268340.jpg?t=20241217081108"
    },
    {
        "id": 10139,
        "name": "Quinoa Roja y Blanca Vasitos BRILLANTE",
        "price": 1.56,
        "price_kilo": 6.24,
        "slug": "quinoa-roja-y-blanca-vasitos",
        "description": "Quinoa Roja y Blanca Vasitos 2 x 125 Gr",
        "image": "https:\/\/cdn-consum.aktiosdigitalservices.com\/tol\/consum\/media\/product\/img\/300x300\/7270044.jpg?t=20241217081108"
    },
    {
        "id": 10142,
        "name": "Pi\u00f1ones Pelados Tarro SABATER",
        "price": 5.19,
        "price_kilo": 11.53,
        "slug": "pinones-pelados-tarro",
        "description": "Pi\u00f1ones Pelados Tarro 45 Gr",
        "image": "https:\/\/cdn-consum.aktiosdigitalservices.com\/tol\/consum\/media\/product\/img\/300x300\/46755.jpg?t=20250103075759"
    },
    {
        "id": 10145,
        "name": "Salsa Cocktail Tarro Cristal YBARRA",
        "price": 1.75,
        "price_kilo": 7.78,
        "slug": "salsa-cocktail-tarro-cristal",
        "description": "Salsa Cocktail Tarro Cristal 225 ml",
        "image": "https:\/\/cdn-consum.aktiosdigitalservices.com\/tol\/consum\/media\/product\/img\/300x300\/210658.jpg?t=20250222075608"
    },
    {
        "id": 10146,
        "name": "Bitter sin Alcohol Pack de 6 Vidrio KAS",
        "price": 5.49,
        "price_kilo": 4.58,
        "slug": "bitter-sin-alcohol-pack-de-6-vidrio",
        "description": "Bitter sin Alcohol Pack de 6 Vidrio 6 x 0,2 L",
        "image": "https:\/\/cdn-consum.aktiosdigitalservices.com\/tol\/consum\/media\/product\/img\/300x300\/303032.jpg?t=20250111075630"
    },
    {
        "id": 10152,
        "name": "Tarrina Chocolate Belga 460 Ml. HAAGEN DAZS",
        "price": 7.29,
        "price_kilo": 18.23,
        "slug": "tarrina-chocolate-belga-460-ml",
        "description": "Tarrina Chocolate Belga 460 Ml. 400 Gr",
        "image": "https:\/\/cdn-consum.aktiosdigitalservices.com\/tol\/consum\/media\/product\/img\/300x300\/605055.jpg?t=20250218075836"
    },
    {
        "id": 10156,
        "name": "Filetes de Bacalao congelado PESCANOVA",
        "price": 7.19,
        "price_kilo": 17.98,
        "slug": "filetes-de-bacalao-congelado",
        "description": "Filetes de Bacalao congelado 400 Gr",
        "image": "https:\/\/cdn-consum.aktiosdigitalservices.com\/tol\/consum\/media\/product\/img\/300x300\/5524368.jpg?t=20250311124025"
    },
    {
        "id": 10157,
        "name": "Aceitunas Rellenas Jalape\u00f1os   Lata JOLCA",
        "price": 2.05,
        "price_kilo": 15.77,
        "slug": "aceitunas-rellenas-jalapenos-lata",
        "description": "Aceitunas Rellenas Jalape\u00f1os   Lata 130 Gr",
        "image": "https:\/\/cdn-consum.aktiosdigitalservices.com\/tol\/consum\/media\/product\/img\/300x300\/7009710.jpg?t=20241217081000"
    },
    {
        "id": 10158,
        "name": "Maxibon de Nata Pack de 4 Unidades NESTLE",
        "price": 5.99,
        "price_kilo": 15.6,
        "slug": "maxibon-de-nata-pack-de-4-unidades",
        "description": "Maxibon de Nata Pack de 4 Unidades 384 Gr",
        "image": "https:\/\/cdn-consum.aktiosdigitalservices.com\/tol\/consum\/media\/product\/img\/300x300\/7022390.jpg?t=20250320075755"
    },
    {
        "id": 10159,
        "name": "Tarrina Stracciatella 900 Ml. CONSUM",
        "price": 3.29,
        "price_kilo": 6.85,
        "slug": "tarrina-stracciatella-900-ml",
        "description": "Tarrina Stracciatella 900 Ml. 480 Gr",
        "image": "https:\/\/cdn-consum.aktiosdigitalservices.com\/tol\/consum\/media\/product\/img\/300x300\/7025182.jpg?t=20250218080007"
    },
    {
        "id": 10160,
        "name": "Crema de Queso Semicurado Tarrina PRESIDENT",
        "price": 1.95,
        "price_kilo": 15.6,
        "slug": "crema-de-queso-semicurado-tarrina",
        "description": "Crema de Queso Semicurado Tarrina 125 Gr",
        "image": "https:\/\/cdn-consum.aktiosdigitalservices.com\/tol\/consum\/media\/product\/img\/300x300\/7028343.jpg?t=20250227090406"
    },
    {
        "id": 10169,
        "name": "Pechuga de Pavo sin Grasa Reducido Sal BIENSTAR",
        "price": 3.45,
        "price_kilo": 10.15,
        "slug": "pechuga-de-pavo-sin-grasa-reducido-sal",
        "description": "Pechuga de Pavo sin Grasa Reducido Sal 340 Gr",
        "image": "https:\/\/cdn-consum.aktiosdigitalservices.com\/tol\/consum\/media\/product\/img\/300x300\/7072960.jpg?t=20250313080027"
    },
    {
        "id": 10170,
        "name": "Chorizo Extra Picante 4x60 CONSUM",
        "price": 2.58,
        "price_kilo": 10.75,
        "slug": "chorizo-extra-picante-4x60",
        "description": "Chorizo Extra Picante 4x60 (240gr)",
        "image": "https:\/\/cdn-consum.aktiosdigitalservices.com\/tol\/consum\/media\/product\/img\/300x300\/7076115.jpg?t=20241217081014"
    },
    {
        "id": 10172,
        "name": "Barritas con Vitaminas para Canarios VITAKRAFT",
        "price": 1.38,
        "price_kilo": 0.69,
        "slug": "barritas-con-vitaminas-para-canarios",
        "description": "Barritas con Vitaminas para Canarios 2 U",
        "image": "https:\/\/cdn-consum.aktiosdigitalservices.com\/tol\/consum\/media\/product\/img\/300x300\/7104289.jpg?t=20241217081020"
    },
    {
        "id": 10175,
        "name": "Minibiscotte Integral CONSUM",
        "price": 0.76,
        "price_kilo": 6.33,
        "slug": "minibiscotte-integral",
        "description": "Minibiscotte Integral 120 Gr",
        "image": "https:\/\/cdn-consum.aktiosdigitalservices.com\/tol\/consum\/media\/product\/img\/300x300\/7117596.jpg?t=20250311104547"
    },
    {
        "id": 10181,
        "name": "Calippo Lima Lim\u00f3n Pack de 5 Unidades FRIGO",
        "price": 5.19,
        "price_kilo": 9.89,
        "slug": "calippo-lima-limon-pack-de-5-unidades",
        "description": "Calippo Lima Lim\u00f3n Pack de 5 Unidades 525 Gr",
        "image": "https:\/\/cdn-consum.aktiosdigitalservices.com\/tol\/consum\/media\/product\/img\/300x300\/7148448.jpg?t=20250318080934"
    },
    {
        "id": 10182,
        "name": "Naranja ",
        "price": 0.57,
        "price_kilo": 1.89,
        "slug": "naranja",
        "description": "Naranja",
        "image": "https:\/\/cdn-consum.aktiosdigitalservices.com\/tol\/consum\/media\/product\/img\/300x300\/7149755.jpg?t=20250322075854"
    },
    {
        "id": 10183,
        "name": "Jugoso al Horno a la Barbacoa MAGGI",
        "price": 1.19,
        "price_kilo": 3.97,
        "slug": "jugoso-al-horno-a-la-barbacoa",
        "description": "Jugoso al Horno a la Barbacoa 30 Gr",
        "image": "https:\/\/cdn-consum.aktiosdigitalservices.com\/tol\/consum\/media\/product\/img\/300x300\/7150675.jpg?t=20250313080130"
    },
    {
        "id": 10195,
        "name": "Salsa Soja con Menos Sal KIKKOMAN",
        "price": 4.99,
        "price_kilo": 19.96,
        "slug": "salsa-soja-con-menos-sal",
        "description": "Salsa Soja con Menos Sal 250 ml",
        "image": "https:\/\/cdn-consum.aktiosdigitalservices.com\/tol\/consum\/media\/product\/img\/300x300\/7194553.jpg?t=20250109095602"
    },
    {
        "id": 10199,
        "name": "Bomb\u00f3n Magnum Almendrado 3+1 Unidad FRIGO",
        "price": 4.49,
        "price_kilo": 14.97,
        "slug": "bombon-magnum-almendrado-31-unidad",
        "description": "Bomb\u00f3n Magnum Almendrado 3+1 Unidad 300 Gr",
        "image": "https:\/\/cdn-consum.aktiosdigitalservices.com\/tol\/consum\/media\/product\/img\/300x300\/7195258.jpg?t=20250312125320"
    },
    {
        "id": 10200,
        "name": "Tapones de Cera PHARMADOCT",
        "price": 1.65,
        "price_kilo": 0.21,
        "slug": "tapones-de-cera",
        "description": "Tapones de Cera 8 U",
        "image": "https:\/\/cdn-consum.aktiosdigitalservices.com\/tol\/consum\/media\/product\/img\/300x300\/7196400.jpg?t=20241217081038"
    },
    {
        "id": 10204,
        "name": "Arroz Bomba Paquete LA FALLERA",
        "price": 3.11,
        "price_kilo": 6.22,
        "slug": "arroz-bomba-paquete",
        "description": "Arroz Bomba Paquete 500 Gr",
        "image": "https:\/\/cdn-consum.aktiosdigitalservices.com\/tol\/consum\/media\/product\/img\/300x300\/7200186.jpg?t=20250103080951"
    },
    {
        "id": 10219,
        "name": "Aceite de Oliva Virgen Extra Gran Selecci\u00f3n CARBONELL",
        "price": 6.55,
        "price_kilo": 8.73,
        "slug": "aceite-de-oliva-virgen-extra-gran-seleccion",
        "description": "Aceite de Oliva Virgen Extra Gran Selecci\u00f3n 0,75 L",
        "image": "https:\/\/cdn-consum.aktiosdigitalservices.com\/tol\/consum\/media\/product\/img\/300x300\/7227663.jpg?t=20250304110710"
    },
    {
        "id": 10226,
        "name": "Molinillo Sal Rosa del Himalaya TOQUE",
        "price": 2.25,
        "price_kilo": 21.43,
        "slug": "molinillo-sal-rosa-del-himalaya",
        "description": "Molinillo Sal Rosa del Himalaya 105 Gr",
        "image": "https:\/\/cdn-consum.aktiosdigitalservices.com\/tol\/consum\/media\/product\/img\/300x300\/7232598.jpg?t=20250311133653"
    },
    {
        "id": 10236,
        "name": "Pizza congelada Ristorante Carbonara RISTORANTE",
        "price": 3.89,
        "price_kilo": 11.44,
        "slug": "pizza-congelada-ristorante-carbonara",
        "description": "Pizza congelada Ristorante Carbonara 340 Gr",
        "image": "https:\/\/cdn-consum.aktiosdigitalservices.com\/tol\/consum\/media\/product\/img\/300x300\/7241594.jpg?t=20250227092007"
    },
    {
        "id": 10238,
        "name": "Granizado de Cebada Pack de 2 Unidades MONZO",
        "price": 1.65,
        "price_kilo": 4.13,
        "slug": "granizado-de-cebada-pack-de-2-unidades",
        "description": "Granizado de Cebada Pack de 2 Unidades 400 Gr",
        "image": "https:\/\/cdn-consum.aktiosdigitalservices.com\/tol\/consum\/media\/product\/img\/300x300\/7242530.jpg?t=20241217081056"
    },
    {
        "id": 10250,
        "name": "Corn Flakes Classic sin Az\u00facar y sin Gluten ESGIR",
        "price": 1.99,
        "price_kilo": 6.63,
        "slug": "corn-flakes-classic-sin-azucar-y-sin-gluten",
        "description": "Corn Flakes Classic sin Az\u00facar y sin Gluten 300 Gr",
        "image": "https:\/\/cdn-consum.aktiosdigitalservices.com\/tol\/consum\/media\/product\/img\/300x300\/7256873.jpg?t=20250311105714"
    },
    {
        "id": 10253,
        "name": "Activia 0% Cremoso Vainilla de Madagascar DANONE",
        "price": 2.39,
        "price_kilo": 5.2,
        "slug": "activia-0-cremoso-vainilla-de-madagascar",
        "description": "Activia 0% Cremoso Vainilla de Madagascar 4 x 115 Gr",
        "image": "https:\/\/cdn-consum.aktiosdigitalservices.com\/tol\/consum\/media\/product\/img\/300x300\/7259666.jpg?t=20250304111224"
    },
    {
        "id": 10259,
        "name": "Mozzarella Buffala DOP SPIGA",
        "price": 2.15,
        "price_kilo": 17.2,
        "slug": "mozzarella-buffala-dop",
        "description": "Mozzarella Buffala DOP 125 Gr",
        "image": "https:\/\/cdn-consum.aktiosdigitalservices.com\/tol\/consum\/media\/product\/img\/300x300\/7262673.jpg?t=20250103081341"
    },
    {
        "id": 10260,
        "name": "Nata Cocina Pack de 3 Minibrik CONSUM",
        "price": 1.75,
        "price_kilo": 2.92,
        "slug": "nata-cocina-pack-de-3-minibrik",
        "description": "Nata Cocina Pack de 3 Minibrik 3 x 200 ml",
        "image": "https:\/\/cdn-consum.aktiosdigitalservices.com\/tol\/consum\/media\/product\/img\/300x300\/7264096.jpg?t=20250311105755"
    },
    {
        "id": 10268,
        "name": "Cepillo Dental Suave Accion Completa SENSODYNE",
        "price": 2.69,
        "price_kilo": 2.69,
        "slug": "cepillo-dental-suave-accion-completa",
        "description": "Cepillo Dental Suave Accion Completa 1 U",
        "image": "https:\/\/cdn-consum.aktiosdigitalservices.com\/tol\/consum\/media\/product\/img\/300x300\/7267516.jpg?t=20250312092756"
    },
    {
        "id": 10272,
        "name": "Acondicionador Bif\u00e1sico NELLY",
        "price": 2.25,
        "price_kilo": 2.25,
        "slug": "acondicionador-bifasico",
        "description": "Acondicionador Bif\u00e1sico 100 ml",
        "image": "https:\/\/cdn-consum.aktiosdigitalservices.com\/tol\/consum\/media\/product\/img\/300x300\/7270051.jpg?t=20241217081108"
    },
    {
        "id": 10281,
        "name": "Cerveza Shandy Pack de 6 Botellas CRUZCAMPO",
        "price": 3.39,
        "price_kilo": 2.26,
        "slug": "cerveza-shandy-pack-de-6-botellas",
        "description": "Cerveza Shandy Pack de 6 Botellas 6 x 0,25 L",
        "image": "https:\/\/cdn-consum.aktiosdigitalservices.com\/tol\/consum\/media\/product\/img\/300x300\/45278.jpg?t=20250227085558"
    },
    {
        "id": 10282,
        "name": "Chili con Carne Lata OLD EL PASO",
        "price": 4.79,
        "price_kilo": 11.46,
        "slug": "chili-con-carne-lata",
        "description": "Chili con Carne Lata 418 Gr",
        "image": "https:\/\/cdn-consum.aktiosdigitalservices.com\/tol\/consum\/media\/product\/img\/300x300\/122903.jpg?t=20241217080942"
    },
    {
        "id": 10283,
        "name": "Licor de Hierbas RUAVIEJA",
        "price": 10.55,
        "price_kilo": 15.07,
        "slug": "licor-de-hierbas",
        "description": "Licor de Hierbas 0,7 L",
        "image": "https:\/\/cdn-consum.aktiosdigitalservices.com\/tol\/consum\/media\/product\/img\/300x300\/138909.jpg?t=20250205075653"
    },
    {
        "id": 10288,
        "name": "Tinte N\u00ba1 Negro LLONGUERAS",
        "price": 7.49,
        "price_kilo": 7.49,
        "slug": "tinte-n1-negro",
        "description": "Tinte N\u00ba1 Negro 1 U",
        "image": "https:\/\/cdn-consum.aktiosdigitalservices.com\/tol\/consum\/media\/product\/img\/300x300\/251751.jpg?t=20250311164530"
    },
    {
        "id": 10289,
        "name": "Tallarines Carbonara Sobre G.BLANCA",
        "price": 2.49,
        "price_kilo": 17.41,
        "slug": "tallarines-carbonara-sobre",
        "description": "Tallarines Carbonara Sobre 143 Gr",
        "image": "https:\/\/cdn-consum.aktiosdigitalservices.com\/tol\/consum\/media\/product\/img\/300x300\/301580.jpg?t=20241217080944"
    },
    {
        "id": 10290,
        "name": "Whisky Scotch BALLANTINES",
        "price": 13.95,
        "price_kilo": 19.93,
        "slug": "whisky-scotch",
        "description": "Whisky Scotch 0,7 L",
        "image": "https:\/\/cdn-consum.aktiosdigitalservices.com\/tol\/consum\/media\/product\/img\/300x300\/315713.jpg?t=20250205075729"
    },
    {
        "id": 10291,
        "name": "Cerveza Danesa Pack de 6 Botellas CARLSBERG",
        "price": 5.25,
        "price_kilo": 3.5,
        "slug": "cerveza-danesa-pack-de-6-botellas",
        "description": "Cerveza Danesa Pack de 6 Botellas 6 x 0,25 L",
        "image": "https:\/\/cdn-consum.aktiosdigitalservices.com\/tol\/consum\/media\/product\/img\/300x300\/323808.jpg?t=20250227085853"
    },
    {
        "id": 10294,
        "name": "Tinte N\u00ba1 Negro EXCELLENCE",
        "price": 8.9,
        "price_kilo": 8.9,
        "slug": "tinte-n1-negro",
        "description": "Tinte N\u00ba1 Negro 1 U",
        "image": "https:\/\/cdn-consum.aktiosdigitalservices.com\/tol\/consum\/media\/product\/img\/300x300\/441113.jpg?t=20241217080949"
    },
    {
        "id": 10296,
        "name": "Tinte N\u00ba6.46 Rubio Cobrizo EXCELLENCE",
        "price": 8.9,
        "price_kilo": 8.9,
        "slug": "tinte-n646-rubio-cobrizo",
        "description": "Tinte N\u00ba6.46 Rubio Cobrizo 1 U",
        "image": "https:\/\/cdn-consum.aktiosdigitalservices.com\/tol\/consum\/media\/product\/img\/300x300\/441451.jpg?t=20241217080949"
    },
    {
        "id": 10301,
        "name": "Tinte Mechas M1 Ultra NORDIC",
        "price": 8.2,
        "price_kilo": 8.2,
        "slug": "tinte-mechas-m1-ultra",
        "description": "Tinte Mechas M1 Ultra 1 U",
        "image": "https:\/\/cdn-consum.aktiosdigitalservices.com\/tol\/consum\/media\/product\/img\/300x300\/638908.jpg?t=20250227090037"
    },
    {
        "id": 10302,
        "name": "Fajita Kit OLD EL PASO",
        "price": 5.66,
        "price_kilo": 11.32,
        "slug": "fajita-kit",
        "description": "Fajita Kit 500 Gr",
        "image": "https:\/\/cdn-consum.aktiosdigitalservices.com\/tol\/consum\/media\/product\/img\/300x300\/650754.jpg?t=20250311132911"
    },
    {
        "id": 10313,
        "name": "Gel Depilatorio Hombre Piel Normal VEET",
        "price": 5.3,
        "price_kilo": 2.65,
        "slug": "gel-depilatorio-hombre-piel-normal",
        "description": "Gel Depilatorio Hombre Piel Normal 200 ml",
        "image": "https:\/\/cdn-consum.aktiosdigitalservices.com\/tol\/consum\/media\/product\/img\/300x300\/7025625.jpg?t=20250303075733"
    },
    {
        "id": 10316,
        "name": "At\u00fan Claro en Escabeche Pack de 3 CONSUM",
        "price": 2.49,
        "price_kilo": 15.96,
        "slug": "atun-claro-en-escabeche-pack-de-3",
        "description": "At\u00fan Claro en Escabeche Pack de 3 3 x 52 Gr",
        "image": "https:\/\/cdn-consum.aktiosdigitalservices.com\/tol\/consum\/media\/product\/img\/300x300\/7046089.jpg?t=20241217081009"
    },
    {
        "id": 10319,
        "name": "Cardo congelado FINDUS",
        "price": 4.33,
        "price_kilo": 10.83,
        "slug": "cardo-congelado",
        "description": "Cardo congelado 400 Gr",
        "image": "https:\/\/cdn-consum.aktiosdigitalservices.com\/tol\/consum\/media\/product\/img\/300x300\/7052517.jpg?t=20250103080336"
    },
    {
        "id": 10322,
        "name": "Sazonador Guacamole OLD EL PASO",
        "price": 1.39,
        "price_kilo": 6.95,
        "slug": "sazonador-guacamole",
        "description": "Sazonador Guacamole 20 Gr",
        "image": "https:\/\/cdn-consum.aktiosdigitalservices.com\/tol\/consum\/media\/product\/img\/300x300\/7072747.jpg?t=20241217081013"
    },
    {
        "id": 10327,
        "name": "Insecticida El\u00e9ctrico Aparato L\u00edq. m\u00e1s 2rec. BLOOM",
        "price": 9.35,
        "price_kilo": 9.35,
        "slug": "insecticida-electrico-aparato-liq-mas-2rec",
        "description": "Insecticida El\u00e9ctrico Aparato L\u00edq. m\u00e1s 2rec. 1 U",
        "image": "https:\/\/cdn-consum.aktiosdigitalservices.com\/tol\/consum\/media\/product\/img\/300x300\/7102218.jpg?t=20250311164542"
    },
    {
        "id": 10329,
        "name": "Harina de Ma\u00edz Paquete DO\u00d1AREPA",
        "price": 2.65,
        "price_kilo": 2.65,
        "slug": "harina-de-maiz-paquete",
        "description": "Harina de Ma\u00edz Paquete 1 Kg",
        "image": "https:\/\/cdn-consum.aktiosdigitalservices.com\/tol\/consum\/media\/product\/img\/300x300\/7113830.jpg?t=20250103080633"
    },
    {
        "id": 10331,
        "name": "Perejil Troceado congelado FINDUS",
        "price": 2.45,
        "price_kilo": 49,
        "slug": "perejil-troceado-congelado",
        "description": "Perejil Troceado congelado 50 Gr",
        "image": "https:\/\/cdn-consum.aktiosdigitalservices.com\/tol\/consum\/media\/product\/img\/300x300\/7119204.jpg?t=20241217081022"
    },
    {
        "id": 10332,
        "name": "Ma\u00edz Superdulce congelado FINDUS",
        "price": 2.99,
        "price_kilo": 9.97,
        "slug": "maiz-superdulce-congelado",
        "description": "Ma\u00edz Superdulce congelado 300 Gr",
        "image": "https:\/\/cdn-consum.aktiosdigitalservices.com\/tol\/consum\/media\/product\/img\/300x300\/7119233.jpg?t=20250312125144"
    },
    {
        "id": 10333,
        "name": "Coles de Bruselas congeladas FINDUS",
        "price": 3.11,
        "price_kilo": 7.78,
        "slug": "coles-de-bruselas-congeladas",
        "description": "Coles de Bruselas congeladas 400 Gr",
        "image": "https:\/\/cdn-consum.aktiosdigitalservices.com\/tol\/consum\/media\/product\/img\/300x300\/7119238.jpg?t=20250312125145"
    },
    {
        "id": 10334,
        "name": "Pasta Fresca Huerta Ricotta y Espinacas RANA",
        "price": 3.95,
        "price_kilo": 15.8,
        "slug": "pasta-fresca-huerta-ricotta-y-espinacas",
        "description": "Pasta Fresca Huerta Ricotta y Espinacas 250 Gr",
        "image": "https:\/\/cdn-consum.aktiosdigitalservices.com\/tol\/consum\/media\/product\/img\/300x300\/7119514.jpg?t=20250227090817"
    },
    {
        "id": 10336,
        "name": "Calamar en su Tinta Lata Pack de 3 CALVO",
        "price": 3.45,
        "price_kilo": 23.96,
        "slug": "calamar-en-su-tinta-lata-pack-de-3",
        "description": "Calamar en su Tinta Lata Pack de 3 3 x 48 Gr",
        "image": "https:\/\/cdn-consum.aktiosdigitalservices.com\/tol\/consum\/media\/product\/img\/300x300\/7120033.jpg?t=20250227090823"
    },
    {
        "id": 10343,
        "name": "Aceite de Oliva Intenso Summun LA MASIA",
        "price": 5.59,
        "price_kilo": 5.59,
        "slug": "aceite-de-oliva-intenso-summun",
        "description": "Aceite de Oliva Intenso Summun 1 L",
        "image": "https:\/\/cdn-consum.aktiosdigitalservices.com\/tol\/consum\/media\/product\/img\/300x300\/7147978.jpg?t=20250313080121"
    },
    {
        "id": 10353,
        "name": "Lima Zafiro KYREY",
        "price": 1.59,
        "price_kilo": 1.59,
        "slug": "lima-zafiro",
        "description": "Lima Zafiro 1 U",
        "image": "https:\/\/cdn-consum.aktiosdigitalservices.com\/tol\/consum\/media\/product\/img\/300x300\/7156701.jpg?t=20241217081026"
    },
    {
        "id": 10362,
        "name": "Sopa Maravilla Sobre CONSUM",
        "price": 0.49,
        "price_kilo": 7.42,
        "slug": "sopa-maravilla-sobre",
        "description": "Sopa Maravilla Sobre 66 Gr",
        "image": "https:\/\/cdn-consum.aktiosdigitalservices.com\/tol\/consum\/media\/product\/img\/300x300\/7178721.jpg?t=20241217081031"
    },
    {
        "id": 10366,
        "name": "Tinte Creme Gloss 210 Noir Ble CASTING",
        "price": 6.6,
        "price_kilo": 6.6,
        "slug": "tinte-creme-gloss-210-noir-ble",
        "description": "Tinte Creme Gloss 210 Noir Ble 1 U",
        "image": "https:\/\/cdn-consum.aktiosdigitalservices.com\/tol\/consum\/media\/product\/img\/300x300\/7183247.jpg?t=20250311164551"
    },
    {
        "id": 10368,
        "name": "Tinte Creme Gloss 316 Prune CASTING",
        "price": 6.6,
        "price_kilo": 6.6,
        "slug": "tinte-creme-gloss-316-prune",
        "description": "Tinte Creme Gloss 316 Prune 1 U",
        "image": "https:\/\/cdn-consum.aktiosdigitalservices.com\/tol\/consum\/media\/product\/img\/300x300\/7183283.jpg?t=20250311164551"
    },
    {
        "id": 10380,
        "name": "Salfumant JOSMI",
        "price": 4.5,
        "price_kilo": 0.9,
        "slug": "salfumant",
        "description": "Salfumant 5 L",
        "image": "https:\/\/cdn-consum.aktiosdigitalservices.com\/tol\/consum\/media\/product\/img\/300x300\/7194124.jpg?t=20250312092750"
    },
    {
        "id": 10398,
        "name": "Protector Callos Oval Latex PHARMADOCT",
        "price": 1.65,
        "price_kilo": 0.18,
        "slug": "protector-callos-oval-latex",
        "description": "Protector Callos Oval Latex 9 U",
        "image": "https:\/\/cdn-consum.aktiosdigitalservices.com\/tol\/consum\/media\/product\/img\/300x300\/7207707.jpg?t=20241217081041"
    },
    {
        "id": 10403,
        "name": "Sardinas Bajas en Sal en Aceite de Oliva CABO PE\u00d1AS",
        "price": 1.99,
        "price_kilo": 23.69,
        "slug": "sardinas-bajas-en-sal-en-aceite-de-oliva",
        "description": "Sardinas Bajas en Sal en Aceite de Oliva 84 Gr",
        "image": "https:\/\/cdn-consum.aktiosdigitalservices.com\/tol\/consum\/media\/product\/img\/300x300\/7212426.jpg?t=20250227091507"
    },
    {
        "id": 10405,
        "name": "Canelones congelados de Carne con Bechamel MAHESO",
        "price": 6.69,
        "price_kilo": 6.69,
        "slug": "canelones-congelados-de-carne-con-bechamel",
        "description": "Canelones congelados de Carne con Bechamel 1 Kg",
        "image": "https:\/\/cdn-consum.aktiosdigitalservices.com\/tol\/consum\/media\/product\/img\/300x300\/7213098.jpg?t=20250227091511"
    },
    {
        "id": 10408,
        "name": "Caldo de Pollo Bajo en Sal ANETO",
        "price": 4.3,
        "price_kilo": 4.3,
        "slug": "caldo-de-pollo-bajo-en-sal",
        "description": "Caldo de Pollo Bajo en Sal 1 L",
        "image": "https:\/\/cdn-consum.aktiosdigitalservices.com\/tol\/consum\/media\/product\/img\/300x300\/7217292.jpg?t=20250227091629"
    },
    {
        "id": 10424,
        "name": "Cerveza Celiacos 0,0,0 Botella AMBAR 0,0,0",
        "price": 1.29,
        "price_kilo": 3.91,
        "slug": "cerveza-celiacos-000-botella",
        "description": "Cerveza Celiacos 0,0,0 Botella 0,33 L",
        "image": "https:\/\/cdn-consum.aktiosdigitalservices.com\/tol\/consum\/media\/product\/img\/300x300\/7225006.jpg?t=20250312125359"
    },
    {
        "id": 10426,
        "name": "Sazonador Burritos Sobre OLD EL PASO",
        "price": 1.39,
        "price_kilo": 3.48,
        "slug": "sazonador-burritos-sobre",
        "description": "Sazonador Burritos Sobre 40 Gr",
        "image": "https:\/\/cdn-consum.aktiosdigitalservices.com\/tol\/consum\/media\/product\/img\/300x300\/7227044.jpg?t=20241217081049"
    },
    {
        "id": 10445,
        "name": "Laca Fijaci\u00f3n Normal ELNETT",
        "price": 4.99,
        "price_kilo": 1.66,
        "slug": "laca-fijacion-normal",
        "description": "Laca Fijaci\u00f3n Normal 300 ml",
        "image": "https:\/\/cdn-consum.aktiosdigitalservices.com\/tol\/consum\/media\/product\/img\/300x300\/7237522.jpg?t=20241217081054"
    },
    {
        "id": 10446,
        "name": "Ron Blanco CALIBRE 38",
        "price": 5.25,
        "price_kilo": 7.5,
        "slug": "ron-blanco",
        "description": "Ron Blanco 0,7 L",
        "image": "https:\/\/cdn-consum.aktiosdigitalservices.com\/tol\/consum\/media\/product\/img\/300x300\/7237936.jpg?t=20241217081054"
    },
    {
        "id": 10455,
        "name": "Tinte 4.99 Viol\u00edn PALETTE",
        "price": 4.79,
        "price_kilo": 4.79,
        "slug": "tinte-499-violin",
        "description": "Tinte 4.99 Viol\u00edn 1 U",
        "image": "https:\/\/cdn-consum.aktiosdigitalservices.com\/tol\/consum\/media\/product\/img\/300x300\/7246077.jpg?t=20250312160353"
    },
    {
        "id": 10463,
        "name": "Limonada 100% Exprimida FRUTAE",
        "price": 2.45,
        "price_kilo": 2.45,
        "slug": "limonada-100-exprimida",
        "description": "Limonada 100% Exprimida 1 L",
        "image": "https:\/\/cdn-consum.aktiosdigitalservices.com\/tol\/consum\/media\/product\/img\/300x300\/7248847.jpg?t=20250213080027"
    },
    {
        "id": 10465,
        "name": "Wasabi Pasta BLUE DRAGON",
        "price": 2.89,
        "price_kilo": 6.42,
        "slug": "wasabi-pasta",
        "description": "Wasabi Pasta 45 Gr",
        "image": "https:\/\/cdn-consum.aktiosdigitalservices.com\/tol\/consum\/media\/product\/img\/300x300\/7250249.jpg?t=20250212080016"
    },
    {
        "id": 10475,
        "name": "Alga Sushi Nori BLUE DRAGON",
        "price": 2.79,
        "price_kilo": 25.36,
        "slug": "alga-sushi-nori",
        "description": "Alga Sushi Nori 11 Gr",
        "image": "https:\/\/cdn-consum.aktiosdigitalservices.com\/tol\/consum\/media\/product\/img\/300x300\/7250306.jpg?t=20250212080018"
    },
    {
        "id": 10476,
        "name": "Tallarines de Arroz GO-TAN",
        "price": 2.2,
        "price_kilo": 8.8,
        "slug": "tallarines-de-arroz",
        "description": "Tallarines de Arroz 250 Gr",
        "image": "https:\/\/cdn-consum.aktiosdigitalservices.com\/tol\/consum\/media\/product\/img\/300x300\/7250314.jpg?t=20250212080020"
    },
    {
        "id": 10482,
        "name": "Pulverizador PONETTE",
        "price": 1.99,
        "price_kilo": 0.8,
        "slug": "pulverizador",
        "description": "Pulverizador 250 ml",
        "image": "https:\/\/cdn-consum.aktiosdigitalservices.com\/tol\/consum\/media\/product\/img\/300x300\/7254386.jpg?t=20241217081102"
    },
    {
        "id": 10487,
        "name": "Piccolinis congelados 3 Quesos BUITONI",
        "price": 4.25,
        "price_kilo": 15.74,
        "slug": "piccolinis-congelados-3-quesos",
        "description": "Piccolinis congelados 3 Quesos 270 Gr",
        "image": "https:\/\/cdn-consum.aktiosdigitalservices.com\/tol\/consum\/media\/product\/img\/300x300\/7256407.jpg?t=20250312125435"
    },
    {
        "id": 10489,
        "name": "Espinacas Hoja congeladas FINDUS",
        "price": 5.15,
        "price_kilo": 5.15,
        "slug": "espinacas-hoja-congeladas",
        "description": "Espinacas Hoja congeladas 1 Kg",
        "image": "https:\/\/cdn-consum.aktiosdigitalservices.com\/tol\/consum\/media\/product\/img\/300x300\/7257970.jpg?t=20250214075844"
    },
    {
        "id": 10514,
        "name": "Insecticida El\u00e9ctrico L\u00edquido Recambio BLOOM",
        "price": 8.9,
        "price_kilo": 4.45,
        "slug": "insecticida-electrico-liquido-recambio",
        "description": "Insecticida El\u00e9ctrico L\u00edquido Recambio 2 U",
        "image": "https:\/\/cdn-consum.aktiosdigitalservices.com\/tol\/consum\/media\/product\/img\/300x300\/7262095.jpg?t=20250204080805"
    },
    {
        "id": 10520,
        "name": "Tinte Color Sensation N\u00ba110 Rubio Ex.Claro GARNIER",
        "price": 3.9,
        "price_kilo": 3.9,
        "slug": "tinte-color-sensation-n110-rubio-exclaro",
        "description": "Tinte Color Sensation N\u00ba110 Rubio Ex.Claro 1 U",
        "image": "https:\/\/cdn-consum.aktiosdigitalservices.com\/tol\/consum\/media\/product\/img\/300x300\/7262199.jpg?t=20241217081105"
    },
    {
        "id": 10536,
        "name": "Sopa Deshidratada Tha\u00ef Fideos, Setas y Coco KNORR",
        "price": 1.79,
        "price_kilo": 25.94,
        "slug": "sopa-deshidratada-thai-fideos-setas-y-coco",
        "description": "Sopa Deshidratada Tha\u00ef Fideos, Setas y Coco 69 Gr",
        "image": "https:\/\/cdn-consum.aktiosdigitalservices.com\/tol\/consum\/media\/product\/img\/300x300\/7266414.jpg?t=20250205080244"
    },
    {
        "id": 10538,
        "name": "Crema Corporal Forte EUDERMIN",
        "price": 4.45,
        "price_kilo": 1.11,
        "slug": "crema-corporal-forte",
        "description": "Crema Corporal Forte 400 ml",
        "image": "https:\/\/cdn-consum.aktiosdigitalservices.com\/tol\/consum\/media\/product\/img\/300x300\/7267206.jpg?t=20250312125459"
    },
    {
        "id": 10546,
        "name": "Mousse Rizos ELNETT",
        "price": 4.95,
        "price_kilo": 2.48,
        "slug": "mousse-rizos",
        "description": "Mousse Rizos 200 ml",
        "image": "https:\/\/cdn-consum.aktiosdigitalservices.com\/tol\/consum\/media\/product\/img\/300x300\/7270510.jpg?t=20250311164600"
    },
    {
        "id": 10548,
        "name": "Zumo de Naranja sin Pulpa FRUTAE",
        "price": 2.19,
        "price_kilo": 2.92,
        "slug": "zumo-de-naranja-sin-pulpa",
        "description": "Zumo de Naranja sin Pulpa 750 ml",
        "image": "https:\/\/cdn-consum.aktiosdigitalservices.com\/tol\/consum\/media\/product\/img\/300x300\/7270986.jpg?t=20250314121527"
    },
    {
        "id": 10557,
        "name": "Huevo Campero L 1\/2 Docena MONTERDE",
        "price": 2.34,
        "price_kilo": 4.68,
        "slug": "huevo-campero-l-1-2-docena",
        "description": "Huevo Campero L 1\/2 Docena 0,5 Dc",
        "image": "https:\/\/cdn-consum.aktiosdigitalservices.com\/tol\/consum\/media\/product\/img\/300x300\/7272821.jpg?t=20250311105918"
    },
    {
        "id": 10562,
        "name": "Tarrina Dulce de Leche 460 Ml. HAAGEN DAZS",
        "price": 7.29,
        "price_kilo": 18.23,
        "slug": "tarrina-dulce-de-leche-460-ml",
        "description": "Tarrina Dulce de Leche 460 Ml. 400 Gr",
        "image": "https:\/\/cdn-consum.aktiosdigitalservices.com\/tol\/consum\/media\/product\/img\/300x300\/22319.jpg?t=20250227085554"
    },
    {
        "id": 10564,
        "name": "Colorante Alimentario en Sobres SABATER",
        "price": 1.69,
        "price_kilo": 3.76,
        "slug": "colorante-alimentario-en-sobres",
        "description": "Colorante Alimentario en Sobres 45 Gr",
        "image": "https:\/\/cdn-consum.aktiosdigitalservices.com\/tol\/consum\/media\/product\/img\/300x300\/46813.jpg?t=20250322075631"
    },
    {
        "id": 10565,
        "name": "Agua Mineral con Gas Pack de 6 Vidrio VICHY",
        "price": 5.89,
        "price_kilo": 3.27,
        "slug": "agua-mineral-con-gas-pack-de-6-vidrio",
        "description": "Agua Mineral con Gas Pack de 6 Vidrio 6 x 0,3 L",
        "image": "https:\/\/cdn-consum.aktiosdigitalservices.com\/tol\/consum\/media\/product\/img\/300x300\/138297.jpg?t=20250312092738"
    },
    {
        "id": 10567,
        "name": "Queso Untar Natural SAN MILLAN",
        "price": 2.15,
        "price_kilo": 10.75,
        "slug": "queso-untar-natural",
        "description": "Queso Untar Natural 200 Gr",
        "image": "https:\/\/cdn-consum.aktiosdigitalservices.com\/tol\/consum\/media\/product\/img\/300x300\/205468.jpg?t=20250103075917"
    },
    {
        "id": 10569,
        "name": "Yogur Sabor Coco Pack de 4 Unidades DANONE",
        "price": 0.95,
        "price_kilo": 1.98,
        "slug": "yogur-sabor-coco-pack-de-4-unidades",
        "description": "Yogur Sabor Coco Pack de 4 Unidades 4 x 120 Gr",
        "image": "https:\/\/cdn-consum.aktiosdigitalservices.com\/tol\/consum\/media\/product\/img\/300x300\/227645.jpg?t=20241223075638"
    },
    {
        "id": 10570,
        "name": "Bloc H\u00edgado de Pato MARTIKO",
        "price": 6.39,
        "price_kilo": 79.88,
        "slug": "bloc-higado-de-pato",
        "description": "Bloc H\u00edgado de Pato 2 x 40 Gr",
        "image": "https:\/\/cdn-consum.aktiosdigitalservices.com\/tol\/consum\/media\/product\/img\/300x300\/269035.jpg?t=20250109092605"
    },
    {
        "id": 10573,
        "name": "Pimienta Cayena Molida Tarro DUCROS",
        "price": 2.35,
        "price_kilo": 6.18,
        "slug": "pimienta-cayena-molida-tarro",
        "description": "Pimienta Cayena Molida Tarro 38 Gr",
        "image": "https:\/\/cdn-consum.aktiosdigitalservices.com\/tol\/consum\/media\/product\/img\/300x300\/308833.jpg?t=20250206085757"
    },
    {
        "id": 10575,
        "name": "Nuez Moscada Entera Tarro DUCROS",
        "price": 3.45,
        "price_kilo": 13.8,
        "slug": "nuez-moscada-entera-tarro",
        "description": "Nuez Moscada Entera Tarro 25 Gr",
        "image": "https:\/\/cdn-consum.aktiosdigitalservices.com\/tol\/consum\/media\/product\/img\/300x300\/308973.jpg?t=20250206085802"
    },
    {
        "id": 10576,
        "name": "Nuez Moscada Molida Tarro DUCROS",
        "price": 2.89,
        "price_kilo": 9.03,
        "slug": "nuez-moscada-molida-tarro",
        "description": "Nuez Moscada Molida Tarro 32 Gr",
        "image": "https:\/\/cdn-consum.aktiosdigitalservices.com\/tol\/consum\/media\/product\/img\/300x300\/308981.jpg?t=20250206085804"
    },
    {
        "id": 10577,
        "name": "Perejil Tarro DUCROS",
        "price": 2.25,
        "price_kilo": 45,
        "slug": "perejil-tarro",
        "description": "Perejil Tarro 5 Gr",
        "image": "https:\/\/cdn-consum.aktiosdigitalservices.com\/tol\/consum\/media\/product\/img\/300x300\/308999.jpg?t=20250206085806"
    },
    {
        "id": 10578,
        "name": "Pimienta Negra Molida Tarro DUCROS",
        "price": 2.89,
        "price_kilo": 7.23,
        "slug": "pimienta-negra-molida-tarro",
        "description": "Pimienta Negra Molida Tarro 40 Gr",
        "image": "https:\/\/cdn-consum.aktiosdigitalservices.com\/tol\/consum\/media\/product\/img\/300x300\/309021.jpg?t=20250227085757"
    },
    {
        "id": 10581,
        "name": "Salsa Worcestershire Botella LEA&PERRINS",
        "price": 3.25,
        "price_kilo": 21.67,
        "slug": "salsa-worcestershire-botella",
        "description": "Salsa Worcestershire Botella 150 ml",
        "image": "https:\/\/cdn-consum.aktiosdigitalservices.com\/tol\/consum\/media\/product\/img\/300x300\/368670.jpg?t=20241217080947"
    },
    {
        "id": 10582,
        "name": "Salsa Picante TABASCO",
        "price": 3.95,
        "price_kilo": 65.83,
        "slug": "salsa-picante",
        "description": "Salsa Picante 60 ml",
        "image": "https:\/\/cdn-consum.aktiosdigitalservices.com\/tol\/consum\/media\/product\/img\/300x300\/368720.jpg?t=20250109093029"
    },
    {
        "id": 10583,
        "name": "Edulcorante 400 Comprimidos NATREEN",
        "price": 3.95,
        "price_kilo": 0.01,
        "slug": "edulcorante-400-comprimidos",
        "description": "Edulcorante 400 Comprimidos 400 U",
        "image": "https:\/\/cdn-consum.aktiosdigitalservices.com\/tol\/consum\/media\/product\/img\/300x300\/374348.jpg?t=20250311103255"
    },
    {
        "id": 10585,
        "name": "Ginebra TANQUERAY",
        "price": 16.49,
        "price_kilo": 23.56,
        "slug": "ginebra",
        "description": "Ginebra 0,7 L",
        "image": "https:\/\/cdn-consum.aktiosdigitalservices.com\/tol\/consum\/media\/product\/img\/300x300\/394106.jpg?t=20250226075639"
    },
    {
        "id": 10586,
        "name": "Avellana C\u00e1scara Granel ",
        "price": 9.99,
        "price_kilo": 9.99,
        "slug": "avellana-cascara-granel",
        "description": "Avellana C\u00e1scara Granel",
        "image": "https:\/\/cdn-consum.aktiosdigitalservices.com\/tol\/consum\/media\/product\/img\/300x300\/399451.jpg?t=20250103075953"
    },
    {
        "id": 10587,
        "name": "Mostaza a L'Ancienne Frasco MAILLE",
        "price": 3.65,
        "price_kilo": 17.38,
        "slug": "mostaza-a-lancienne-frasco",
        "description": "Mostaza a L'Ancienne Frasco 210 Gr",
        "image": "https:\/\/cdn-consum.aktiosdigitalservices.com\/tol\/consum\/media\/product\/img\/300x300\/446807.jpg?t=20241217080949"
    },
    {
        "id": 10589,
        "name": "Comino Entero Tarro DUCROS",
        "price": 2.39,
        "price_kilo": 6.83,
        "slug": "comino-entero-tarro",
        "description": "Comino Entero Tarro 35 Gr",
        "image": "https:\/\/cdn-consum.aktiosdigitalservices.com\/tol\/consum\/media\/product\/img\/300x300\/552315.jpg?t=20250227090024"
    },
    {
        "id": 10591,
        "name": "Clavos Enteros Tarro DUCROS",
        "price": 3.45,
        "price_kilo": 15,
        "slug": "clavos-enteros-tarro",
        "description": "Clavos Enteros Tarro 23 Gr",
        "image": "https:\/\/cdn-consum.aktiosdigitalservices.com\/tol\/consum\/media\/product\/img\/300x300\/557314.jpg?t=20250206090141"
    },
    {
        "id": 10592,
        "name": "Tarrina de Vainilla con Cookies 460 Ml. HAAGEN DAZS",
        "price": 7.29,
        "price_kilo": 18.69,
        "slug": "tarrina-de-vainilla-con-cookies-460-ml",
        "description": "Tarrina de Vainilla con Cookies 460 Ml. 386 Gr",
        "image": "https:\/\/cdn-consum.aktiosdigitalservices.com\/tol\/consum\/media\/product\/img\/300x300\/594994.jpg?t=20250227090033"
    },
    {
        "id": 10594,
        "name": "Hierbabuena Tarro DUCROS",
        "price": 2.35,
        "price_kilo": 18.08,
        "slug": "hierbabuena-tarro",
        "description": "Hierbabuena Tarro 13 Gr",
        "image": "https:\/\/cdn-consum.aktiosdigitalservices.com\/tol\/consum\/media\/product\/img\/300x300\/689885.jpg?t=20241217080952"
    },
    {
        "id": 10596,
        "name": "Pebrella Tarro SABATER",
        "price": 3.19,
        "price_kilo": 21.27,
        "slug": "pebrella-tarro",
        "description": "Pebrella Tarro 15 Gr",
        "image": "https:\/\/cdn-consum.aktiosdigitalservices.com\/tol\/consum\/media\/product\/img\/300x300\/846949.jpg?t=20250311164534"
    },
    {
        "id": 10599,
        "name": "Refresco Naranja Refrigerado SIMON LIFE",
        "price": 1.85,
        "price_kilo": 1.23,
        "slug": "refresco-naranja-refrigerado",
        "description": "Refresco Naranja Refrigerado 1,5 L",
        "image": "https:\/\/cdn-consum.aktiosdigitalservices.com\/tol\/consum\/media\/product\/img\/300x300\/3218419.jpg?t=20241217080957"
    },
    {
        "id": 10606,
        "name": "Pate de At\u00fan en Aceite Pack de 2 Latas LA PIARA",
        "price": 3.99,
        "price_kilo": 26.6,
        "slug": "pate-de-atun-en-aceite-pack-de-2-latas",
        "description": "Pate de At\u00fan en Aceite Pack de 2 Latas 2 x 75 Gr",
        "image": "https:\/\/cdn-consum.aktiosdigitalservices.com\/tol\/consum\/media\/product\/img\/300x300\/7007490.jpg?t=20250206090603"
    },
    {
        "id": 10610,
        "name": "Alubia Cocida Granja Frasco LUENGO",
        "price": 1.59,
        "price_kilo": 3.98,
        "slug": "alubia-cocida-granja-frasco",
        "description": "Alubia Cocida Granja Frasco 400 Gr",
        "image": "https:\/\/cdn-consum.aktiosdigitalservices.com\/tol\/consum\/media\/product\/img\/300x300\/7012573.jpg?t=20241217081000"
    },
    {
        "id": 10615,
        "name": "Crema de Queso Azul Tarrina PRESIDENT",
        "price": 1.95,
        "price_kilo": 15.6,
        "slug": "crema-de-queso-azul-tarrina",
        "description": "Crema de Queso Azul Tarrina 125 Gr",
        "image": "https:\/\/cdn-consum.aktiosdigitalservices.com\/tol\/consum\/media\/product\/img\/300x300\/7028350.jpg?t=20250227090408"
    },
    {
        "id": 10617,
        "name": "Preparado Gazpacho Caja SABATER",
        "price": 1.49,
        "price_kilo": 24.83,
        "slug": "preparado-gazpacho-caja",
        "description": "Preparado Gazpacho Caja 6 Gr",
        "image": "https:\/\/cdn-consum.aktiosdigitalservices.com\/tol\/consum\/media\/product\/img\/300x300\/7039832.jpg?t=20250222075720"
    },
    {
        "id": 10622,
        "name": "Cardo Frasco CONSUM",
        "price": 1.75,
        "price_kilo": 4.38,
        "slug": "cardo-frasco",
        "description": "Cardo Frasco 400 Gr",
        "image": "https:\/\/cdn-consum.aktiosdigitalservices.com\/tol\/consum\/media\/product\/img\/300x300\/7044076.jpg?t=20241217081008"
    },
    {
        "id": 10623,
        "name": "Relleno para S\u00e1ndwich At\u00fan BOCADELIA",
        "price": 3.99,
        "price_kilo": 22.17,
        "slug": "relleno-para-sandwich-atun",
        "description": "Relleno para S\u00e1ndwich At\u00fan 180 Gr",
        "image": "https:\/\/cdn-consum.aktiosdigitalservices.com\/tol\/consum\/media\/product\/img\/300x300\/7047058.jpg?t=20250131075711"
    },
    {
        "id": 10625,
        "name": "Trozos de Calamar en Tinta Pack de 3 CONSUM",
        "price": 3.1,
        "price_kilo": 17.51,
        "slug": "trozos-de-calamar-en-tinta-pack-de-3",
        "description": "Trozos de Calamar en Tinta Pack de 3 3 x 59 Gr",
        "image": "https:\/\/cdn-consum.aktiosdigitalservices.com\/tol\/consum\/media\/product\/img\/300x300\/7049844.jpg?t=20241227075724"
    },
    {
        "id": 10628,
        "name": "Trufa Natural Tarro LEYENDA",
        "price": 3.45,
        "price_kilo": 34.5,
        "slug": "trufa-natural-tarro",
        "description": "Trufa Natural Tarro 10 Gr",
        "image": "https:\/\/cdn-consum.aktiosdigitalservices.com\/tol\/consum\/media\/product\/img\/300x300\/7054435.jpg?t=20241217081010"
    },
    {
        "id": 10629,
        "name": "Cecina PALCARSA",
        "price": 3.45,
        "price_kilo": 43.13,
        "slug": "cecina",
        "description": "Cecina 80 Gr",
        "image": "https:\/\/cdn-consum.aktiosdigitalservices.com\/tol\/consum\/media\/product\/img\/300x300\/7054880.jpg?t=20250219075839"
    },
    {
        "id": 10638,
        "name": "Bolsas Cubitos de Hielo Caja ALBAL",
        "price": 1.99,
        "price_kilo": 0.1,
        "slug": "bolsas-cubitos-de-hielo-caja",
        "description": "Bolsas Cubitos de Hielo Caja 20 U",
        "image": "https:\/\/cdn-consum.aktiosdigitalservices.com\/tol\/consum\/media\/product\/img\/300x300\/7067473.jpg?t=20241217081012"
    },
    {
        "id": 10646,
        "name": "Ensalada Pasta con At\u00fan Bol CARRETILLA",
        "price": 2.39,
        "price_kilo": 9.96,
        "slug": "ensalada-pasta-con-atun-bol",
        "description": "Ensalada Pasta con At\u00fan Bol 240 Gr",
        "image": "https:\/\/cdn-consum.aktiosdigitalservices.com\/tol\/consum\/media\/product\/img\/300x300\/7068893.jpg?t=20250313080015"
    },
    {
        "id": 10648,
        "name": "Papel de Horno ALBAL",
        "price": 2.99,
        "price_kilo": 0.37,
        "slug": "papel-de-horno",
        "description": "Papel de Horno 8 M",
        "image": "https:\/\/cdn-consum.aktiosdigitalservices.com\/tol\/consum\/media\/product\/img\/300x300\/7074982.jpg?t=20250206090952"
    },
    {
        "id": 10649,
        "name": "Jengibre Tarro DUCROS",
        "price": 2.49,
        "price_kilo": 9.58,
        "slug": "jengibre-tarro",
        "description": "Jengibre Tarro 26 Gr",
        "image": "https:\/\/cdn-consum.aktiosdigitalservices.com\/tol\/consum\/media\/product\/img\/300x300\/7074995.jpg?t=20250206090954"
    },
    {
        "id": 10650,
        "name": "Muslo de Pato Confitado MARTIKO",
        "price": 7.49,
        "price_kilo": 29.96,
        "slug": "muslo-de-pato-confitado",
        "description": "Muslo de Pato Confitado 250 Gr",
        "image": "https:\/\/cdn-consum.aktiosdigitalservices.com\/tol\/consum\/media\/product\/img\/300x300\/7075547.jpg?t=20250109094328"
    },
    {
        "id": 10656,
        "name": "Alcaparrones en Vinagre Frasco CONSUM",
        "price": 2.45,
        "price_kilo": 16.33,
        "slug": "alcaparrones-en-vinagre-frasco",
        "description": "Alcaparrones en Vinagre Frasco 150 Gr",
        "image": "https:\/\/cdn-consum.aktiosdigitalservices.com\/tol\/consum\/media\/product\/img\/300x300\/7083389.jpg?t=20241217081016"
    },
    {
        "id": 10657,
        "name": "Queso Fresco Apetina en Aceite Tarro ARLA",
        "price": 3.89,
        "price_kilo": 25.93,
        "slug": "queso-fresco-apetina-en-aceite-tarro",
        "description": "Queso Fresco Apetina en Aceite Tarro 150 Gr",
        "image": "https:\/\/cdn-consum.aktiosdigitalservices.com\/tol\/consum\/media\/product\/img\/300x300\/7086580.jpg?t=20250204080219"
    },
    {
        "id": 10658,
        "name": "Champ\u00fa Cabello Normal FLEX",
        "price": 3.75,
        "price_kilo": 0.58,
        "slug": "champu-cabello-normal",
        "description": "Champ\u00fa Cabello Normal 650 ml",
        "image": "https:\/\/cdn-consum.aktiosdigitalservices.com\/tol\/consum\/media\/product\/img\/300x300\/7088560.jpg?t=20250312155946"
    },
    {
        "id": 10666,
        "name": "Salchichas de Pavo 7 Unidades CONSUM",
        "price": 1.6,
        "price_kilo": 3.81,
        "slug": "salchichas-de-pavo-7-unidades",
        "description": "Salchichas de Pavo 7 Unidades 3 x 140 Gr",
        "image": "https:\/\/cdn-consum.aktiosdigitalservices.com\/tol\/consum\/media\/product\/img\/300x300\/7105380.jpg?t=20241217081020"
    },
    {
        "id": 10667,
        "name": "Salsa Fina Mayo Cebolla Caramelizada y Ajo HEINZ",
        "price": 3.35,
        "price_kilo": 8.38,
        "slug": "salsa-fina-mayo-cebolla-caramelizada-y-ajo",
        "description": "Salsa Fina Mayo Cebolla Caramelizada y Ajo 400 ml",
        "image": "https:\/\/cdn-consum.aktiosdigitalservices.com\/tol\/consum\/media\/product\/img\/300x300\/7105851.jpg?t=20250311164542"
    },
    {
        "id": 10670,
        "name": "Azafr\u00e1n en Hebras Caja SABATER",
        "price": 3.29,
        "price_kilo": 913.89,
        "slug": "azafran-en-hebras-caja",
        "description": "Azafr\u00e1n en Hebras Caja 0,36 Gr",
        "image": "https:\/\/cdn-consum.aktiosdigitalservices.com\/tol\/consum\/media\/product\/img\/300x300\/7107931.jpg?t=20241217081020"
    },
    {
        "id": 10671,
        "name": "Azafr\u00e1n Molido Caja SABATER",
        "price": 3.29,
        "price_kilo": 658,
        "slug": "azafran-molido-caja",
        "description": "Azafr\u00e1n Molido Caja 0,5 Gr",
        "image": "https:\/\/cdn-consum.aktiosdigitalservices.com\/tol\/consum\/media\/product\/img\/300x300\/7107944.jpg?t=20241217081020"
    },
    {
        "id": 10677,
        "name": "Salchichas Frankfurt 4 Unidades CAMPOFR\u00cdO",
        "price": 2.25,
        "price_kilo": 4.02,
        "slug": "salchichas-frankfurt-4-unidades",
        "description": "Salchichas Frankfurt 4 Unidades 4 x 140 Gr",
        "image": "https:\/\/cdn-consum.aktiosdigitalservices.com\/tol\/consum\/media\/product\/img\/300x300\/7113525.jpg?t=20241217081021"
    },
    {
        "id": 10680,
        "name": "Pat\u00e9 Picante Lata Pack de 2 LA PIARA",
        "price": 3.95,
        "price_kilo": 27.05,
        "slug": "pate-picante-lata-pack-de-2",
        "description": "Pat\u00e9 Picante Lata Pack de 2 2 x 73 Gr",
        "image": "https:\/\/cdn-consum.aktiosdigitalservices.com\/tol\/consum\/media\/product\/img\/300x300\/7116796.jpg?t=20250220080123"
    },
    {
        "id": 10688,
        "name": "Pate Tapa Negra Iberico Lata Pack de 2 LA PIARA",
        "price": 3.95,
        "price_kilo": 27.05,
        "slug": "pate-tapa-negra-iberico-lata-pack-de-2",
        "description": "Pate Tapa Negra Iberico Lata Pack de 2 2 x 73 Gr",
        "image": "https:\/\/cdn-consum.aktiosdigitalservices.com\/tol\/consum\/media\/product\/img\/300x300\/7134539.jpg?t=20250220080141"
    },
    {
        "id": 10689,
        "name": "Habitas Fritas Baby. Frasco CONSUM",
        "price": 3.25,
        "price_kilo": 23.21,
        "slug": "habitas-fritas-baby-frasco",
        "description": "Habitas Fritas Baby. Frasco 140 Gr",
        "image": "https:\/\/cdn-consum.aktiosdigitalservices.com\/tol\/consum\/media\/product\/img\/300x300\/7141252.jpg?t=20241217081023"
    },
    {
        "id": 10690,
        "name": "Allioli Artesano con Aceite de Oliva CHOVI",
        "price": 1.99,
        "price_kilo": 13.27,
        "slug": "allioli-artesano-con-aceite-de-oliva",
        "description": "Allioli Artesano con Aceite de Oliva 150 Gr",
        "image": "https:\/\/cdn-consum.aktiosdigitalservices.com\/tol\/consum\/media\/product\/img\/300x300\/7144538.jpg?t=20250320075835"
    },
    {
        "id": 10693,
        "name": "Tarta al Whisky 1 Litro CONSUM",
        "price": 3.99,
        "price_kilo": 7.46,
        "slug": "tarta-al-whisky-1-litro",
        "description": "Tarta al Whisky 1 Litro 535 Gr",
        "image": "https:\/\/cdn-consum.aktiosdigitalservices.com\/tol\/consum\/media\/product\/img\/300x300\/7151509.jpg?t=20241219080139"
    },
    {
        "id": 10695,
        "name": "C\u00farcuma Frasco DUCROS",
        "price": 2.45,
        "price_kilo": 6.62,
        "slug": "curcuma-frasco",
        "description": "C\u00farcuma Frasco 37 Gr",
        "image": "https:\/\/cdn-consum.aktiosdigitalservices.com\/tol\/consum\/media\/product\/img\/300x300\/7153872.jpg?t=20250206091428"
    },
    {
        "id": 10696,
        "name": "Ajonjol\u00ed Semillas de S\u00e9samo DUCROS",
        "price": 2.59,
        "price_kilo": 5.76,
        "slug": "ajonjoli-semillas-de-sesamo",
        "description": "Ajonjol\u00ed Semillas de S\u00e9samo 50 Gr",
        "image": "https:\/\/cdn-consum.aktiosdigitalservices.com\/tol\/consum\/media\/product\/img\/300x300\/7153943.jpg?t=20241217081025"
    },
    {
        "id": 10714,
        "name": "At\u00fan Claro Aceite Oliva Pack de 3 CALVO",
        "price": 6.79,
        "price_kilo": 31.44,
        "slug": "atun-claro-aceite-oliva-pack-de-3",
        "description": "At\u00fan Claro Aceite Oliva Pack de 3 3x72 Gr",
        "image": "https:\/\/cdn-consum.aktiosdigitalservices.com\/tol\/consum\/media\/product\/img\/300x300\/7168677.jpg?t=20250218080224"
    },
    {
        "id": 10716,
        "name": "Cebollitas Sabor Anchoa Tarro CONSUM",
        "price": 1.69,
        "price_kilo": 8.45,
        "slug": "cebollitas-sabor-anchoa-tarro",
        "description": "Cebollitas Sabor Anchoa Tarro 200 Gr",
        "image": "https:\/\/cdn-consum.aktiosdigitalservices.com\/tol\/consum\/media\/product\/img\/300x300\/7171358.jpg?t=20241217081030"
    },
    {
        "id": 10717,
        "name": "Salsa Cesar para Ensaladas CHOVI",
        "price": 2.69,
        "price_kilo": 10.76,
        "slug": "salsa-cesar-para-ensaladas",
        "description": "Salsa Cesar para Ensaladas 250 ml",
        "image": "https:\/\/cdn-consum.aktiosdigitalservices.com\/tol\/consum\/media\/product\/img\/300x300\/7171614.jpg?t=20250206091620"
    },
    {
        "id": 10718,
        "name": "Salsa Yogurt para Ensaladas CHOVI",
        "price": 2.69,
        "price_kilo": 10.76,
        "slug": "salsa-yogurt-para-ensaladas",
        "description": "Salsa Yogurt para Ensaladas 250 ml",
        "image": "https:\/\/cdn-consum.aktiosdigitalservices.com\/tol\/consum\/media\/product\/img\/300x300\/7171622.jpg?t=20241217081030"
    },
    {
        "id": 10728,
        "name": "Bolsas Basura Autocierre Resistente Perfumada 30l HANDY BAG",
        "price": 2.79,
        "price_kilo": 0.19,
        "slug": "bolsas-basura-autocierre-resistente-perfumada-30l",
        "description": "Bolsas Basura Autocierre Resistente Perfumada 30l 15 U",
        "image": "https:\/\/cdn-consum.aktiosdigitalservices.com\/tol\/consum\/media\/product\/img\/300x300\/7181212.jpg?t=20250206091709"
    },
    {
        "id": 10729,
        "name": "Champ\u00fa Fortificante FLEX",
        "price": 3.75,
        "price_kilo": 0.58,
        "slug": "champu-fortificante",
        "description": "Champ\u00fa Fortificante 650 ml",
        "image": "https:\/\/cdn-consum.aktiosdigitalservices.com\/tol\/consum\/media\/product\/img\/300x300\/7181964.jpg?t=20250312160135"
    },
    {
        "id": 10732,
        "name": "Sazonador Oriental Tarro DUCROS",
        "price": 2.85,
        "price_kilo": 8.91,
        "slug": "sazonador-oriental-tarro",
        "description": "Sazonador Oriental Tarro 32 Gr",
        "image": "https:\/\/cdn-consum.aktiosdigitalservices.com\/tol\/consum\/media\/product\/img\/300x300\/7182074.jpg?t=20241217081032"
    },
    {
        "id": 10735,
        "name": "Chorizo de Le\u00f3n Extra dulce PALCARSA",
        "price": 2.15,
        "price_kilo": 21.5,
        "slug": "chorizo-de-leon-extra-dulce",
        "description": "Chorizo de Le\u00f3n Extra dulce 100 Gr",
        "image": "https:\/\/cdn-consum.aktiosdigitalservices.com\/tol\/consum\/media\/product\/img\/300x300\/7182772.jpg?t=20250206091722"
    },
    {
        "id": 10738,
        "name": "Pimientos Dulces del Cristal Caja DUCROS",
        "price": 3.75,
        "price_kilo": 75,
        "slug": "pimientos-dulces-del-cristal-caja",
        "description": "Pimientos Dulces del Cristal Caja 50 Gr",
        "image": "https:\/\/cdn-consum.aktiosdigitalservices.com\/tol\/consum\/media\/product\/img\/300x300\/7183366.jpg?t=20241217081033"
    },
    {
        "id": 10743,
        "name": "Jam\u00f3n de Bellota 100% Raza Ib\u00e9rica MONTARAZ",
        "price": 12.75,
        "price_kilo": 141.67,
        "slug": "jamon-de-bellota-100-raza-iberica",
        "description": "Jam\u00f3n de Bellota 100% Raza Ib\u00e9rica 90 Gr",
        "image": "https:\/\/cdn-consum.aktiosdigitalservices.com\/tol\/consum\/media\/product\/img\/300x300\/7186740.jpg?t=20250304110143"
    },
    {
        "id": 10747,
        "name": "Salchichas con Queso 7 Unidades CONSUM",
        "price": 1.25,
        "price_kilo": 2.98,
        "slug": "salchichas-con-queso-7-unidades",
        "description": "Salchichas con Queso 7 Unidades 3 x 140 Gr",
        "image": "https:\/\/cdn-consum.aktiosdigitalservices.com\/tol\/consum\/media\/product\/img\/300x300\/7189926.jpg?t=20241217081036"
    },
    {
        "id": 10748,
        "name": "Chorizo Picante Duroc LA HOGUERA",
        "price": 4.59,
        "price_kilo": 16.39,
        "slug": "chorizo-picante-duroc",
        "description": "Chorizo Picante Duroc 280 Gr",
        "image": "https:\/\/cdn-consum.aktiosdigitalservices.com\/tol\/consum\/media\/product\/img\/300x300\/7190762.jpg?t=20241217081036"
    },
    {
        "id": 10749,
        "name": "Ensalada Rusa con At\u00fan CALVO",
        "price": 1.45,
        "price_kilo": 9.67,
        "slug": "ensalada-rusa-con-atun",
        "description": "Ensalada Rusa con At\u00fan 150 Gr",
        "image": "https:\/\/cdn-consum.aktiosdigitalservices.com\/tol\/consum\/media\/product\/img\/300x300\/7192011.jpg?t=20250220080237"
    },
    {
        "id": 10764,
        "name": "Sazonador Pollo Tarro DUCROS",
        "price": 2.85,
        "price_kilo": 38,
        "slug": "sazonador-pollo-tarro",
        "description": "Sazonador Pollo Tarro 75 Gr",
        "image": "https:\/\/cdn-consum.aktiosdigitalservices.com\/tol\/consum\/media\/product\/img\/300x300\/7199297.jpg?t=20250206091926"
    },
    {
        "id": 10765,
        "name": "Sazonador Carnes Tarro DUCROS",
        "price": 2.85,
        "price_kilo": 16.76,
        "slug": "sazonador-carnes-tarro",
        "description": "Sazonador Carnes Tarro 17 Gr",
        "image": "https:\/\/cdn-consum.aktiosdigitalservices.com\/tol\/consum\/media\/product\/img\/300x300\/7199300.jpg?t=20250313080239"
    },
    {
        "id": 10766,
        "name": "Sazonador Espaguetis Tarro DUCROS",
        "price": 2.85,
        "price_kilo": 8.91,
        "slug": "sazonador-espaguetis-tarro",
        "description": "Sazonador Espaguetis Tarro 32 Gr",
        "image": "https:\/\/cdn-consum.aktiosdigitalservices.com\/tol\/consum\/media\/product\/img\/300x300\/7199305.jpg?t=20250313080240"
    },
    {
        "id": 10767,
        "name": "Cilantro Hojas Tarro DUCROS",
        "price": 2.39,
        "price_kilo": 34.14,
        "slug": "cilantro-hojas-tarro",
        "description": "Cilantro Hojas Tarro 7 Gr",
        "image": "https:\/\/cdn-consum.aktiosdigitalservices.com\/tol\/consum\/media\/product\/img\/300x300\/7199318.jpg?t=20241217081039"
    },
    {
        "id": 10768,
        "name": "Sazonador Italia Tarro DUCROS",
        "price": 2.85,
        "price_kilo": 9.5,
        "slug": "sazonador-italia-tarro",
        "description": "Sazonador Italia Tarro 30 Gr",
        "image": "https:\/\/cdn-consum.aktiosdigitalservices.com\/tol\/consum\/media\/product\/img\/300x300\/7199321.jpg?t=20250206091927"
    },
    {
        "id": 10769,
        "name": "Sazonador M\u00e9xico Tarro DUCROS",
        "price": 2.85,
        "price_kilo": 7.13,
        "slug": "sazonador-mexico-tarro",
        "description": "Sazonador M\u00e9xico Tarro 40 Gr",
        "image": "https:\/\/cdn-consum.aktiosdigitalservices.com\/tol\/consum\/media\/product\/img\/300x300\/7199326.jpg?t=20241217081039"
    },
    {
        "id": 10770,
        "name": "Sazonador Marruecos Tarro DUCROS",
        "price": 2.85,
        "price_kilo": 8.91,
        "slug": "sazonador-marruecos-tarro",
        "description": "Sazonador Marruecos Tarro 32 Gr",
        "image": "https:\/\/cdn-consum.aktiosdigitalservices.com\/tol\/consum\/media\/product\/img\/300x300\/7199334.jpg?t=20241217081039"
    },
    {
        "id": 10778,
        "name": "Queso Lonchas EL CASERIO",
        "price": 1.59,
        "price_kilo": 10.6,
        "slug": "queso-lonchas",
        "description": "Queso Lonchas 150 Gr",
        "image": "https:\/\/cdn-consum.aktiosdigitalservices.com\/tol\/consum\/media\/product\/img\/300x300\/7200702.jpg?t=20250312125332"
    },
    {
        "id": 10781,
        "name": "Bolsas Reutilizables Multiusos  Zip Mediana CONSUM",
        "price": 1.5,
        "price_kilo": 0.1,
        "slug": "bolsas-reutilizables-multiusos-zip-mediana",
        "description": "Bolsas Reutilizables Multiusos  Zip Mediana 15 U",
        "image": "https:\/\/cdn-consum.aktiosdigitalservices.com\/tol\/consum\/media\/product\/img\/300x300\/7202513.jpg?t=20241217081040"
    },
    {
        "id": 10784,
        "name": "Salsa de Miel y Mostaza CHOVI",
        "price": 2.69,
        "price_kilo": 10.55,
        "slug": "salsa-de-miel-y-mostaza",
        "description": "Salsa de Miel y Mostaza 255 Gr",
        "image": "https:\/\/cdn-consum.aktiosdigitalservices.com\/tol\/consum\/media\/product\/img\/300x300\/7203123.jpg?t=20241217081040"
    },
    {
        "id": 10786,
        "name": "Filete de Caballa del Sur Aceite de Girasol PESASUR",
        "price": 7.35,
        "price_kilo": 21.49,
        "slug": "filete-de-caballa-del-sur-aceite-de-girasol",
        "description": "Filete de Caballa del Sur Aceite de Girasol 342 Gr",
        "image": "https:\/\/cdn-consum.aktiosdigitalservices.com\/tol\/consum\/media\/product\/img\/300x300\/7204584.jpg?t=20250125075751"
    },
    {
        "id": 10790,
        "name": "Preparado para Huevos Rotos congelado FRIPOZO",
        "price": 2.49,
        "price_kilo": 6.23,
        "slug": "preparado-para-huevos-rotos-congelado",
        "description": "Preparado para Huevos Rotos congelado 400 Gr",
        "image": "https:\/\/cdn-consum.aktiosdigitalservices.com\/tol\/consum\/media\/product\/img\/300x300\/7205305.jpg?t=20241217081040"
    },
    {
        "id": 10795,
        "name": "Esp\u00e1rrago 6\/8 D.O. Navarra. Frasco DANTZA",
        "price": 5.69,
        "price_kilo": 27.76,
        "slug": "esparrago-6-8-do-navarra-frasco",
        "description": "Esp\u00e1rrago 6\/8 D.O. Navarra. Frasco 205 Gr",
        "image": "https:\/\/cdn-consum.aktiosdigitalservices.com\/tol\/consum\/media\/product\/img\/300x300\/7208622.jpg?t=20250109095826"
    },
    {
        "id": 10806,
        "name": "Mortadela Fina con Aceitunas ELPOZO",
        "price": 2,
        "price_kilo": 4,
        "slug": "mortadela-fina-con-aceitunas",
        "description": "Mortadela Fina con Aceitunas 500 Gr",
        "image": "https:\/\/cdn-consum.aktiosdigitalservices.com\/tol\/consum\/media\/product\/img\/300x300\/7211753.jpg?t=20241217081043"
    },
    {
        "id": 10812,
        "name": "Pan de Cristal ",
        "price": 1.31,
        "price_kilo": 5.46,
        "slug": "pan-de-cristal",
        "description": "Pan de Cristal 240 Gr",
        "image": "https:\/\/cdn-consum.aktiosdigitalservices.com\/tol\/consum\/media\/product\/img\/300x300\/7214000.jpg?t=20250211080007"
    },
    {
        "id": 10814,
        "name": "Pat\u00e9 Ib\u00e9rico Pack de 2 Unidades LA CUINA",
        "price": 1.45,
        "price_kilo": 14.5,
        "slug": "pate-iberico-pack-de-2-unidades",
        "description": "Pat\u00e9 Ib\u00e9rico Pack de 2 Unidades 2 x 50 Gr",
        "image": "https:\/\/cdn-consum.aktiosdigitalservices.com\/tol\/consum\/media\/product\/img\/300x300\/7216633.jpg?t=20241217081045"
    },
    {
        "id": 10821,
        "name": "Salsa Kebab White Bote CHOVI",
        "price": 2.29,
        "price_kilo": 9.16,
        "slug": "salsa-kebab-white-bote",
        "description": "Salsa Kebab White Bote 250 ml",
        "image": "https:\/\/cdn-consum.aktiosdigitalservices.com\/tol\/consum\/media\/product\/img\/300x300\/7219871.jpg?t=20241217081046"
    },
    {
        "id": 10827,
        "name": "Eneldo Frasco DUCROS",
        "price": 2.35,
        "price_kilo": 23.5,
        "slug": "eneldo-frasco",
        "description": "Eneldo Frasco 10 Gr",
        "image": "https:\/\/cdn-consum.aktiosdigitalservices.com\/tol\/consum\/media\/product\/img\/300x300\/7223378.jpg?t=20241217081047"
    },
    {
        "id": 10828,
        "name": "Hierbas Provenzales Frasco DUCROS",
        "price": 2.35,
        "price_kilo": 13.06,
        "slug": "hierbas-provenzales-frasco",
        "description": "Hierbas Provenzales Frasco 18 Gr",
        "image": "https:\/\/cdn-consum.aktiosdigitalservices.com\/tol\/consum\/media\/product\/img\/300x300\/7223381.jpg?t=20241217081047"
    },
    {
        "id": 10829,
        "name": "Comino Molido Frasco DUCROS",
        "price": 2.35,
        "price_kilo": 8.39,
        "slug": "comino-molido-frasco",
        "description": "Comino Molido Frasco 28 Gr",
        "image": "https:\/\/cdn-consum.aktiosdigitalservices.com\/tol\/consum\/media\/product\/img\/300x300\/7223402.jpg?t=20250206092245"
    },
    {
        "id": 10830,
        "name": "Cebollino Frasco DUCROS",
        "price": 2.35,
        "price_kilo": 94,
        "slug": "cebollino-frasco",
        "description": "Cebollino Frasco 2,5 Gr",
        "image": "https:\/\/cdn-consum.aktiosdigitalservices.com\/tol\/consum\/media\/product\/img\/300x300\/7223415.jpg?t=20241217081047"
    },
    {
        "id": 10833,
        "name": "Canela Molida Frasco DUCROS",
        "price": 2.65,
        "price_kilo": 6.79,
        "slug": "canela-molida-frasco",
        "description": "Canela Molida Frasco 39 Gr",
        "image": "https:\/\/cdn-consum.aktiosdigitalservices.com\/tol\/consum\/media\/product\/img\/300x300\/7223568.jpg?t=20250206092246"
    },
    {
        "id": 10834,
        "name": "Canela en Rama Frasco DUCROS",
        "price": 2.89,
        "price_kilo": 28.9,
        "slug": "canela-en-rama-frasco",
        "description": "Canela en Rama Frasco 10 Gr",
        "image": "https:\/\/cdn-consum.aktiosdigitalservices.com\/tol\/consum\/media\/product\/img\/300x300\/7223571.jpg?t=20250206092248"
    },
    {
        "id": 10835,
        "name": "Canela 5 Ramas Paquete DUCROS",
        "price": 5.85,
        "price_kilo": 26.59,
        "slug": "canela-5-ramas-paquete",
        "description": "Canela 5 Ramas Paquete 22 Gr",
        "image": "https:\/\/cdn-consum.aktiosdigitalservices.com\/tol\/consum\/media\/product\/img\/300x300\/7223576.jpg?t=20250322075928"
    },
    {
        "id": 10837,
        "name": "Albahaca Frasco DUCROS",
        "price": 2.35,
        "price_kilo": 19.58,
        "slug": "albahaca-frasco",
        "description": "Albahaca Frasco 12 Gr",
        "image": "https:\/\/cdn-consum.aktiosdigitalservices.com\/tol\/consum\/media\/product\/img\/300x300\/7223589.jpg?t=20250311164556"
    },
    {
        "id": 10845,
        "name": "Romero Frasco DUCROS",
        "price": 2.35,
        "price_kilo": 10.22,
        "slug": "romero-frasco",
        "description": "Romero Frasco 23 Gr",
        "image": "https:\/\/cdn-consum.aktiosdigitalservices.com\/tol\/consum\/media\/product\/img\/300x300\/7223659.jpg?t=20241217081048"
    },
    {
        "id": 10847,
        "name": "Pimienta Negra Entera Frasco DUCROS",
        "price": 3.19,
        "price_kilo": 6.65,
        "slug": "pimienta-negra-entera-frasco",
        "description": "Pimienta Negra Entera Frasco 48 Gr",
        "image": "https:\/\/cdn-consum.aktiosdigitalservices.com\/tol\/consum\/media\/product\/img\/300x300\/7223683.jpg?t=20241217081048"
    },
    {
        "id": 10848,
        "name": "Pimienta Cayena Entera Frasco DUCROS",
        "price": 2.35,
        "price_kilo": 21.36,
        "slug": "pimienta-cayena-entera-frasco",
        "description": "Pimienta Cayena Entera Frasco 11 Gr",
        "image": "https:\/\/cdn-consum.aktiosdigitalservices.com\/tol\/consum\/media\/product\/img\/300x300\/7223696.jpg?t=20241217081048"
    },
    {
        "id": 10851,
        "name": "Piment\u00f3n Picante Frasco DUCROS",
        "price": 2.35,
        "price_kilo": 6.35,
        "slug": "pimenton-picante-frasco",
        "description": "Piment\u00f3n Picante Frasco 37 Gr",
        "image": "https:\/\/cdn-consum.aktiosdigitalservices.com\/tol\/consum\/media\/product\/img\/300x300\/7223717.jpg?t=20241217081048"
    },
    {
        "id": 10857,
        "name": "Calamares en Salsa Americana ALBO",
        "price": 2.79,
        "price_kilo": 38.75,
        "slug": "calamares-en-salsa-americana",
        "description": "Calamares en Salsa Americana 72 Gr",
        "image": "https:\/\/cdn-consum.aktiosdigitalservices.com\/tol\/consum\/media\/product\/img\/300x300\/7224314.jpg?t=20250227091742"
    },
    {
        "id": 10860,
        "name": "Gran Salsa Mostaza Bote HELLMANN'S",
        "price": 2.25,
        "price_kilo": 8.75,
        "slug": "gran-salsa-mostaza-bote",
        "description": "Gran Salsa Mostaza Bote 257 Gr",
        "image": "https:\/\/cdn-consum.aktiosdigitalservices.com\/tol\/consum\/media\/product\/img\/300x300\/7224756.jpg?t=20250220080323"
    },
    {
        "id": 10867,
        "name": "Arroz Redondo Paquete BRILLANTE",
        "price": 2.79,
        "price_kilo": 2.79,
        "slug": "arroz-redondo-paquete",
        "description": "Arroz Redondo Paquete 1 Kg",
        "image": "https:\/\/cdn-consum.aktiosdigitalservices.com\/tol\/consum\/media\/product\/img\/300x300\/7225964.jpg?t=20250103081205"
    },
    {
        "id": 10870,
        "name": "Olivada Arbequina Tarro D'ATENEA",
        "price": 1.95,
        "price_kilo": 14.44,
        "slug": "olivada-arbequina-tarro",
        "description": "Olivada Arbequina Tarro 135 Gr",
        "image": "https:\/\/cdn-consum.aktiosdigitalservices.com\/tol\/consum\/media\/product\/img\/300x300\/7227031.jpg?t=20250131075836"
    },
    {
        "id": 10871,
        "name": "Bloc Foie Gras de Pato Lata SOROA",
        "price": 6.99,
        "price_kilo": 53.77,
        "slug": "bloc-foie-gras-de-pato-lata",
        "description": "Bloc Foie Gras de Pato Lata 130 Gr",
        "image": "https:\/\/cdn-consum.aktiosdigitalservices.com\/tol\/consum\/media\/product\/img\/300x300\/7227627.jpg?t=20250131075838"
    },
    {
        "id": 10873,
        "name": "Guisantes Extra Finos Frasco BONDUELLE",
        "price": 3.89,
        "price_kilo": 8.37,
        "slug": "guisantes-extra-finos-frasco",
        "description": "Guisantes Extra Finos Frasco 465 Gr",
        "image": "https:\/\/cdn-consum.aktiosdigitalservices.com\/tol\/consum\/media\/product\/img\/300x300\/7228810.jpg?t=20250318080135"
    },
    {
        "id": 10895,
        "name": "Chorizo Dulce Extra PALACIOS",
        "price": 4.35,
        "price_kilo": 17.4,
        "slug": "chorizo-dulce-extra",
        "description": "Chorizo Dulce Extra 250 Gr",
        "image": "https:\/\/cdn-consum.aktiosdigitalservices.com\/tol\/consum\/media\/product\/img\/300x300\/7235690.jpg?t=20250312160320"
    },
    {
        "id": 10905,
        "name": "Arroz Vaporizado Caja BRILLANTE",
        "price": 1.98,
        "price_kilo": 1.98,
        "slug": "arroz-vaporizado-caja",
        "description": "Arroz Vaporizado Caja 1 Kg",
        "image": "https:\/\/cdn-consum.aktiosdigitalservices.com\/tol\/consum\/media\/product\/img\/300x300\/7237238.jpg?t=20250103081230"
    },
    {
        "id": 10915,
        "name": "Pat\u00e9 Superior Pato MARTIKO",
        "price": 3.99,
        "price_kilo": 26.6,
        "slug": "pate-superior-pato",
        "description": "Pat\u00e9 Superior Pato 2 x 75 Gr",
        "image": "https:\/\/cdn-consum.aktiosdigitalservices.com\/tol\/consum\/media\/product\/img\/300x300\/7239648.jpg?t=20250312160331"
    },
    {
        "id": 10916,
        "name": "Pat\u00e9 Superior Oca MARTIKO",
        "price": 3.99,
        "price_kilo": 26.6,
        "slug": "pate-superior-oca",
        "description": "Pat\u00e9 Superior Oca 2 x 75 Gr",
        "image": "https:\/\/cdn-consum.aktiosdigitalservices.com\/tol\/consum\/media\/product\/img\/300x300\/7239650.jpg?t=20250109100506"
    },
    {
        "id": 10923,
        "name": "Ensalada Mediterr\u00e1nea Frasco BONDUELLE",
        "price": 3.69,
        "price_kilo": 11.9,
        "slug": "ensalada-mediterranea-frasco",
        "description": "Ensalada Mediterr\u00e1nea Frasco 310 Gr",
        "image": "https:\/\/cdn-consum.aktiosdigitalservices.com\/tol\/consum\/media\/product\/img\/300x300\/7240930.jpg?t=20250318080155"
    },
    {
        "id": 10928,
        "name": "Zumo Smoothie Mango  y Maracuy\u00e1 DON SIMON",
        "price": 2.35,
        "price_kilo": 3.13,
        "slug": "zumo-smoothie-mango-y-maracuya",
        "description": "Zumo Smoothie Mango  y Maracuy\u00e1 750 ml",
        "image": "https:\/\/cdn-consum.aktiosdigitalservices.com\/tol\/consum\/media\/product\/img\/300x300\/7242050.jpg?t=20250227092015"
    },
    {
        "id": 10933,
        "name": "Crema de Jam\u00f3n de York Pack de 3 APIS",
        "price": 2.75,
        "price_kilo": 11.46,
        "slug": "crema-de-jamon-de-york-pack-de-3",
        "description": "Crema de Jam\u00f3n de York Pack de 3 3 x 80 Gr",
        "image": "https:\/\/cdn-consum.aktiosdigitalservices.com\/tol\/consum\/media\/product\/img\/300x300\/7243678.jpg?t=20250318080200"
    },
    {
        "id": 10936,
        "name": "Banderillas Picantes Aceite y Sabor Anchoa KIMBO",
        "price": 2.8,
        "price_kilo": 23.33,
        "slug": "banderillas-picantes-aceite-y-sabor-anchoa",
        "description": "Banderillas Picantes Aceite y Sabor Anchoa 120 Gr",
        "image": "https:\/\/cdn-consum.aktiosdigitalservices.com\/tol\/consum\/media\/product\/img\/300x300\/7243819.jpg?t=20250313080339"
    },
    {
        "id": 10937,
        "name": "Vino para Cocinar Blanco Seco Botella LA ABUELA",
        "price": 2.89,
        "price_kilo": 3.85,
        "slug": "vino-para-cocinar-blanco-seco-botella",
        "description": "Vino para Cocinar Blanco Seco Botella 750 ml",
        "image": "https:\/\/cdn-consum.aktiosdigitalservices.com\/tol\/consum\/media\/product\/img\/300x300\/7245298.jpg?t=20250322075936"
    },
    {
        "id": 10939,
        "name": "Hogaza 7 Cereales y Semillas ",
        "price": 2.22,
        "price_kilo": 6.08,
        "slug": "hogaza-7-cereales-y-semillas",
        "description": "Hogaza 7 Cereales y Semillas 384 Gr",
        "image": "https:\/\/cdn-consum.aktiosdigitalservices.com\/tol\/consum\/media\/product\/img\/300x300\/7245954.jpg?t=20250228080127"
    },
    {
        "id": 10940,
        "name": "Paleta Duroc LA HOGUERA",
        "price": 3.29,
        "price_kilo": 32.9,
        "slug": "paleta-duroc",
        "description": "Paleta Duroc 100 Gr",
        "image": "https:\/\/cdn-consum.aktiosdigitalservices.com\/tol\/consum\/media\/product\/img\/300x300\/7246007.jpg?t=20250206092531"
    },
    {
        "id": 10942,
        "name": "Salsa Barbacoa Classic Pet HEINZ",
        "price": 3.49,
        "price_kilo": 7.27,
        "slug": "salsa-barbacoa-classic-pet",
        "description": "Salsa Barbacoa Classic Pet 400 ml",
        "image": "https:\/\/cdn-consum.aktiosdigitalservices.com\/tol\/consum\/media\/product\/img\/300x300\/7247427.jpg?t=20250219080120"
    },
    {
        "id": 10945,
        "name": "Mostaza a la Miel Frasco MAILLE",
        "price": 3.65,
        "price_kilo": 15.87,
        "slug": "mostaza-a-la-miel-frasco",
        "description": "Mostaza a la Miel Frasco 230 Gr",
        "image": "https:\/\/cdn-consum.aktiosdigitalservices.com\/tol\/consum\/media\/product\/img\/300x300\/7248859.jpg?t=20250311105634"
    },
    {
        "id": 10957,
        "name": "Aceituna Gordal Picante sin Hueso Lata BERNAL",
        "price": 2.99,
        "price_kilo": 19.93,
        "slug": "aceituna-gordal-picante-sin-hueso-lata",
        "description": "Aceituna Gordal Picante sin Hueso Lata 150 Gr",
        "image": "https:\/\/cdn-consum.aktiosdigitalservices.com\/tol\/consum\/media\/product\/img\/300x300\/7250488.jpg?t=20250312160405"
    },
    {
        "id": 10959,
        "name": "Preparado para Paella Frasco SABATER",
        "price": 3.09,
        "price_kilo": 58.3,
        "slug": "preparado-para-paella-frasco",
        "description": "Preparado para Paella Frasco 53 Gr",
        "image": "https:\/\/cdn-consum.aktiosdigitalservices.com\/tol\/consum\/media\/product\/img\/300x300\/7251309.jpg?t=20241217081100"
    },
    {
        "id": 10981,
        "name": "Jam\u00f3n Serrano Reserva Como Cortado a Mano BOADAS",
        "price": 2.99,
        "price_kilo": 37.38,
        "slug": "jamon-serrano-reserva-como-cortado-a-mano",
        "description": "Jam\u00f3n Serrano Reserva Como Cortado a Mano 80 Gr",
        "image": "https:\/\/cdn-consum.aktiosdigitalservices.com\/tol\/consum\/media\/product\/img\/300x300\/7257280.jpg?t=20250227092236"
    },
    {
        "id": 10988,
        "name": "Pat\u00e9 de Jam\u00f3n Ib\u00e9rico APIS",
        "price": 1.65,
        "price_kilo": 13.2,
        "slug": "pate-de-jamon-iberico",
        "description": "Pat\u00e9 de Jam\u00f3n Ib\u00e9rico 125 Gr",
        "image": "https:\/\/cdn-consum.aktiosdigitalservices.com\/tol\/consum\/media\/product\/img\/300x300\/7260115.jpg?t=20250318080214"
    },
    {
        "id": 11020,
        "name": "Mini Rosquilla Glas 5 Unidades ",
        "price": 1.69,
        "price_kilo": 11.27,
        "slug": "mini-rosquilla-glas-5-unidades",
        "description": "Mini Rosquilla Glas 5 Unidades 150 Gr",
        "image": "https:\/\/cdn-consum.aktiosdigitalservices.com\/tol\/consum\/media\/product\/img\/300x300\/7263598.jpg?t=20250114084301"
    },
    {
        "id": 11021,
        "name": "Nata Montar Pack de 3 Minibrik CONSUM",
        "price": 2.2,
        "price_kilo": 3.67,
        "slug": "nata-montar-pack-de-3-minibrik",
        "description": "Nata Montar Pack de 3 Minibrik 3 x 200 ml",
        "image": "https:\/\/cdn-consum.aktiosdigitalservices.com\/tol\/consum\/media\/product\/img\/300x300\/7264104.jpg?t=20250311105758"
    },
    {
        "id": 11026,
        "name": "Ensalada Mediterr\u00e1nea CALVO",
        "price": 1.45,
        "price_kilo": 9.67,
        "slug": "ensalada-mediterranea",
        "description": "Ensalada Mediterr\u00e1nea 150 Gr",
        "image": "https:\/\/cdn-consum.aktiosdigitalservices.com\/tol\/consum\/media\/product\/img\/300x300\/7264633.jpg?t=20250220080420"
    },
    {
        "id": 11029,
        "name": "Garbanza Selecci\u00f3n Paquete DON PEDRO",
        "price": 4.11,
        "price_kilo": 4.11,
        "slug": "garbanza-seleccion-paquete",
        "description": "Garbanza Selecci\u00f3n Paquete 1 Kg",
        "image": "https:\/\/cdn-consum.aktiosdigitalservices.com\/tol\/consum\/media\/product\/img\/300x300\/7264914.jpg?t=20250206092853"
    },
    {
        "id": 11033,
        "name": "Salsa Mayonesa Deliciosa HEINZ",
        "price": 2.89,
        "price_kilo": 6.02,
        "slug": "salsa-mayonesa-deliciosa",
        "description": "Salsa Mayonesa Deliciosa 480 ml",
        "image": "https:\/\/cdn-consum.aktiosdigitalservices.com\/tol\/consum\/media\/product\/img\/300x300\/7265622.jpg?t=20250109101058"
    },
    {
        "id": 11034,
        "name": "Aceite de Oliva Virgen Botella CONSUM",
        "price": 13.75,
        "price_kilo": 4.58,
        "slug": "aceite-de-oliva-virgen-botella",
        "description": "Aceite de Oliva Virgen Botella 3 L",
        "image": "https:\/\/cdn-consum.aktiosdigitalservices.com\/tol\/consum\/media\/product\/img\/300x300\/7265689.jpg?t=20250311105821"
    },
    {
        "id": 11035,
        "name": "Aceite de Oliva Virgen Botella CONSUM",
        "price": 2.79,
        "price_kilo": 5.58,
        "slug": "aceite-de-oliva-virgen-botella",
        "description": "Aceite de Oliva Virgen Botella 0,5 L",
        "image": "https:\/\/cdn-consum.aktiosdigitalservices.com\/tol\/consum\/media\/product\/img\/300x300\/7265697.jpg?t=20250311124612"
    },
    {
        "id": 11036,
        "name": "Aceite de Oliva Virgen Extra Cristal CONSUM",
        "price": 6.25,
        "price_kilo": 8.33,
        "slug": "aceite-de-oliva-virgen-extra-cristal",
        "description": "Aceite de Oliva Virgen Extra Cristal 0,75 L",
        "image": "https:\/\/cdn-consum.aktiosdigitalservices.com\/tol\/consum\/media\/product\/img\/300x300\/7265700.jpg?t=20250311124614"
    },
    {
        "id": 11041,
        "name": "Salsa Barbacoa Pet HELLMANN'S",
        "price": 2.25,
        "price_kilo": 7.89,
        "slug": "salsa-barbacoa-pet",
        "description": "Salsa Barbacoa Pet 250 ml",
        "image": "https:\/\/cdn-consum.aktiosdigitalservices.com\/tol\/consum\/media\/product\/img\/300x300\/7266257.jpg?t=20250220080430"
    },
    {
        "id": 11048,
        "name": "Longaniza de Pay\u00e9s BOADAS",
        "price": 1.99,
        "price_kilo": 24.88,
        "slug": "longaniza-de-payes",
        "description": "Longaniza de Pay\u00e9s 80 Gr",
        "image": "https:\/\/cdn-consum.aktiosdigitalservices.com\/tol\/consum\/media\/product\/img\/300x300\/7266380.jpg?t=20250222075840"
    },
    {
        "id": 11066,
        "name": "Queso Lonchas Gouda Light JUAN LUNA",
        "price": 1.65,
        "price_kilo": 16.5,
        "slug": "queso-lonchas-gouda-light",
        "description": "Queso Lonchas Gouda Light 100 Gr",
        "image": "https:\/\/cdn-consum.aktiosdigitalservices.com\/tol\/consum\/media\/product\/img\/300x300\/7268050.jpg?t=20250103081407"
    },
    {
        "id": 11072,
        "name": "Salsa Pesto Tarro GALLO",
        "price": 2.53,
        "price_kilo": 13.32,
        "slug": "salsa-pesto-tarro",
        "description": "Salsa Pesto Tarro 190 Gr",
        "image": "https:\/\/cdn-consum.aktiosdigitalservices.com\/tol\/consum\/media\/product\/img\/300x300\/7268469.jpg?t=20250206092936"
    },
    {
        "id": 11083,
        "name": "La Gula del Norte GULA NORTE",
        "price": 3.19,
        "price_kilo": 31.9,
        "slug": "la-gula-del-norte",
        "description": "La Gula del Norte 100 Gr",
        "image": "https:\/\/cdn-consum.aktiosdigitalservices.com\/tol\/consum\/media\/product\/img\/300x300\/7268824.jpg?t=20250227092411"
    },
    {
        "id": 11091,
        "name": "Pan Hamburguesa R\u00fastico Natural 100% 4U ",
        "price": 1.56,
        "price_kilo": 5.2,
        "slug": "pan-hamburguesa-rustico-natural-100-4u",
        "description": "Pan Hamburguesa R\u00fastico Natural 100% 4U 300 Gr",
        "image": "https:\/\/cdn-consum.aktiosdigitalservices.com\/tol\/consum\/media\/product\/img\/300x300\/7270585.jpg?t=20250312125510"
    },
    {
        "id": 11093,
        "name": "Zumo de Naranja con Pulpa FRUTAE",
        "price": 2.19,
        "price_kilo": 2.92,
        "slug": "zumo-de-naranja-con-pulpa",
        "description": "Zumo de Naranja con Pulpa 750 ml",
        "image": "https:\/\/cdn-consum.aktiosdigitalservices.com\/tol\/consum\/media\/product\/img\/300x300\/7270999.jpg?t=20250314121529"
    },
    {
        "id": 11114,
        "name": "Pera Ercolini ",
        "price": 0.36,
        "price_kilo": 3.6,
        "slug": "pera-ercolini",
        "description": "Pera Ercolini",
        "image": "https:\/\/cdn-consum.aktiosdigitalservices.com\/tol\/consum\/media\/product\/img\/300x300\/16576.jpg?t=20250318080929"
    },
    {
        "id": 11120,
        "name": "Limpiador WC L\u00edquido Oc\u00e9ano PATO",
        "price": 3.19,
        "price_kilo": 4.25,
        "slug": "limpiador-wc-liquido-oceano",
        "description": "Limpiador WC L\u00edquido Oc\u00e9ano 0,75 L",
        "image": "https:\/\/cdn-consum.aktiosdigitalservices.com\/tol\/consum\/media\/product\/img\/300x300\/402073.jpg?t=20250227085945"
    },
    {
        "id": 11121,
        "name": "Recambio Insecticida L\u00edquido 45 Noches BLOOM",
        "price": 5.1,
        "price_kilo": 5.1,
        "slug": "recambio-insecticida-liquido-45-noches",
        "description": "Recambio Insecticida L\u00edquido 45 Noches 1 U",
        "image": "https:\/\/cdn-consum.aktiosdigitalservices.com\/tol\/consum\/media\/product\/img\/300x300\/415182.jpg?t=20250318080931"
    },
    {
        "id": 11126,
        "name": "Crema Hidratante Men NIVEA",
        "price": 9.19,
        "price_kilo": 12.25,
        "slug": "crema-hidratante-men",
        "description": "Crema Hidratante Men 75 ml",
        "image": "https:\/\/cdn-consum.aktiosdigitalservices.com\/tol\/consum\/media\/product\/img\/300x300\/655555.jpg?t=20250102075820"
    },
    {
        "id": 11137,
        "name": "Manteca de Cerdo Ib\u00e9rico LEGADO",
        "price": 3.75,
        "price_kilo": 9.38,
        "slug": "manteca-de-cerdo-iberico",
        "description": "Manteca de Cerdo Ib\u00e9rico 400 Gr",
        "image": "https:\/\/cdn-consum.aktiosdigitalservices.com\/tol\/consum\/media\/product\/img\/300x300\/7019599.jpg?t=20250220080021"
    },
    {
        "id": 11146,
        "name": "Crema Depilatoria Ducha Piel Normal VEET",
        "price": 5.5,
        "price_kilo": 3.67,
        "slug": "crema-depilatoria-ducha-piel-normal",
        "description": "Crema Depilatoria Ducha Piel Normal 150 ml",
        "image": "https:\/\/cdn-consum.aktiosdigitalservices.com\/tol\/consum\/media\/product\/img\/300x300\/7045206.jpg?t=20250313075959"
    },
    {
        "id": 11149,
        "name": "Sopa Juliana TREVIJANO",
        "price": 2.79,
        "price_kilo": 27.9,
        "slug": "sopa-juliana",
        "description": "Sopa Juliana 100 Gr",
        "image": "https:\/\/cdn-consum.aktiosdigitalservices.com\/tol\/consum\/media\/product\/img\/300x300\/7053452.jpg?t=20250103080339"
    },
    {
        "id": 11152,
        "name": "Recambio Insecticida N&D RAID",
        "price": 6.35,
        "price_kilo": 6.35,
        "slug": "recambio-insecticida-nd",
        "description": "Recambio Insecticida N&D 1 U",
        "image": "https:\/\/cdn-consum.aktiosdigitalservices.com\/tol\/consum\/media\/product\/img\/300x300\/7066348.jpg?t=20250320075803"
    },
    {
        "id": 11161,
        "name": "Vela en Vaso Satinado Frutas del Bosque ROURA",
        "price": 1.95,
        "price_kilo": 1.95,
        "slug": "vela-en-vaso-satinado-frutas-del-bosque",
        "description": "Vela en Vaso Satinado Frutas del Bosque 1 U",
        "image": "https:\/\/cdn-consum.aktiosdigitalservices.com\/tol\/consum\/media\/product\/img\/300x300\/7092245.jpg?t=20241224080930"
    },
    {
        "id": 11162,
        "name": "Tomate Deshidratado Bandeja TREVIJANO",
        "price": 3.31,
        "price_kilo": 47.29,
        "slug": "tomate-deshidratado-bandeja",
        "description": "Tomate Deshidratado Bandeja 70 Gr",
        "image": "https:\/\/cdn-consum.aktiosdigitalservices.com\/tol\/consum\/media\/product\/img\/300x300\/7094550.jpg?t=20250224075641"
    },
    {
        "id": 11167,
        "name": "Barritas con Vitaminas para Periquitos VITAKRAFT",
        "price": 1.38,
        "price_kilo": 0.69,
        "slug": "barritas-con-vitaminas-para-periquitos",
        "description": "Barritas con Vitaminas para Periquitos 2 U",
        "image": "https:\/\/cdn-consum.aktiosdigitalservices.com\/tol\/consum\/media\/product\/img\/300x300\/7104268.jpg?t=20241217081020"
    },
    {
        "id": 11172,
        "name": "Hierba Gatos VITAKRAFT",
        "price": 3.65,
        "price_kilo": 30.42,
        "slug": "hierba-gatos",
        "description": "Hierba Gatos 120 Gr",
        "image": "https:\/\/cdn-consum.aktiosdigitalservices.com\/tol\/consum\/media\/product\/img\/300x300\/7104359.jpg?t=20250304115711"
    },
    {
        "id": 11173,
        "name": "Comida Seca Gatos Ultima de Pollo ULTIMA",
        "price": 9.99,
        "price_kilo": 6.66,
        "slug": "comida-seca-gatos-ultima-de-pollo",
        "description": "Comida Seca Gatos Ultima de Pollo 1,5 Kg",
        "image": "https:\/\/cdn-consum.aktiosdigitalservices.com\/tol\/consum\/media\/product\/img\/300x300\/7105435.jpg?t=20250227090708"
    },
    {
        "id": 11176,
        "name": "Risotto de Hongos TREVIJANO",
        "price": 3.45,
        "price_kilo": 12.32,
        "slug": "risotto-de-hongos",
        "description": "Risotto de Hongos 280 Gr",
        "image": "https:\/\/cdn-consum.aktiosdigitalservices.com\/tol\/consum\/media\/product\/img\/300x300\/7110658.jpg?t=20250311164542"
    },
    {
        "id": 11179,
        "name": "Longaniza de Pay\u00e9s SOL\u00c0",
        "price": 4.85,
        "price_kilo": 19.4,
        "slug": "longaniza-de-payes",
        "description": "Longaniza de Pay\u00e9s 250 Gr",
        "image": "https:\/\/cdn-consum.aktiosdigitalservices.com\/tol\/consum\/media\/product\/img\/300x300\/7134505.jpg?t=20250312160028"
    },
    {
        "id": 11181,
        "name": "Risotto Mediterr\u00e1neo TREVIJANO",
        "price": 3.45,
        "price_kilo": 12.32,
        "slug": "risotto-mediterraneo",
        "description": "Risotto Mediterr\u00e1neo 280 Gr",
        "image": "https:\/\/cdn-consum.aktiosdigitalservices.com\/tol\/consum\/media\/product\/img\/300x300\/7135135.jpg?t=20250213075921"
    },
    {
        "id": 11182,
        "name": "Recetas Caseras Lentejas con Verduritas HERO",
        "price": 2.99,
        "price_kilo": 7.87,
        "slug": "recetas-caseras-lentejas-con-verduritas",
        "description": "Recetas Caseras Lentejas con Verduritas 2 x 190 Gr",
        "image": "https:\/\/cdn-consum.aktiosdigitalservices.com\/tol\/consum\/media\/product\/img\/300x300\/7144462.jpg?t=20250311133356"
    },
    {
        "id": 11187,
        "name": "Bracitos Trufa Chocolate DULCESOL",
        "price": 1,
        "price_kilo": 7.14,
        "slug": "bracitos-trufa-chocolate",
        "description": "Bracitos Trufa Chocolate 140 Gr",
        "image": "https:\/\/cdn-consum.aktiosdigitalservices.com\/tol\/consum\/media\/product\/img\/300x300\/7152473.jpg?t=20250311104656"
    },
    {
        "id": 11192,
        "name": "Comida Seca Perros Ultima Senior ULTIMA",
        "price": 14.95,
        "price_kilo": 4.98,
        "slug": "comida-seca-perros-ultima-senior",
        "description": "Comida Seca Perros Ultima Senior 3 Kg",
        "image": "https:\/\/cdn-consum.aktiosdigitalservices.com\/tol\/consum\/media\/product\/img\/300x300\/7156904.jpg?t=20250304115714"
    },
    {
        "id": 11194,
        "name": "Champi\u00f1\u00f3n Mini Frasco BONDUELLE",
        "price": 2.49,
        "price_kilo": 14.65,
        "slug": "champinon-mini-frasco",
        "description": "Champi\u00f1\u00f3n Mini Frasco 170 Gr",
        "image": "https:\/\/cdn-consum.aktiosdigitalservices.com\/tol\/consum\/media\/product\/img\/300x300\/7162576.jpg?t=20241217081027"
    },
    {
        "id": 11209,
        "name": "Sobrasada Picante ZAGAL",
        "price": 2.65,
        "price_kilo": 13.25,
        "slug": "sobrasada-picante",
        "description": "Sobrasada Picante 200 Gr",
        "image": "https:\/\/cdn-consum.aktiosdigitalservices.com\/tol\/consum\/media\/product\/img\/300x300\/7177298.jpg?t=20241217081031"
    },
    {
        "id": 11229,
        "name": "Tabla de Surtido Ib\u00e9rico de Cebo MONTARAZ",
        "price": 5.49,
        "price_kilo": 45.75,
        "slug": "tabla-de-surtido-iberico-de-cebo",
        "description": "Tabla de Surtido Ib\u00e9rico de Cebo 120 Gr",
        "image": "https:\/\/cdn-consum.aktiosdigitalservices.com\/tol\/consum\/media\/product\/img\/300x300\/7200207.jpg?t=20250109095655"
    },
    {
        "id": 11230,
        "name": "Licor Hierbas J\u00c4GERMEISTER",
        "price": 14.69,
        "price_kilo": 20.99,
        "slug": "licor-hierbas",
        "description": "Licor Hierbas 0,7 L",
        "image": "https:\/\/cdn-consum.aktiosdigitalservices.com\/tol\/consum\/media\/product\/img\/300x300\/7200538.jpg?t=20250304110314"
    },
    {
        "id": 11232,
        "name": "Alga Wakame Deshidratada. Bandeja TREVIJANO",
        "price": 2.75,
        "price_kilo": 55,
        "slug": "alga-wakame-deshidratada-bandeja",
        "description": "Alga Wakame Deshidratada. Bandeja 50 Gr",
        "image": "https:\/\/cdn-consum.aktiosdigitalservices.com\/tol\/consum\/media\/product\/img\/300x300\/7201754.jpg?t=20250318080935"
    },
    {
        "id": 11233,
        "name": "Cous Cous Marroqu\u00ed TREVIJANO",
        "price": 3.65,
        "price_kilo": 12.17,
        "slug": "cous-cous-marroqui",
        "description": "Cous Cous Marroqu\u00ed 300 Gr",
        "image": "https:\/\/cdn-consum.aktiosdigitalservices.com\/tol\/consum\/media\/product\/img\/300x300\/7201767.jpg?t=20250311164555"
    },
    {
        "id": 11237,
        "name": "Snacks para Gatos Felix Party Mix Original FELIX",
        "price": 1.95,
        "price_kilo": 32.5,
        "slug": "snacks-para-gatos-felix-party-mix-original",
        "description": "Snacks para Gatos Felix Party Mix Original 60 Gr",
        "image": "https:\/\/cdn-consum.aktiosdigitalservices.com\/tol\/consum\/media\/product\/img\/300x300\/7207574.jpg?t=20250207075944"
    },
    {
        "id": 11238,
        "name": "Chorizo de Jabugo Pieza CUYAR",
        "price": 2.29,
        "price_kilo": 19.08,
        "slug": "chorizo-de-jabugo-pieza",
        "description": "Chorizo de Jabugo Pieza 120 Gr",
        "image": "https:\/\/cdn-consum.aktiosdigitalservices.com\/tol\/consum\/media\/product\/img\/300x300\/7207624.jpg?t=20241217081041"
    },
    {
        "id": 11241,
        "name": "Snack Dental Perros Dentastix Perros Grande PEDIGREE",
        "price": 3.49,
        "price_kilo": 0.5,
        "slug": "snack-dental-perros-dentastix-perros-grande",
        "description": "Snack Dental Perros Dentastix Perros Grandes 270 Gr",
        "image": "https:\/\/cdn-consum.aktiosdigitalservices.com\/tol\/consum\/media\/product\/img\/300x300\/7211139.jpg?t=20250210075746"
    },
    {
        "id": 11242,
        "name": "Snacks Dental Multipack Dentastix Perro mediano PEDIGREE",
        "price": 10.99,
        "price_kilo": 0.39,
        "slug": "snacks-dental-multipack-dentastix-perro-mediano",
        "description": "Snacks Dental Multipack Dentastix Perro mediano 720 Gr",
        "image": "https:\/\/cdn-consum.aktiosdigitalservices.com\/tol\/consum\/media\/product\/img\/300x300\/7211162.jpg?t=20250210075748"
    },
    {
        "id": 11257,
        "name": "Cous Cous Mediterr\u00e1neo TREVIJANO",
        "price": 3.65,
        "price_kilo": 12.17,
        "slug": "cous-cous-mediterraneo",
        "description": "Cous Cous Mediterr\u00e1neo 300 Gr",
        "image": "https:\/\/cdn-consum.aktiosdigitalservices.com\/tol\/consum\/media\/product\/img\/300x300\/7217305.jpg?t=20250103081101"
    },
    {
        "id": 11262,
        "name": "Zanahoria Rallada Frasco BONDUELLE",
        "price": 2.75,
        "price_kilo": 9.82,
        "slug": "zanahoria-rallada-frasco",
        "description": "Zanahoria Rallada Frasco 280 Gr",
        "image": "https:\/\/cdn-consum.aktiosdigitalservices.com\/tol\/consum\/media\/product\/img\/300x300\/7230225.jpg?t=20250220080327"
    },
    {
        "id": 11285,
        "name": "Rovell\u00f3n Entero Extra Frasco EMPERATRIZ",
        "price": 3.79,
        "price_kilo": 21.06,
        "slug": "rovellon-entero-extra-frasco",
        "description": "Rovell\u00f3n Entero Extra Frasco 180 Gr",
        "image": "https:\/\/cdn-consum.aktiosdigitalservices.com\/tol\/consum\/media\/product\/img\/300x300\/7241198.jpg?t=20241217081056"
    },
    {
        "id": 11286,
        "name": "Rovell\u00f3n Trozos Frasco EMPERATRIZ",
        "price": 2.99,
        "price_kilo": 16.61,
        "slug": "rovellon-trozos-frasco",
        "description": "Rovell\u00f3n Trozos Frasco 180 Gr",
        "image": "https:\/\/cdn-consum.aktiosdigitalservices.com\/tol\/consum\/media\/product\/img\/300x300\/7241201.jpg?t=20241217081056"
    },
    {
        "id": 11293,
        "name": "Picatostes Natural RECONDO",
        "price": 1.41,
        "price_kilo": 17.63,
        "slug": "picatostes-natural",
        "description": "Picatostes Natural 80 Gr",
        "image": "https:\/\/cdn-consum.aktiosdigitalservices.com\/tol\/consum\/media\/product\/img\/300x300\/7245223.jpg?t=20250311105601"
    },
    {
        "id": 11296,
        "name": "Cargador Maquinilla 5H GT5 NEXTGEN",
        "price": 4.99,
        "price_kilo": 1.25,
        "slug": "cargador-maquinilla-5h-gt5",
        "description": "Cargador Maquinilla 5H GT5 4 U",
        "image": "https:\/\/cdn-consum.aktiosdigitalservices.com\/tol\/consum\/media\/product\/img\/300x300\/7245798.jpg?t=20241217081057"
    },
    {
        "id": 11297,
        "name": "Soluci\u00f3n \u00danica Viaje Lentes Contacto Blandas SENTI-2",
        "price": 3.75,
        "price_kilo": 6.25,
        "slug": "solucion-unica-viaje-lentes-contacto-blandas",
        "description": "Soluci\u00f3n \u00danica Viaje Lentes Contacto Blandas 60 ml",
        "image": "https:\/\/cdn-consum.aktiosdigitalservices.com\/tol\/consum\/media\/product\/img\/300x300\/7246473.jpg?t=20241217081057"
    },
    {
        "id": 11299,
        "name": "Enjuague Bucal Cuidado Total LISTERINE",
        "price": 1.75,
        "price_kilo": 1.84,
        "slug": "enjuague-bucal-cuidado-total",
        "description": "Enjuague Bucal Cuidado Total 95 ml",
        "image": "https:\/\/cdn-consum.aktiosdigitalservices.com\/tol\/consum\/media\/product\/img\/300x300\/7248466.jpg?t=20250128080557"
    },
    {
        "id": 11301,
        "name": "Cuchilla Universal Doble Hoja NEXTGEN",
        "price": 2.25,
        "price_kilo": 0.23,
        "slug": "cuchilla-universal-doble-hoja",
        "description": "Cuchilla Universal Doble Hoja 10 U",
        "image": "https:\/\/cdn-consum.aktiosdigitalservices.com\/tol\/consum\/media\/product\/img\/300x300\/7249345.jpg?t=20241217081059"
    },
    {
        "id": 11320,
        "name": "Sopa de Quinoa Deshidratada Bandeja TREVIJANO",
        "price": 3.35,
        "price_kilo": 16.75,
        "slug": "sopa-de-quinoa-deshidratada-bandeja",
        "description": "Sopa de Quinoa Deshidratada Bandeja 200 Gr",
        "image": "https:\/\/cdn-consum.aktiosdigitalservices.com\/tol\/consum\/media\/product\/img\/300x300\/7255586.jpg?t=20250311164600"
    },
    {
        "id": 11325,
        "name": "Guante Satinado Sensible L\u00e1tex T-Media CONSUM",
        "price": 0.75,
        "price_kilo": 0.75,
        "slug": "guante-satinado-sensible-latex-t-media",
        "description": "Guante Satinado Sensible L\u00e1tex T-Media 1 U",
        "image": "https:\/\/cdn-consum.aktiosdigitalservices.com\/tol\/consum\/media\/product\/img\/300x300\/7258754.jpg?t=20241217081104"
    },
    {
        "id": 11336,
        "name": "Comida Seca Perros Mini Light ULTIMA",
        "price": 8.99,
        "price_kilo": 5.99,
        "slug": "comida-seca-perros-mini-light",
        "description": "Comida Seca Perros Mini Light 1,5 Kg",
        "image": "https:\/\/cdn-consum.aktiosdigitalservices.com\/tol\/consum\/media\/product\/img\/300x300\/7261233.jpg?t=20250218080526"
    },
    {
        "id": 11337,
        "name": "Comida Seca Perro Dog Light ULTIMA",
        "price": 14.95,
        "price_kilo": 4.98,
        "slug": "comida-seca-perro-dog-light",
        "description": "Comida Seca Perro Dog Light 3 Kg",
        "image": "https:\/\/cdn-consum.aktiosdigitalservices.com\/tol\/consum\/media\/product\/img\/300x300\/7261238.jpg?t=20250311164600"
    },
    {
        "id": 11339,
        "name": "Comida Seca Gatos Esterilizados Buey ULTIMA",
        "price": 5.99,
        "price_kilo": 7.49,
        "slug": "comida-seca-gatos-esterilizados-buey",
        "description": "Comida Seca Gatos Esterilizados Buey 800 Gr",
        "image": "https:\/\/cdn-consum.aktiosdigitalservices.com\/tol\/consum\/media\/product\/img\/300x300\/7261253.jpg?t=20250218080528"
    },
    {
        "id": 11353,
        "name": "Crema en Gel Men Piel Sensible VEET",
        "price": 5.3,
        "price_kilo": 2.65,
        "slug": "crema-en-gel-men-piel-sensible",
        "description": "Crema en Gel Men Piel Sensible 200 ml",
        "image": "https:\/\/cdn-consum.aktiosdigitalservices.com\/tol\/consum\/media\/product\/img\/300x300\/7264047.jpg?t=20250303075825"
    },
    {
        "id": 11366,
        "name": "Comida Seca Perro Buey y Verduras Dog Men\u00fa DOG MENU",
        "price": 7.99,
        "price_kilo": 2.66,
        "slug": "comida-seca-perro-buey-y-verduras-dog-menu",
        "description": "Comida Seca Perro Buey y Verduras Dog Men\u00fa 3 Kg",
        "image": "https:\/\/cdn-consum.aktiosdigitalservices.com\/tol\/consum\/media\/product\/img\/300x300\/7265002.jpg?t=20241217081107"
    },
    {
        "id": 11369,
        "name": "Aceite Oliva Virgen Extra Botella CONSUM",
        "price": 5.85,
        "price_kilo": 5.85,
        "slug": "aceite-oliva-virgen-extra-botella",
        "description": "Aceite Oliva Virgen Extra Botella 1 L",
        "image": "https:\/\/cdn-consum.aktiosdigitalservices.com\/tol\/consum\/media\/product\/img\/300x300\/7265705.jpg?t=20250311105824"
    },
    {
        "id": 11396,
        "name": "Limpiacristales LUMINIA",
        "price": 2.69,
        "price_kilo": 3.59,
        "slug": "limpiacristales",
        "description": "Limpiacristales 750 ml",
        "image": "https:\/\/cdn-consum.aktiosdigitalservices.com\/tol\/consum\/media\/product\/img\/300x300\/7269686.jpg?t=20250227092413"
    },
    {
        "id": 11402,
        "name": "Mousse Depilaci\u00f3n Mujer LEA",
        "price": 1.85,
        "price_kilo": 1.85,
        "slug": "mousse-depilacion-mujer",
        "description": "Mousse Depilaci\u00f3n Mujer 100 ml",
        "image": "https:\/\/cdn-consum.aktiosdigitalservices.com\/tol\/consum\/media\/product\/img\/300x300\/7271885.jpg?t=20250304111359"
    },
    {
        "id": 11415,
        "name": "Picos Gourmet ",
        "price": 1.79,
        "price_kilo": 12.79,
        "slug": "picos-gourmet",
        "description": "Picos Gourmet 140 Gr",
        "image": "https:\/\/cdn-consum.aktiosdigitalservices.com\/tol\/consum\/media\/product\/img\/300x300\/7272644.jpg?t=20250228080219"
    },
    {
        "id": 11425,
        "name": "Limpia M\u00e1quinas Lavavajillas SOMAT",
        "price": 4.09,
        "price_kilo": 1.36,
        "slug": "limpia-maquinas-lavavajillas",
        "description": "Limpia M\u00e1quinas Lavavajillas 3 U",
        "image": "https:\/\/cdn-consum.aktiosdigitalservices.com\/tol\/consum\/media\/product\/img\/300x300\/7273167.jpg?t=20250312092756"
    },
    {
        "id": 11443,
        "name": "Whisky Scocth Black. 12 A\u00f1os J.WALKER",
        "price": 29.99,
        "price_kilo": 42.84,
        "slug": "whisky-scocth-black-12-anos",
        "description": "Whisky Scocth Black. 12 A\u00f1os 0,7 L",
        "image": "https:\/\/cdn-consum.aktiosdigitalservices.com\/tol\/consum\/media\/product\/img\/300x300\/315614.jpg?t=20250320075624"
    },
    {
        "id": 11446,
        "name": "Pachar\u00e1n ZOCO",
        "price": 11.25,
        "price_kilo": 11.25,
        "slug": "pacharan",
        "description": "Pachar\u00e1n 1 L",
        "image": "https:\/\/cdn-consum.aktiosdigitalservices.com\/tol\/consum\/media\/product\/img\/300x300\/317230.jpg?t=20250311164531"
    },
    {
        "id": 11447,
        "name": "Licor Cointreau COINTREAU",
        "price": 18.59,
        "price_kilo": 26.56,
        "slug": "licor-cointreau",
        "description": "Licor Cointreau 0,7 L",
        "image": "https:\/\/cdn-consum.aktiosdigitalservices.com\/tol\/consum\/media\/product\/img\/300x300\/317354.jpg?t=20250227085836"
    },
    {
        "id": 11448,
        "name": "Licor 43 43",
        "price": 14.99,
        "price_kilo": 21.41,
        "slug": "licor-43",
        "description": "Licor 43 0,7 L",
        "image": "https:\/\/cdn-consum.aktiosdigitalservices.com\/tol\/consum\/media\/product\/img\/300x300\/317388.jpg?t=20250318080929"
    },
    {
        "id": 11450,
        "name": "Brandy Reserva C.MENDOZA",
        "price": 25.85,
        "price_kilo": 36.93,
        "slug": "brandy-reserva",
        "description": "Brandy Reserva 0,7 L",
        "image": "https:\/\/cdn-consum.aktiosdigitalservices.com\/tol\/consum\/media\/product\/img\/300x300\/324780.jpg?t=20250109092900"
    },
    {
        "id": 11460,
        "name": "Whisky Malta 12 A\u00f1os CARDHU",
        "price": 39.99,
        "price_kilo": 57.13,
        "slug": "whisky-malta-12-anos",
        "description": "Whisky Malta 12 A\u00f1os 0,7 L",
        "image": "https:\/\/cdn-consum.aktiosdigitalservices.com\/tol\/consum\/media\/product\/img\/300x300\/373126.jpg?t=20250312124809"
    },
    {
        "id": 11461,
        "name": "Whisky Tennessee JACK DANIELS",
        "price": 23.25,
        "price_kilo": 33.21,
        "slug": "whisky-tennessee",
        "description": "Whisky Tennessee 0,7 L",
        "image": "https:\/\/cdn-consum.aktiosdigitalservices.com\/tol\/consum\/media\/product\/img\/300x300\/384073.jpg?t=20250227085937"
    },
    {
        "id": 11463,
        "name": "Ron Venezolano CACIQUE",
        "price": 14.49,
        "price_kilo": 20.7,
        "slug": "ron-venezolano",
        "description": "Ron Venezolano 0,7 L",
        "image": "https:\/\/cdn-consum.aktiosdigitalservices.com\/tol\/consum\/media\/product\/img\/300x300\/506279.jpg?t=20250318080931"
    },
    {
        "id": 11464,
        "name": "Licor de Crema Catalana MELODY",
        "price": 9.69,
        "price_kilo": 13.84,
        "slug": "licor-de-crema-catalana",
        "description": "Licor de Crema Catalana 0,7 L",
        "image": "https:\/\/cdn-consum.aktiosdigitalservices.com\/tol\/consum\/media\/product\/img\/300x300\/684936.jpg?t=20250311164534"
    },
    {
        "id": 11465,
        "name": "Ron Dominicano BARCEL\u00d3",
        "price": 15.15,
        "price_kilo": 21.64,
        "slug": "ron-dominicano",
        "description": "Ron Dominicano 0,7 L",
        "image": "https:\/\/cdn-consum.aktiosdigitalservices.com\/tol\/consum\/media\/product\/img\/300x300\/817064.jpg?t=20250128075655"
    },
    {
        "id": 11467,
        "name": "Aperitivo Licor de Caf\u00e9 CEROL",
        "price": 5.9,
        "price_kilo": 5.9,
        "slug": "aperitivo-licor-de-cafe",
        "description": "Aperitivo Licor de Caf\u00e9 1 L",
        "image": "https:\/\/cdn-consum.aktiosdigitalservices.com\/tol\/consum\/media\/product\/img\/300x300\/843771.jpg?t=20250311164534"
    },
    {
        "id": 11468,
        "name": "Ron Caribe\u00f1o MALIBU",
        "price": 12.95,
        "price_kilo": 18.5,
        "slug": "ron-caribeno",
        "description": "Ron Caribe\u00f1o 0,7 L",
        "image": "https:\/\/cdn-consum.aktiosdigitalservices.com\/tol\/consum\/media\/product\/img\/300x300\/861583.jpg?t=20250314121245"
    },
    {
        "id": 11470,
        "name": "Leche Continuaci\u00f3n 2 Polvo NATIVA",
        "price": 11.95,
        "price_kilo": 14.94,
        "slug": "leche-continuacion-2-polvo",
        "description": "Leche Continuaci\u00f3n 2 Polvo 800 Gr",
        "image": "https:\/\/cdn-consum.aktiosdigitalservices.com\/tol\/consum\/media\/product\/img\/300x300\/874206.jpg?t=20250322075715"
    },
    {
        "id": 11476,
        "name": "Crema de Membrillo EL QUIJOTE",
        "price": 2.55,
        "price_kilo": 6.38,
        "slug": "crema-de-membrillo",
        "description": "Crema de Membrillo 400 Gr",
        "image": "https:\/\/cdn-consum.aktiosdigitalservices.com\/tol\/consum\/media\/product\/img\/300x300\/970673.jpg?t=20250311103516"
    },
    {
        "id": 11477,
        "name": "Vodka ABSOLUT",
        "price": 15.29,
        "price_kilo": 21.84,
        "slug": "vodka",
        "description": "Vodka 0,7 L",
        "image": "https:\/\/cdn-consum.aktiosdigitalservices.com\/tol\/consum\/media\/product\/img\/300x300\/976456.jpg?t=20250109093434"
    },
    {
        "id": 11480,
        "name": "Tequila Especial Oro JOSE CUERVO",
        "price": 16.9,
        "price_kilo": 24.14,
        "slug": "tequila-especial-oro",
        "description": "Tequila Especial Oro 0,7 L",
        "image": "https:\/\/cdn-consum.aktiosdigitalservices.com\/tol\/consum\/media\/product\/img\/300x300\/1509900.jpg?t=20250312124914"
    },
    {
        "id": 11481,
        "name": "Ginebra BOMBAY SAPPH",
        "price": 18.99,
        "price_kilo": 27.13,
        "slug": "ginebra",
        "description": "Ginebra 0,7 L",
        "image": "https:\/\/cdn-consum.aktiosdigitalservices.com\/tol\/consum\/media\/product\/img\/300x300\/1522804.jpg?t=20250227090153"
    },
    {
        "id": 11484,
        "name": "Refresco Mandarina Refrigerado SIMON LIFE",
        "price": 1.85,
        "price_kilo": 1.23,
        "slug": "refresco-mandarina-refrigerado",
        "description": "Refresco Mandarina Refrigerado 1,5 L",
        "image": "https:\/\/cdn-consum.aktiosdigitalservices.com\/tol\/consum\/media\/product\/img\/300x300\/3218401.jpg?t=20250225080331"
    },
    {
        "id": 11486,
        "name": "Cerveza Negra Irlandesa Lata GUINNESS",
        "price": 2.89,
        "price_kilo": 6.57,
        "slug": "cerveza-negra-irlandesa-lata",
        "description": "Cerveza Negra Irlandesa Lata 0,44 L",
        "image": "https:\/\/cdn-consum.aktiosdigitalservices.com\/tol\/consum\/media\/product\/img\/300x300\/4212726.jpg?t=20241217080958"
    },
    {
        "id": 11487,
        "name": "An\u00eds Seco TENIS",
        "price": 12.3,
        "price_kilo": 12.3,
        "slug": "anis-seco",
        "description": "An\u00eds Seco 1 L",
        "image": "https:\/\/cdn-consum.aktiosdigitalservices.com\/tol\/consum\/media\/product\/img\/300x300\/4284535.jpg?t=20241217080958"
    },
    {
        "id": 11492,
        "name": "An\u00eds Dulce FERRI",
        "price": 7.49,
        "price_kilo": 7.49,
        "slug": "anis-dulce",
        "description": "An\u00eds Dulce 1 L",
        "image": "https:\/\/cdn-consum.aktiosdigitalservices.com\/tol\/consum\/media\/product\/img\/300x300\/7002801.jpg?t=20241217081000"
    },
    {
        "id": 11493,
        "name": "Aperitivo de An\u00eds RICARD",
        "price": 12.7,
        "price_kilo": 18.14,
        "slug": "aperitivo-de-anis",
        "description": "Aperitivo de An\u00eds 0,7 L",
        "image": "https:\/\/cdn-consum.aktiosdigitalservices.com\/tol\/consum\/media\/product\/img\/300x300\/7004018.jpg?t=20250319075739"
    },
    {
        "id": 11494,
        "name": "Dulce de Frutas EL QUIJOTE",
        "price": 2.39,
        "price_kilo": 5.98,
        "slug": "dulce-de-frutas",
        "description": "Dulce de Frutas 400 Gr",
        "image": "https:\/\/cdn-consum.aktiosdigitalservices.com\/tol\/consum\/media\/product\/img\/300x300\/7016090.jpg?t=20250311103757"
    },
    {
        "id": 11496,
        "name": "Tinta de Sepia NORTINDAL",
        "price": 2.15,
        "price_kilo": 6.72,
        "slug": "tinta-de-sepia",
        "description": "Tinta de Sepia 32 Gr",
        "image": "https:\/\/cdn-consum.aktiosdigitalservices.com\/tol\/consum\/media\/product\/img\/300x300\/7017684.jpg?t=20250311103802"
    },
    {
        "id": 11504,
        "name": "Edulcorante Sacarina en Polvo CONSUM",
        "price": 1.59,
        "price_kilo": 21.2,
        "slug": "edulcorante-sacarina-en-polvo",
        "description": "Edulcorante Sacarina en Polvo 75 Gr",
        "image": "https:\/\/cdn-consum.aktiosdigitalservices.com\/tol\/consum\/media\/product\/img\/300x300\/7069537.jpg?t=20250311104056"
    },
    {
        "id": 11507,
        "name": "Crema Orujo RUAVIEJA",
        "price": 13.3,
        "price_kilo": 19,
        "slug": "crema-orujo",
        "description": "Crema Orujo 0,7 L",
        "image": "https:\/\/cdn-consum.aktiosdigitalservices.com\/tol\/consum\/media\/product\/img\/300x300\/7077456.jpg?t=20250319075758"
    },
    {
        "id": 11508,
        "name": "Cerezas Rojas Alm\u00edbar Frasco HELIOS",
        "price": 1.95,
        "price_kilo": 21.67,
        "slug": "cerezas-rojas-almibar-frasco",
        "description": "Cerezas Rojas Alm\u00edbar Frasco 90 Gr",
        "image": "https:\/\/cdn-consum.aktiosdigitalservices.com\/tol\/consum\/media\/product\/img\/300x300\/7081680.jpg?t=20250311104240"
    },
    {
        "id": 11509,
        "name": "Leche y Cereales con Galleta Pack 2 NESTLE",
        "price": 2.55,
        "price_kilo": 5.1,
        "slug": "leche-y-cereales-con-galleta-pack-2",
        "description": "Leche y Cereales con Galleta Pack 2 2 x 250 ml",
        "image": "https:\/\/cdn-consum.aktiosdigitalservices.com\/tol\/consum\/media\/product\/img\/300x300\/7082451.jpg?t=20250311164541"
    },
    {
        "id": 11511,
        "name": "Brandy Solera Reserva ALFONSO I",
        "price": 5.9,
        "price_kilo": 8.43,
        "slug": "brandy-solera-reserva",
        "description": "Brandy Solera Reserva 0,7 L",
        "image": "https:\/\/cdn-consum.aktiosdigitalservices.com\/tol\/consum\/media\/product\/img\/300x300\/7082498.jpg?t=20241217081016"
    },
    {
        "id": 11512,
        "name": "Licor de Ponche WILLIAMS",
        "price": 8,
        "price_kilo": 8,
        "slug": "licor-de-ponche",
        "description": "Licor de Ponche 1 L",
        "image": "https:\/\/cdn-consum.aktiosdigitalservices.com\/tol\/consum\/media\/product\/img\/300x300\/7082501.jpg?t=20241217081016"
    },
    {
        "id": 11514,
        "name": "Licor de Manzana Verde GINERS",
        "price": 3.59,
        "price_kilo": 5.13,
        "slug": "licor-de-manzana-verde",
        "description": "Licor de Manzana Verde 0,7 L",
        "image": "https:\/\/cdn-consum.aktiosdigitalservices.com\/tol\/consum\/media\/product\/img\/300x300\/7088532.jpg?t=20241217081017"
    },
    {
        "id": 11515,
        "name": "Licor de Melocot\u00f3n GINERS",
        "price": 3.59,
        "price_kilo": 5.13,
        "slug": "licor-de-melocoton",
        "description": "Licor de Melocot\u00f3n 0,7 L",
        "image": "https:\/\/cdn-consum.aktiosdigitalservices.com\/tol\/consum\/media\/product\/img\/300x300\/7088537.jpg?t=20241217081017"
    },
    {
        "id": 11518,
        "name": "Whisky Bourbon Americano JIM BEAN",
        "price": 15.75,
        "price_kilo": 22.5,
        "slug": "whisky-bourbon-americano",
        "description": "Whisky Bourbon Americano 0,7 L",
        "image": "https:\/\/cdn-consum.aktiosdigitalservices.com\/tol\/consum\/media\/product\/img\/300x300\/7094233.jpg?t=20250227090647"
    },
    {
        "id": 11522,
        "name": "Compota Pera y Manzana sin Fr\u00edo Pack de 2 ANELA",
        "price": 1.4,
        "price_kilo": 7,
        "slug": "compota-pera-y-manzana-sin-frio-pack-de-2",
        "description": "Compota Pera y Manzana sin Fr\u00edo Pack de 2 2 x 100 Gr",
        "image": "https:\/\/cdn-consum.aktiosdigitalservices.com\/tol\/consum\/media\/product\/img\/300x300\/7102957.jpg?t=20250311133308"
    },
    {
        "id": 11524,
        "name": "Licor Limoncello VILLA MASSA",
        "price": 15.95,
        "price_kilo": 22.79,
        "slug": "licor-limoncello",
        "description": "Licor Limoncello 0,7 L",
        "image": "https:\/\/cdn-consum.aktiosdigitalservices.com\/tol\/consum\/media\/product\/img\/300x300\/7103047.jpg?t=20250304105500"
    },
    {
        "id": 11535,
        "name": "Leche y Cereales con Miel Pack 2 NESTLE",
        "price": 2.55,
        "price_kilo": 5.1,
        "slug": "leche-y-cereales-con-miel-pack-2",
        "description": "Leche y Cereales con Miel Pack 2 2 x 250 ml",
        "image": "https:\/\/cdn-consum.aktiosdigitalservices.com\/tol\/consum\/media\/product\/img\/300x300\/7104073.jpg?t=20250311104410"
    },
    {
        "id": 11536,
        "name": "Papilla 8 Cereales Galleta NESTLE",
        "price": 3.95,
        "price_kilo": 8.32,
        "slug": "papilla-8-cereales-galleta",
        "description": "Papilla 8 Cereales Galleta 475 Gr",
        "image": "https:\/\/cdn-consum.aktiosdigitalservices.com\/tol\/consum\/media\/product\/img\/300x300\/7107746.jpg?t=20250313080057"
    },
    {
        "id": 11542,
        "name": "Papilla 8 Cereales Miel NESTLE",
        "price": 3.95,
        "price_kilo": 8.32,
        "slug": "papilla-8-cereales-miel",
        "description": "Papilla 8 Cereales Miel 475 Gr",
        "image": "https:\/\/cdn-consum.aktiosdigitalservices.com\/tol\/consum\/media\/product\/img\/300x300\/7116270.jpg?t=20250313080111"
    },
    {
        "id": 11543,
        "name": "Mojito PERLA CARIBE",
        "price": 5.49,
        "price_kilo": 7.84,
        "slug": "mojito",
        "description": "Mojito 0,7 L",
        "image": "https:\/\/cdn-consum.aktiosdigitalservices.com\/tol\/consum\/media\/product\/img\/300x300\/7117075.jpg?t=20250312125141"
    },
    {
        "id": 11544,
        "name": "An\u00eds Dulce MONO",
        "price": 8.7,
        "price_kilo": 12.43,
        "slug": "anis-dulce",
        "description": "An\u00eds Dulce 0,7 L",
        "image": "https:\/\/cdn-consum.aktiosdigitalservices.com\/tol\/consum\/media\/product\/img\/300x300\/7118417.jpg?t=20250227090814"
    },
    {
        "id": 11545,
        "name": "Leche Infantil de Inicio 1 Premium Polvo NIDINA",
        "price": 14.95,
        "price_kilo": 18.69,
        "slug": "leche-infantil-de-inicio-1-premium-polvo",
        "description": "Leche Infantil de Inicio 1 Premium Polvo 800 Gr",
        "image": "https:\/\/cdn-consum.aktiosdigitalservices.com\/tol\/consum\/media\/product\/img\/300x300\/7120462.jpg?t=20250321075805"
    },
    {
        "id": 11550,
        "name": "Cocktail Fruta Tropical Alm\u00edbar Ligero Pack de 3 PELLI",
        "price": 2.69,
        "price_kilo": 6.4,
        "slug": "cocktail-fruta-tropical-almibar-ligero-pack-de-3",
        "description": "Cocktail Fruta Tropical Alm\u00edbar Ligero Pack de 3 3 x 140 Gr",
        "image": "https:\/\/cdn-consum.aktiosdigitalservices.com\/tol\/consum\/media\/product\/img\/300x300\/7142144.jpg?t=20250311133351"
    },
    {
        "id": 11561,
        "name": "Compota de  Manzana y Pl\u00e1tano Pack de 2 ANELA",
        "price": 1.4,
        "price_kilo": 7,
        "slug": "compota-de-manzana-y-platano-pack-de-2",
        "description": "Compota de  Manzana y Pl\u00e1tano Pack de 2 2 x 100 Gr",
        "image": "https:\/\/cdn-consum.aktiosdigitalservices.com\/tol\/consum\/media\/product\/img\/300x300\/7153450.jpg?t=20250311133415"
    },
    {
        "id": 11568,
        "name": "Rodajas de Mar Selectas EMBUMAR",
        "price": 4.59,
        "price_kilo": 22.95,
        "slug": "rodajas-de-mar-selectas",
        "description": "Rodajas de Mar Selectas 200 Gr",
        "image": "https:\/\/cdn-consum.aktiosdigitalservices.com\/tol\/consum\/media\/product\/img\/300x300\/7164879.jpg?t=20241217081029"
    },
    {
        "id": 11569,
        "name": "Brandy Gran Reserva ALFONSO I",
        "price": 10.2,
        "price_kilo": 14.57,
        "slug": "brandy-gran-reserva",
        "description": "Brandy Gran Reserva 0,7 L",
        "image": "https:\/\/cdn-consum.aktiosdigitalservices.com\/tol\/consum\/media\/product\/img\/300x300\/7166267.jpg?t=20241217081029"
    },
    {
        "id": 11571,
        "name": "Refresco Naranja Refrigerado Pack 4 Ud SIMON LIFE",
        "price": 1.75,
        "price_kilo": 2.19,
        "slug": "refresco-naranja-refrigerado-pack-4-ud",
        "description": "Refresco Naranja Refrigerado Pack 4 Ud 4 x 200 ml",
        "image": "https:\/\/cdn-consum.aktiosdigitalservices.com\/tol\/consum\/media\/product\/img\/300x300\/7166911.jpg?t=20241217081029"
    },
    {
        "id": 11581,
        "name": "Vodka SMIRNOFF",
        "price": 16.3,
        "price_kilo": 16.3,
        "slug": "vodka",
        "description": "Vodka 1 L",
        "image": "https:\/\/cdn-consum.aktiosdigitalservices.com\/tol\/consum\/media\/product\/img\/300x300\/7179182.jpg?t=20250304110013"
    },
    {
        "id": 11587,
        "name": "Colonia Femenina N\u00ba23 CARAVAN",
        "price": 10.95,
        "price_kilo": 7.3,
        "slug": "colonia-femenina-n23",
        "description": "Colonia Femenina N\u00ba23 150 ml",
        "image": "https:\/\/cdn-consum.aktiosdigitalservices.com\/tol\/consum\/media\/product\/img\/300x300\/7182298.jpg?t=20241217081032"
    },
    {
        "id": 11588,
        "name": "Colonia Femenina N\u00ba35 CARAVAN",
        "price": 10.95,
        "price_kilo": 7.3,
        "slug": "colonia-femenina-n35",
        "description": "Colonia Femenina N\u00ba35 150 ml",
        "image": "https:\/\/cdn-consum.aktiosdigitalservices.com\/tol\/consum\/media\/product\/img\/300x300\/7182301.jpg?t=20250311164551"
    },
    {
        "id": 11589,
        "name": "Colonia Masculina N\u00ba15 CARAVAN",
        "price": 10.95,
        "price_kilo": 7.3,
        "slug": "colonia-masculina-n15",
        "description": "Colonia Masculina N\u00ba15 150 ml",
        "image": "https:\/\/cdn-consum.aktiosdigitalservices.com\/tol\/consum\/media\/product\/img\/300x300\/7182322.jpg?t=20241217081032"
    },
    {
        "id": 11591,
        "name": "Mermelada Frambuesa Tarro HELIOS",
        "price": 2.45,
        "price_kilo": 7.21,
        "slug": "mermelada-frambuesa-tarro",
        "description": "Mermelada Frambuesa Tarro 340 Gr",
        "image": "https:\/\/cdn-consum.aktiosdigitalservices.com\/tol\/consum\/media\/product\/img\/300x300\/7184620.jpg?t=20250311133511"
    },
    {
        "id": 11592,
        "name": "Vermut Rojo YZAGUIRRE",
        "price": 8.15,
        "price_kilo": 8.15,
        "slug": "vermut-rojo",
        "description": "Vermut Rojo 1 L",
        "image": "https:\/\/cdn-consum.aktiosdigitalservices.com\/tol\/consum\/media\/product\/img\/300x300\/7184745.jpg?t=20250220080227"
    },
    {
        "id": 11594,
        "name": "Mermelada Albaricoque 0% Az\u00facares A\u00f1adidos CONSUM",
        "price": 1.45,
        "price_kilo": 5.18,
        "slug": "mermelada-albaricoque-0-azucares-anadidos",
        "description": "Mermelada Albaricoque 0% Az\u00facares A\u00f1adidos 280 Gr",
        "image": "https:\/\/cdn-consum.aktiosdigitalservices.com\/tol\/consum\/media\/product\/img\/300x300\/7185270.jpg?t=20250311104938"
    },
    {
        "id": 11595,
        "name": "Mermelada Ciruela 0% Az\u00facares A\u00f1adidos CONSUM",
        "price": 1.35,
        "price_kilo": 4.82,
        "slug": "mermelada-ciruela-0-azucares-anadidos",
        "description": "Mermelada Ciruela 0% Az\u00facares A\u00f1adidos 280 Gr",
        "image": "https:\/\/cdn-consum.aktiosdigitalservices.com\/tol\/consum\/media\/product\/img\/300x300\/7185275.jpg?t=20250311104941"
    },
    {
        "id": 11597,
        "name": "Colonia Muy M\u00edo BUSTAMANTE",
        "price": 6.95,
        "price_kilo": 6.95,
        "slug": "colonia-muy-mio",
        "description": "Colonia Muy M\u00edo 100 ml",
        "image": "https:\/\/cdn-consum.aktiosdigitalservices.com\/tol\/consum\/media\/product\/img\/300x300\/7185507.jpg?t=20250311164551"
    },
    {
        "id": 11601,
        "name": "Filet\u00f3n Bacalao Islandia CONSUM",
        "price": 7.09,
        "price_kilo": 14.18,
        "slug": "fileton-bacalao-islandia",
        "description": "Filet\u00f3n Bacalao Islandia 500 Gr",
        "image": "https:\/\/cdn-consum.aktiosdigitalservices.com\/tol\/consum\/media\/product\/img\/300x300\/7189538.jpg?t=20250228080025"
    },
    {
        "id": 11602,
        "name": "Filete de Anchoa Aceite de Oliva MSC G.CANTABRICO",
        "price": 2.19,
        "price_kilo": 13.69,
        "slug": "filete-de-anchoa-aceite-de-oliva-msc",
        "description": "Filete de Anchoa Aceite de Oliva MSC 16 Gr",
        "image": "https:\/\/cdn-consum.aktiosdigitalservices.com\/tol\/consum\/media\/product\/img\/300x300\/7189751.jpg?t=20241217081036"
    },
    {
        "id": 11611,
        "name": "Huevas de Islandia Rojas ROYAL",
        "price": 2.35,
        "price_kilo": 47,
        "slug": "huevas-de-islandia-rojas",
        "description": "Huevas de Islandia Rojas 50 Gr",
        "image": "https:\/\/cdn-consum.aktiosdigitalservices.com\/tol\/consum\/media\/product\/img\/300x300\/7200306.jpg?t=20250109095701"
    },
    {
        "id": 11613,
        "name": "Tarrito Calabac\u00edn, Jam\u00f3n y Queso Pack de 2 HERO",
        "price": 2.99,
        "price_kilo": 7.87,
        "slug": "tarrito-calabacin-jamon-y-queso-pack-de-2",
        "description": "Tarrito Calabac\u00edn, Jam\u00f3n y Queso Pack de 2 2 x 190 Gr",
        "image": "https:\/\/cdn-consum.aktiosdigitalservices.com\/tol\/consum\/media\/product\/img\/300x300\/7201841.jpg?t=20250311133547"
    },
    {
        "id": 11614,
        "name": "Leche Inicio 1 Bote Polvo NATIVA",
        "price": 11.95,
        "price_kilo": 14.94,
        "slug": "leche-inicio-1-bote-polvo",
        "description": "Leche Inicio 1 Bote Polvo 800 Gr",
        "image": "https:\/\/cdn-consum.aktiosdigitalservices.com\/tol\/consum\/media\/product\/img\/300x300\/7201882.jpg?t=20250321075840"
    },
    {
        "id": 11618,
        "name": "Banderilla Boquer\u00f3n y Aceituna BRUIMAR",
        "price": 2.69,
        "price_kilo": 23.39,
        "slug": "banderilla-boqueron-y-aceituna",
        "description": "Banderilla Boquer\u00f3n y Aceituna 115 Gr",
        "image": "https:\/\/cdn-consum.aktiosdigitalservices.com\/tol\/consum\/media\/product\/img\/300x300\/7202653.jpg?t=20241231075822"
    },
    {
        "id": 11619,
        "name": "Banderilla Anchoa y Boquer\u00f3n BRUIMAR",
        "price": 2.69,
        "price_kilo": 28.32,
        "slug": "banderilla-anchoa-y-boqueron",
        "description": "Banderilla Anchoa y Boquer\u00f3n 95 Gr",
        "image": "https:\/\/cdn-consum.aktiosdigitalservices.com\/tol\/consum\/media\/product\/img\/300x300\/7202661.jpg?t=20250206091951"
    },
    {
        "id": 11620,
        "name": "Cabello de Angel Lata HIDA",
        "price": 2.2,
        "price_kilo": 4.23,
        "slug": "cabello-de-angel-lata",
        "description": "Cabello de Angel Lata 520 Gr",
        "image": "https:\/\/cdn-consum.aktiosdigitalservices.com\/tol\/consum\/media\/product\/img\/300x300\/7207020.jpg?t=20250311105146"
    },
    {
        "id": 11622,
        "name": "Cocktail de Frutas Lata SOL ARCHENA",
        "price": 2.65,
        "price_kilo": 5.52,
        "slug": "cocktail-de-frutas-lata",
        "description": "Cocktail de Frutas Lata 480 Gr",
        "image": "https:\/\/cdn-consum.aktiosdigitalservices.com\/tol\/consum\/media\/product\/img\/300x300\/7207798.jpg?t=20250311133559"
    },
    {
        "id": 11632,
        "name": "Trufas Heladas 12  Unidades ",
        "price": 6.19,
        "price_kilo": 32.24,
        "slug": "trufas-heladas-12-unidades",
        "description": "Trufas Heladas 12  Unidades 192 Gr",
        "image": "https:\/\/cdn-consum.aktiosdigitalservices.com\/tol\/consum\/media\/product\/img\/300x300\/7215309.jpg?t=20250227091557"
    },
    {
        "id": 11640,
        "name": "Desenredante Kids CONSUM KIDS",
        "price": 1.7,
        "price_kilo": 0.68,
        "slug": "desenredante-kids",
        "description": "Desenredante Kids 250 ml",
        "image": "https:\/\/cdn-consum.aktiosdigitalservices.com\/tol\/consum\/media\/product\/img\/300x300\/7219173.jpg?t=20250311164555"
    },
    {
        "id": 11643,
        "name": "Lionesas de Nata 10 Unidades ",
        "price": 5.15,
        "price_kilo": 20.6,
        "slug": "lionesas-de-nata-10-unidades",
        "description": "Lionesas de Nata 10 Unidades 250 Gr",
        "image": "https:\/\/cdn-consum.aktiosdigitalservices.com\/tol\/consum\/media\/product\/img\/300x300\/7221856.jpg?t=20250109100118"
    },
    {
        "id": 11644,
        "name": "Tarta San Marcos ",
        "price": 8.3,
        "price_kilo": 8.3,
        "slug": "tarta-san-marcos",
        "description": "Tarta San Marcos 1 Kg",
        "image": "https:\/\/cdn-consum.aktiosdigitalservices.com\/tol\/consum\/media\/product\/img\/300x300\/7221864.jpg?t=20250313080316"
    },
    {
        "id": 11646,
        "name": "Ginebra M.MILLER\u00b4S",
        "price": 29.5,
        "price_kilo": 42.14,
        "slug": "ginebra",
        "description": "Ginebra 0,7 L",
        "image": "https:\/\/cdn-consum.aktiosdigitalservices.com\/tol\/consum\/media\/product\/img\/300x300\/7222057.jpg?t=20250311164556"
    },
    {
        "id": 11648,
        "name": "Anillas a la Romana Rebozadas al Huevo AGUINAMAR",
        "price": 3.99,
        "price_kilo": 19,
        "slug": "anillas-a-la-romana-rebozadas-al-huevo",
        "description": "Anillas a la Romana Rebozadas al Huevo 210 Gr",
        "image": "https:\/\/cdn-consum.aktiosdigitalservices.com\/tol\/consum\/media\/product\/img\/300x300\/7222578.jpg?t=20241217081047"
    },
    {
        "id": 11656,
        "name": "Banderilla Gildas BRUIMAR",
        "price": 2.69,
        "price_kilo": 26.9,
        "slug": "banderilla-gildas",
        "description": "Banderilla Gildas 100 Gr",
        "image": "https:\/\/cdn-consum.aktiosdigitalservices.com\/tol\/consum\/media\/product\/img\/300x300\/7225415.jpg?t=20241217081048"
    },
    {
        "id": 11657,
        "name": "Pastel Sara ",
        "price": 2.59,
        "price_kilo": 20.72,
        "slug": "pastel-sara",
        "description": "Pastel Sara 125 Gr",
        "image": "https:\/\/cdn-consum.aktiosdigitalservices.com\/tol\/consum\/media\/product\/img\/300x300\/7225597.jpg?t=20250131075833"
    },
    {
        "id": 11662,
        "name": "Mojama de At\u00fan Selecci\u00f3n ANGOMAR",
        "price": 9.3,
        "price_kilo": 46.5,
        "slug": "mojama-de-atun-seleccion",
        "description": "Mojama de At\u00fan Selecci\u00f3n",
        "image": "https:\/\/cdn-consum.aktiosdigitalservices.com\/tol\/consum\/media\/product\/img\/300x300\/7226129.jpg?t=20250318080131"
    },
    {
        "id": 11663,
        "name": "Papilla 8 Cereales NESTLE",
        "price": 3.95,
        "price_kilo": 8.32,
        "slug": "papilla-8-cereales",
        "description": "Papilla 8 Cereales 475 Gr",
        "image": "https:\/\/cdn-consum.aktiosdigitalservices.com\/tol\/consum\/media\/product\/img\/300x300\/7226330.jpg?t=20250313080323"
    },
    {
        "id": 11666,
        "name": "Whisky Scotch J&B",
        "price": 18.29,
        "price_kilo": 18.29,
        "slug": "whisky-scotch",
        "description": "Whisky Scotch 1 L",
        "image": "https:\/\/cdn-consum.aktiosdigitalservices.com\/tol\/consum\/media\/product\/img\/300x300\/7228505.jpg?t=20250314121501"
    },
    {
        "id": 11675,
        "name": "Dulce Boniato Lata PELLI",
        "price": 3.85,
        "price_kilo": 4.53,
        "slug": "dulce-boniato-lata",
        "description": "Dulce Boniato Lata 850 Gr",
        "image": "https:\/\/cdn-consum.aktiosdigitalservices.com\/tol\/consum\/media\/product\/img\/300x300\/7232460.jpg?t=20250311105404"
    },
    {
        "id": 11681,
        "name": "Pera Alm\u00edbar SOL ARCHENA",
        "price": 2.69,
        "price_kilo": 5.85,
        "slug": "pera-almibar",
        "description": "Pera Alm\u00edbar 480 Gr",
        "image": "https:\/\/cdn-consum.aktiosdigitalservices.com\/tol\/consum\/media\/product\/img\/300x300\/7234540.jpg?t=20250311164558"
    },
    {
        "id": 11682,
        "name": "Tarta de Almendra ",
        "price": 5.29,
        "price_kilo": 13.23,
        "slug": "tarta-de-almendra",
        "description": "Tarta de Almendra 400 Gr",
        "image": "https:\/\/cdn-consum.aktiosdigitalservices.com\/tol\/consum\/media\/product\/img\/300x300\/7235310.jpg?t=20250312160318"
    },
    {
        "id": 11686,
        "name": "An\u00eds Dulce CASTELLANA",
        "price": 9.35,
        "price_kilo": 13.36,
        "slug": "anis-dulce",
        "description": "An\u00eds Dulce 0,7 L",
        "image": "https:\/\/cdn-consum.aktiosdigitalservices.com\/tol\/consum\/media\/product\/img\/300x300\/7237183.jpg?t=20250227091917"
    },
    {
        "id": 11693,
        "name": "Ron A\u00f1ejo Dominicano 5 A\u00f1os CALIBRE 38",
        "price": 7.99,
        "price_kilo": 11.41,
        "slug": "ron-anejo-dominicano-5-anos",
        "description": "Ron A\u00f1ejo Dominicano 5 A\u00f1os 0,7 L",
        "image": "https:\/\/cdn-consum.aktiosdigitalservices.com\/tol\/consum\/media\/product\/img\/300x300\/7237923.jpg?t=20250227091925"
    },
    {
        "id": 11695,
        "name": "Vodka Caramelo SHARUSKA",
        "price": 5.7,
        "price_kilo": 8.14,
        "slug": "vodka-caramelo",
        "description": "Vodka Caramelo 0,7 L",
        "image": "https:\/\/cdn-consum.aktiosdigitalservices.com\/tol\/consum\/media\/product\/img\/300x300\/7237931.jpg?t=20250315075808"
    },
    {
        "id": 11696,
        "name": "Licor Hierbas JAKE MATE",
        "price": 9.99,
        "price_kilo": 14.27,
        "slug": "licor-hierbas",
        "description": "Licor Hierbas 0,7 L",
        "image": "https:\/\/cdn-consum.aktiosdigitalservices.com\/tol\/consum\/media\/product\/img\/300x300\/7237949.jpg?t=20241217081054"
    },
    {
        "id": 11697,
        "name": "Ron Miel Botella CALIBRE 38",
        "price": 6.49,
        "price_kilo": 9.27,
        "slug": "ron-miel-botella",
        "description": "Ron Miel Botella 0,7 L",
        "image": "https:\/\/cdn-consum.aktiosdigitalservices.com\/tol\/consum\/media\/product\/img\/300x300\/7238348.jpg?t=20241217081054"
    },
    {
        "id": 11703,
        "name": "Ginebra Strawberry P.DE INDIAS",
        "price": 16.45,
        "price_kilo": 23.5,
        "slug": "ginebra-strawberry",
        "description": "Ginebra Strawberry 0,7 L",
        "image": "https:\/\/cdn-consum.aktiosdigitalservices.com\/tol\/consum\/media\/product\/img\/300x300\/7243939.jpg?t=20250220080349"
    },
    {
        "id": 11704,
        "name": "Terr\u00f3n de Az\u00facar Blanco AZUCARERA",
        "price": 1.29,
        "price_kilo": 2.58,
        "slug": "terron-de-azucar-blanco",
        "description": "Terr\u00f3n de Az\u00facar Blanco 500 Gr",
        "image": "https:\/\/cdn-consum.aktiosdigitalservices.com\/tol\/consum\/media\/product\/img\/300x300\/7246221.jpg?t=20250311105610"
    },
    {
        "id": 11712,
        "name": "Aperitivo APEROL",
        "price": 13.65,
        "price_kilo": 19.5,
        "slug": "aperitivo",
        "description": "Aperitivo 0,7 L",
        "image": "https:\/\/cdn-consum.aktiosdigitalservices.com\/tol\/consum\/media\/product\/img\/300x300\/7247617.jpg?t=20250304111114"
    },
    {
        "id": 11715,
        "name": "Colonia Femenina N\u00ba1 Mini CARAVAN",
        "price": 3.5,
        "price_kilo": 11.67,
        "slug": "colonia-femenina-n1-mini",
        "description": "Colonia Femenina N\u00ba1 Mini 30 ml",
        "image": "https:\/\/cdn-consum.aktiosdigitalservices.com\/tol\/consum\/media\/product\/img\/300x300\/7248594.jpg?t=20250204082210"
    },
    {
        "id": 11716,
        "name": "Colonia Femenina N\u00ba24 Mini CARAVAN",
        "price": 3.5,
        "price_kilo": 11.67,
        "slug": "colonia-femenina-n24-mini",
        "description": "Colonia Femenina N\u00ba24 Mini 30 ml",
        "image": "https:\/\/cdn-consum.aktiosdigitalservices.com\/tol\/consum\/media\/product\/img\/300x300\/7248651.jpg?t=20241217081058"
    },
    {
        "id": 11717,
        "name": "Colonia Femenina N\u00ba30 MIni CARAVAN",
        "price": 3.5,
        "price_kilo": 11.67,
        "slug": "colonia-femenina-n30-mini",
        "description": "Colonia Femenina N\u00ba30 MIni 30 ml",
        "image": "https:\/\/cdn-consum.aktiosdigitalservices.com\/tol\/consum\/media\/product\/img\/300x300\/7248669.jpg?t=20241217081058"
    },
    {
        "id": 11718,
        "name": "Colonia Femenina N\u00ba82 Mini CARAVAN",
        "price": 3.5,
        "price_kilo": 11.67,
        "slug": "colonia-femenina-n82-mini",
        "description": "Colonia Femenina N\u00ba82 Mini 30 ml",
        "image": "https:\/\/cdn-consum.aktiosdigitalservices.com\/tol\/consum\/media\/product\/img\/300x300\/7248672.jpg?t=20241217081058"
    },
    {
        "id": 11719,
        "name": "Colonia Femenina N\u00ba35 Mini CARAVAN",
        "price": 3.5,
        "price_kilo": 11.67,
        "slug": "colonia-femenina-n35-mini",
        "description": "Colonia Femenina N\u00ba35 Mini 30 ml",
        "image": "https:\/\/cdn-consum.aktiosdigitalservices.com\/tol\/consum\/media\/product\/img\/300x300\/7248677.jpg?t=20241217081058"
    },
    {
        "id": 11722,
        "name": "Colonia Femenina N\u00ba43 Mini CARAVAN",
        "price": 3.5,
        "price_kilo": 11.67,
        "slug": "colonia-femenina-n43-mini",
        "description": "Colonia Femenina N\u00ba43 Mini 30 ml",
        "image": "https:\/\/cdn-consum.aktiosdigitalservices.com\/tol\/consum\/media\/product\/img\/300x300\/7249258.jpg?t=20241217081059"
    },
    {
        "id": 11723,
        "name": "Colonia Masculina N\u00ba66 Mini CARAVAN",
        "price": 3.5,
        "price_kilo": 11.67,
        "slug": "colonia-masculina-n66-mini",
        "description": "Colonia Masculina N\u00ba66 Mini 30 ml",
        "image": "https:\/\/cdn-consum.aktiosdigitalservices.com\/tol\/consum\/media\/product\/img\/300x300\/7249308.jpg?t=20241217081059"
    },
    {
        "id": 11742,
        "name": "Colonia N\u00ba1 Azahar Aguas de V&L V&L",
        "price": 12.95,
        "price_kilo": 8.63,
        "slug": "colonia-n1-azahar-aguas-de-vl",
        "description": "Colonia N\u00ba1 Azahar Aguas de V&L 150 ml",
        "image": "https:\/\/cdn-consum.aktiosdigitalservices.com\/tol\/consum\/media\/product\/img\/300x300\/7254592.jpg?t=20241217081102"
    },
    {
        "id": 11743,
        "name": "Colonia N\u00ba3 Hiedra Aguas de V&L V&L",
        "price": 12.95,
        "price_kilo": 8.63,
        "slug": "colonia-n3-hiedra-aguas-de-vl",
        "description": "Colonia N\u00ba3 Hiedra Aguas de V&L 150 ml",
        "image": "https:\/\/cdn-consum.aktiosdigitalservices.com\/tol\/consum\/media\/product\/img\/300x300\/7254600.jpg?t=20241217081102"
    },
    {
        "id": 11763,
        "name": "Pila Litio Bot\u00f3n CR 2032 ENERGIZER",
        "price": 4.89,
        "price_kilo": 2.45,
        "slug": "pila-litio-boton-cr-2032",
        "description": "Pila Litio Bot\u00f3n CR 2032 2 U",
        "image": "https:\/\/cdn-consum.aktiosdigitalservices.com\/tol\/consum\/media\/product\/img\/300x300\/7260185.jpg?t=20250109100922"
    },
    {
        "id": 11776,
        "name": "Mermelada Ar\u00e1ndano VIEJA FABRIC",
        "price": 2.79,
        "price_kilo": 9.79,
        "slug": "mermelada-arandano",
        "description": "Mermelada Ar\u00e1ndano 285 Gr",
        "image": "https:\/\/cdn-consum.aktiosdigitalservices.com\/tol\/consum\/media\/product\/img\/300x300\/7263101.jpg?t=20250311133801"
    },
    {
        "id": 11781,
        "name": "Carajillo de Ron 3 COLORES",
        "price": 7.99,
        "price_kilo": 11.41,
        "slug": "carajillo-de-ron",
        "description": "Carajillo de Ron 0,7 L",
        "image": "https:\/\/cdn-consum.aktiosdigitalservices.com\/tol\/consum\/media\/product\/img\/300x300\/7264406.jpg?t=20250312125452"
    },
    {
        "id": 11787,
        "name": "Whisky Bourbon BOWL.GREEN",
        "price": 9.29,
        "price_kilo": 13.27,
        "slug": "whisky-bourbon",
        "description": "Whisky Bourbon 0,7 L",
        "image": "https:\/\/cdn-consum.aktiosdigitalservices.com\/tol\/consum\/media\/product\/img\/300x300\/7265515.jpg?t=20241217081107"
    },
    {
        "id": 11834,
        "name": "Ron A\u00f1ejo CALIBRE 38",
        "price": 7.59,
        "price_kilo": 7.59,
        "slug": "ron-anejo",
        "description": "Ron A\u00f1ejo 1 L",
        "image": "https:\/\/cdn-consum.aktiosdigitalservices.com\/tol\/consum\/media\/product\/img\/300x300\/7272979.jpg?t=20241217081109"
    },
    {
        "id": 11836,
        "name": "Ginebra Premium BULLDOG",
        "price": 25.5,
        "price_kilo": 36.43,
        "slug": "ginebra-premium",
        "description": "Ginebra Premium 0,7 L",
        "image": "https:\/\/cdn-consum.aktiosdigitalservices.com\/tol\/consum\/media\/product\/img\/300x300\/7273142.jpg?t=20250311164601"
    },
    {
        "id": 11848,
        "name": "Natillas Caseras ROYAL",
        "price": 1.65,
        "price_kilo": 16.5,
        "slug": "natillas-caseras",
        "description": "Natillas Caseras 100 Gr",
        "image": "https:\/\/cdn-consum.aktiosdigitalservices.com\/tol\/consum\/media\/product\/img\/300x300\/302588.jpg?t=20250311103047"
    },
    {
        "id": 11850,
        "name": "Colorantes  Alimentarios Pasteleria VAHINE",
        "price": 2.99,
        "price_kilo": 16.61,
        "slug": "colorantes-alimentarios-pasteleria",
        "description": "Colorantes  Alimentarios Pasteleria 3 x 6 ml",
        "image": "https:\/\/cdn-consum.aktiosdigitalservices.com\/tol\/consum\/media\/product\/img\/300x300\/314377.jpg?t=20250313075752"
    },
    {
        "id": 11853,
        "name": "Az\u00facar Avainillada Tarro VAHINE",
        "price": 2.29,
        "price_kilo": 25.44,
        "slug": "azucar-avainillada-tarro",
        "description": "Az\u00facar Avainillada Tarro 90 Gr",
        "image": "https:\/\/cdn-consum.aktiosdigitalservices.com\/tol\/consum\/media\/product\/img\/300x300\/314567.jpg?t=20250311103110"
    },
    {
        "id": 11854,
        "name": "Gelatina Sin Sabor VAHINE",
        "price": 2.39,
        "price_kilo": 14.06,
        "slug": "gelatina-sin-sabor",
        "description": "Gelatina Sin Sabor 17 Gr",
        "image": "https:\/\/cdn-consum.aktiosdigitalservices.com\/tol\/consum\/media\/product\/img\/300x300\/314716.jpg?t=20250313075754"
    },
    {
        "id": 11855,
        "name": "Almendras Laminadas VAHINE",
        "price": 4.07,
        "price_kilo": 32.56,
        "slug": "almendras-laminadas",
        "description": "Almendras Laminadas 125 Gr",
        "image": "https:\/\/cdn-consum.aktiosdigitalservices.com\/tol\/consum\/media\/product\/img\/300x300\/314732.jpg?t=20250311103115"
    },
    {
        "id": 11856,
        "name": "Almendras Molidas VAHINE",
        "price": 4.07,
        "price_kilo": 32.56,
        "slug": "almendras-molidas",
        "description": "Almendras Molidas 125 Gr",
        "image": "https:\/\/cdn-consum.aktiosdigitalservices.com\/tol\/consum\/media\/product\/img\/300x300\/314757.jpg?t=20250311103118"
    },
    {
        "id": 11857,
        "name": "Crocanti  de Almendra VAHIN\u00c9",
        "price": 3.99,
        "price_kilo": 31.92,
        "slug": "crocanti-de-almendra",
        "description": "Crocanti  de Almendra 125 Gr",
        "image": "https:\/\/cdn-consum.aktiosdigitalservices.com\/tol\/consum\/media\/product\/img\/300x300\/314773.jpg?t=20250311103120"
    },
    {
        "id": 11858,
        "name": "Coco Rallado VAHINE",
        "price": 3.62,
        "price_kilo": 31.48,
        "slug": "coco-rallado",
        "description": "Coco Rallado 115 Gr",
        "image": "https:\/\/cdn-consum.aktiosdigitalservices.com\/tol\/consum\/media\/product\/img\/300x300\/314781.jpg?t=20250311103123"
    },
    {
        "id": 11859,
        "name": "Levadura de Panader\u00eda 4 Sobres VAHIN\u00c9",
        "price": 1.89,
        "price_kilo": 10.27,
        "slug": "levadura-de-panaderia-4-sobres",
        "description": "Levadura de Panader\u00eda 4 Sobres 4,6 Gr",
        "image": "https:\/\/cdn-consum.aktiosdigitalservices.com\/tol\/consum\/media\/product\/img\/300x300\/314823.jpg?t=20250311103125"
    },
    {
        "id": 11860,
        "name": "Caramelo L\u00edquido Botella ROYAL",
        "price": 2.99,
        "price_kilo": 7.48,
        "slug": "caramelo-liquido-botella",
        "description": "Caramelo L\u00edquido Botella 400 Gr",
        "image": "https:\/\/cdn-consum.aktiosdigitalservices.com\/tol\/consum\/media\/product\/img\/300x300\/356105.jpg?t=20250313075807"
    },
    {
        "id": 11861,
        "name": "Flan de Vainilla 6 Sobres POTAX",
        "price": 1.75,
        "price_kilo": 9.11,
        "slug": "flan-de-vainilla-6-sobres",
        "description": "Flan de Vainilla 6 Sobres 192 Gr",
        "image": "https:\/\/cdn-consum.aktiosdigitalservices.com\/tol\/consum\/media\/product\/img\/300x300\/356170.jpg?t=20250311103239"
    },
    {
        "id": 11863,
        "name": "Absorbe Olor Lavanda GLADE",
        "price": 5.15,
        "price_kilo": 2.58,
        "slug": "absorbe-olor-lavanda",
        "description": "Absorbe Olor Lavanda 2 U",
        "image": "https:\/\/cdn-consum.aktiosdigitalservices.com\/tol\/consum\/media\/product\/img\/300x300\/400481.jpg?t=20250109093116"
    },
    {
        "id": 11864,
        "name": "Desatascador Ba\u00f1o L\u00edquido FORZA",
        "price": 7.99,
        "price_kilo": 7.99,
        "slug": "desatascador-bano-liquido",
        "description": "Desatascador Ba\u00f1o L\u00edquido 1 L",
        "image": "https:\/\/cdn-consum.aktiosdigitalservices.com\/tol\/consum\/media\/product\/img\/300x300\/415976.jpg?t=20250206090057"
    },
    {
        "id": 11865,
        "name": "Limpiador Multiusos GLASSEX",
        "price": 3.65,
        "price_kilo": 4.87,
        "slug": "limpiador-multiusos",
        "description": "Limpiador Multiusos 0,75 L",
        "image": "https:\/\/cdn-consum.aktiosdigitalservices.com\/tol\/consum\/media\/product\/img\/300x300\/416149.jpg?t=20250311164531"
    },
    {
        "id": 11866,
        "name": "Limpiamuebles Jabonoso Madera PRONTO",
        "price": 5.35,
        "price_kilo": 7.13,
        "slug": "limpiamuebles-jabonoso-madera",
        "description": "Limpiamuebles Jabonoso Madera 0,75 L",
        "image": "https:\/\/cdn-consum.aktiosdigitalservices.com\/tol\/consum\/media\/product\/img\/300x300\/427633.jpg?t=20241217080949"
    },
    {
        "id": 11867,
        "name": "Pastel de Queso Caja ROYAL",
        "price": 4.49,
        "price_kilo": 13.82,
        "slug": "pastel-de-queso-caja",
        "description": "Pastel de Queso Caja 325 Gr",
        "image": "https:\/\/cdn-consum.aktiosdigitalservices.com\/tol\/consum\/media\/product\/img\/300x300\/429605.jpg?t=20250311103320"
    },
    {
        "id": 11871,
        "name": "Plaquita Felicidades VAHINE",
        "price": 1.89,
        "price_kilo": 1.89,
        "slug": "plaquita-felicidades",
        "description": "Plaquita Felicidades 1 U",
        "image": "https:\/\/cdn-consum.aktiosdigitalservices.com\/tol\/consum\/media\/product\/img\/300x300\/588558.jpg?t=20250311103349"
    },
    {
        "id": 11874,
        "name": "Baked Beans Bote HEINZ",
        "price": 1.49,
        "price_kilo": 3.59,
        "slug": "baked-beans-bote",
        "description": "Baked Beans Bote 415 Gr",
        "image": "https:\/\/cdn-consum.aktiosdigitalservices.com\/tol\/consum\/media\/product\/img\/300x300\/749663.jpg?t=20241217080953"
    },
    {
        "id": 11876,
        "name": "Litines Caja LA BANDERA",
        "price": 1.95,
        "price_kilo": 14.77,
        "slug": "litines-caja",
        "description": "Litines Caja 132 Gr",
        "image": "https:\/\/cdn-consum.aktiosdigitalservices.com\/tol\/consum\/media\/product\/img\/300x300\/943514.jpg?t=20250311103504"
    },
    {
        "id": 11878,
        "name": "Chicles Stick Sabor Menta TRIDENT",
        "price": 1.1,
        "price_kilo": 8.15,
        "slug": "chicles-stick-sabor-menta",
        "description": "Chicles Stick Sabor Menta 13,5 Gr",
        "image": "https:\/\/cdn-consum.aktiosdigitalservices.com\/tol\/consum\/media\/product\/img\/300x300\/1530955.jpg?t=20250311123954"
    },
    {
        "id": 11882,
        "name": "Laca Cabello Te\u00f1ido Fijaci\u00f3n Fuerte ELNETT",
        "price": 7.59,
        "price_kilo": 1.9,
        "slug": "laca-cabello-tenido-fijacion-fuerte",
        "description": "Laca Cabello Te\u00f1ido Fijaci\u00f3n Fuerte 400 ml",
        "image": "https:\/\/cdn-consum.aktiosdigitalservices.com\/tol\/consum\/media\/product\/img\/300x300\/3744034.jpg?t=20241217080958"
    },
    {
        "id": 11898,
        "name": "Antical Eco Frosch 1L Limpiahogar FROSCH",
        "price": 3.45,
        "price_kilo": 3.45,
        "slug": "antical-eco-frosch-1l-limpiahogar",
        "description": "Antical Eco Frosch 1L Limpiahogar 1 L",
        "image": "https:\/\/cdn-consum.aktiosdigitalservices.com\/tol\/consum\/media\/product\/img\/300x300\/7018138.jpg?t=20250227090332"
    },
    {
        "id": 11900,
        "name": "Crema de Leche y Avellanas Vaso Cristal NOCILLA",
        "price": 2.69,
        "price_kilo": 14.94,
        "slug": "crema-de-leche-y-avellanas-vaso-cristal",
        "description": "Crema de Leche y Avellanas Vaso Cristal 180 Gr",
        "image": "https:\/\/cdn-consum.aktiosdigitalservices.com\/tol\/consum\/media\/product\/img\/300x300\/7026482.jpg?t=20250312092741"
    },
    {
        "id": 11905,
        "name": "Caramelos Sabor Frutas sin Az\u00facar SMINT",
        "price": 1.65,
        "price_kilo": 20.63,
        "slug": "caramelos-sabor-frutas-sin-azucar",
        "description": "Caramelos Sabor Frutas sin Az\u00facar 8 Gr",
        "image": "https:\/\/cdn-consum.aktiosdigitalservices.com\/tol\/consum\/media\/product\/img\/300x300\/7042898.jpg?t=20250311124114"
    },
    {
        "id": 11906,
        "name": "Caramelos Menta sin Az\u00facar SMINT",
        "price": 1.65,
        "price_kilo": 20.63,
        "slug": "caramelos-menta-sin-azucar",
        "description": "Caramelos Menta sin Az\u00facar 8 Gr",
        "image": "https:\/\/cdn-consum.aktiosdigitalservices.com\/tol\/consum\/media\/product\/img\/300x300\/7042906.jpg?t=20250311124116"
    },
    {
        "id": 11907,
        "name": "Friegasuelos Lim\u00f3n CONSUM",
        "price": 0.95,
        "price_kilo": 0.63,
        "slug": "friegasuelos-limon",
        "description": "Friegasuelos Lim\u00f3n 1,5 L",
        "image": "https:\/\/cdn-consum.aktiosdigitalservices.com\/tol\/consum\/media\/product\/img\/300x300\/7044605.jpg?t=20241217081008"
    },
    {
        "id": 11908,
        "name": "Bolitas Multicolores VAHIN\u00c9",
        "price": 2.25,
        "price_kilo": 28.13,
        "slug": "bolitas-multicolores",
        "description": "Bolitas Multicolores 80 Gr",
        "image": "https:\/\/cdn-consum.aktiosdigitalservices.com\/tol\/consum\/media\/product\/img\/300x300\/7048981.jpg?t=20250311104000"
    },
    {
        "id": 11910,
        "name": "Pepitas de Chocolate Negro VAHIN\u00c9",
        "price": 3.99,
        "price_kilo": 39.9,
        "slug": "pepitas-de-chocolate-negro",
        "description": "Pepitas de Chocolate Negro 100 Gr",
        "image": "https:\/\/cdn-consum.aktiosdigitalservices.com\/tol\/consum\/media\/product\/img\/300x300\/7048999.jpg?t=20250311104003"
    },
    {
        "id": 11911,
        "name": "Potaje de Lentejas Bote CALZADO",
        "price": 1.85,
        "price_kilo": 4.63,
        "slug": "potaje-de-lentejas-bote",
        "description": "Potaje de Lentejas Bote 400 Gr",
        "image": "https:\/\/cdn-consum.aktiosdigitalservices.com\/tol\/consum\/media\/product\/img\/300x300\/7056620.jpg?t=20241217081011"
    },
    {
        "id": 11917,
        "name": "Caf\u00e9 Grano Mezcla CONSUM",
        "price": 10.45,
        "price_kilo": 10.45,
        "slug": "cafe-grano-mezcla",
        "description": "Caf\u00e9 Grano Mezcla 1 Kg",
        "image": "https:\/\/cdn-consum.aktiosdigitalservices.com\/tol\/consum\/media\/product\/img\/300x300\/7071616.jpg?t=20250312092743"
    },
    {
        "id": 11920,
        "name": "Zumo Naranja-Mandarina Concentrado Pack de 6 CONSUM",
        "price": 1.89,
        "price_kilo": 1.58,
        "slug": "zumo-naranja-mandarina-concentrado-pack-de-6",
        "description": "Zumo Naranja-Mandarina Concentrado Pack de 6 6 x 0,2 L",
        "image": "https:\/\/cdn-consum.aktiosdigitalservices.com\/tol\/consum\/media\/product\/img\/300x300\/7080190.jpg?t=20250121080018"
    },
    {
        "id": 11923,
        "name": "Zumo Naranja-Mandarina Concentrado Pack de 6 DON SIMON",
        "price": 2.59,
        "price_kilo": 2.16,
        "slug": "zumo-naranja-mandarina-concentrado-pack-de-6",
        "description": "Zumo Naranja-Mandarina Concentrado Pack de 6 6 x 0,2 L",
        "image": "https:\/\/cdn-consum.aktiosdigitalservices.com\/tol\/consum\/media\/product\/img\/300x300\/7082936.jpg?t=20250311164541"
    },
    {
        "id": 11927,
        "name": "Actimel Actikids 6+2 Sabor Fresa-Pl\u00e1tano DANONE",
        "price": 3.79,
        "price_kilo": 4.74,
        "slug": "actimel-actikids-62-sabor-fresa-platano",
        "description": "Actimel Actikids 6+2 Sabor Fresa-Pl\u00e1tano 8 x 100 Gr",
        "image": "https:\/\/cdn-consum.aktiosdigitalservices.com\/tol\/consum\/media\/product\/img\/300x300\/7087463.jpg?t=20250312125107"
    },
    {
        "id": 11928,
        "name": "Az\u00facar Glas Tarro VAHIN\u00c9",
        "price": 2.69,
        "price_kilo": 44.83,
        "slug": "azucar-glas-tarro",
        "description": "Az\u00facar Glas Tarro 60 Gr",
        "image": "https:\/\/cdn-consum.aktiosdigitalservices.com\/tol\/consum\/media\/product\/img\/300x300\/7087757.jpg?t=20250311104303"
    },
    {
        "id": 11929,
        "name": "Chantilly ROYAL",
        "price": 2.49,
        "price_kilo": 34.58,
        "slug": "chantilly",
        "description": "Chantilly 72 Gr",
        "image": "https:\/\/cdn-consum.aktiosdigitalservices.com\/tol\/consum\/media\/product\/img\/300x300\/7089758.jpg?t=20250311164541"
    },
    {
        "id": 11933,
        "name": "Canela en Rama VAHINE",
        "price": 3.55,
        "price_kilo": 35.5,
        "slug": "canela-en-rama",
        "description": "Canela en Rama 10 Gr",
        "image": "https:\/\/cdn-consum.aktiosdigitalservices.com\/tol\/consum\/media\/product\/img\/300x300\/7094563.jpg?t=20250311104332"
    },
    {
        "id": 11935,
        "name": "Lunas Ba\u00f1adas Cacao CONSUM",
        "price": 2.39,
        "price_kilo": 6.83,
        "slug": "lunas-banadas-cacao",
        "description": "Lunas Ba\u00f1adas Cacao 350 Gr",
        "image": "https:\/\/cdn-consum.aktiosdigitalservices.com\/tol\/consum\/media\/product\/img\/300x300\/7096530.jpg?t=20250312092745"
    },
    {
        "id": 11936,
        "name": "Manzanilla con Menta 25 Bolsitas POMPADOUR",
        "price": 2.15,
        "price_kilo": 0.09,
        "slug": "manzanilla-con-menta-25-bolsitas",
        "description": "Manzanilla con Menta 25 Bolsitas 25 U",
        "image": "https:\/\/cdn-consum.aktiosdigitalservices.com\/tol\/consum\/media\/product\/img\/300x300\/7097280.jpg?t=20250311133257"
    },
    {
        "id": 11951,
        "name": "Cracker TUC",
        "price": 2.9,
        "price_kilo": 11.6,
        "slug": "cracker",
        "description": "Cracker 250 Gr",
        "image": "https:\/\/cdn-consum.aktiosdigitalservices.com\/tol\/consum\/media\/product\/img\/300x300\/7109296.jpg?t=20250318080003"
    },
    {
        "id": 11953,
        "name": "Tapioca Caja ROYAL",
        "price": 2.5,
        "price_kilo": 14.29,
        "slug": "tapioca-caja",
        "description": "Tapioca Caja 175 Gr",
        "image": "https:\/\/cdn-consum.aktiosdigitalservices.com\/tol\/consum\/media\/product\/img\/300x300\/7113314.jpg?t=20250312092746"
    },
    {
        "id": 11957,
        "name": "Caramelo Menta SMINT",
        "price": 2.49,
        "price_kilo": 7.11,
        "slug": "caramelo-menta",
        "description": "Caramelo Menta 35 Gr",
        "image": "https:\/\/cdn-consum.aktiosdigitalservices.com\/tol\/consum\/media\/product\/img\/300x300\/7116403.jpg?t=20250311124224"
    },
    {
        "id": 11961,
        "name": "N\u00e9ctar Melocot\u00f3n Disfruta sin Az\u00facar A\u00f1adido Pack DON SIMON",
        "price": 1.99,
        "price_kilo": 1.66,
        "slug": "nectar-melocoton-disfruta-sin-azucar-anadido-pack",
        "description": "N\u00e9ctar Melocot\u00f3n Disfruta sin Az\u00facar A\u00f1adido Pack 6 x 0,2 L",
        "image": "https:\/\/cdn-consum.aktiosdigitalservices.com\/tol\/consum\/media\/product\/img\/300x300\/7119167.jpg?t=20250220080136"
    },
    {
        "id": 11969,
        "name": "Multinfusi\u00f3n Valeriana Plus 5 Bolsitas 20 Unid. POMPADOUR",
        "price": 2.79,
        "price_kilo": 0.14,
        "slug": "multinfusion-valeriana-plus-5-bolsitas-20-unid",
        "description": "Multinfusi\u00f3n Valeriana Plus 5 Bolsitas 20 Unid. 20 U",
        "image": "https:\/\/cdn-consum.aktiosdigitalservices.com\/tol\/consum\/media\/product\/img\/300x300\/7134054.jpg?t=20250311133344"
    },
    {
        "id": 11971,
        "name": "Preparado para Crepes Botella MAIZENA",
        "price": 2.89,
        "price_kilo": 14.6,
        "slug": "preparado-para-crepes-botella",
        "description": "Preparado para Crepes Botella 198 Gr",
        "image": "https:\/\/cdn-consum.aktiosdigitalservices.com\/tol\/consum\/media\/product\/img\/300x300\/7141377.jpg?t=20250311104609"
    },
    {
        "id": 11977,
        "name": "Limpiador Brillante Maderas TENN",
        "price": 4.05,
        "price_kilo": 3.24,
        "slug": "limpiador-brillante-maderas",
        "description": "Limpiador Brillante Maderas 1,25 L",
        "image": "https:\/\/cdn-consum.aktiosdigitalservices.com\/tol\/consum\/media\/product\/img\/300x300\/7154557.jpg?t=20250206091442"
    },
    {
        "id": 11979,
        "name": "Croquetas Artesanas de Jam\u00f3n Ib\u00e9rico congeladas LA COCINERA",
        "price": 4.99,
        "price_kilo": 12.48,
        "slug": "croquetas-artesanas-de-jamon-iberico-congeladas",
        "description": "Croquetas Artesanas de Jam\u00f3n Ib\u00e9rico congeladas 400 Gr",
        "image": "https:\/\/cdn-consum.aktiosdigitalservices.com\/tol\/consum\/media\/product\/img\/300x300\/7156180.jpg?t=20250320075857"
    },
    {
        "id": 11980,
        "name": "Caramelo Fresa SMINT",
        "price": 2.49,
        "price_kilo": 7.11,
        "slug": "caramelo-fresa",
        "description": "Caramelo Fresa 35 Gr",
        "image": "https:\/\/cdn-consum.aktiosdigitalservices.com\/tol\/consum\/media\/product\/img\/300x300\/7156883.jpg?t=20250311124303"
    },
    {
        "id": 11982,
        "name": "L Casei Natural Azucarado Pack 12 Ud. CONSUM",
        "price": 2.22,
        "price_kilo": 1.85,
        "slug": "l-casei-natural-azucarado-pack-12-ud",
        "description": "L Casei Natural Azucarado Pack 12 Ud. 12 x 100 Gr",
        "image": "https:\/\/cdn-consum.aktiosdigitalservices.com\/tol\/consum\/media\/product\/img\/300x300\/7157865.jpg?t=20241223075934"
    },
    {
        "id": 11987,
        "name": "Escalop\u00edn de Lomo Tierno ELPOZO",
        "price": 5.74,
        "price_kilo": 9.57,
        "slug": "escalopin-de-lomo-tierno",
        "description": "Escalop\u00edn de Lomo Tierno 600 Gr",
        "image": "https:\/\/cdn-consum.aktiosdigitalservices.com\/tol\/consum\/media\/product\/img\/300x300\/7171973.jpg?t=20250318080034"
    },
    {
        "id": 11990,
        "name": "Caf\u00e9 Soluble Natural Sticks CONSUM",
        "price": 1.1,
        "price_kilo": 0.11,
        "slug": "cafe-soluble-natural-sticks",
        "description": "Caf\u00e9 Soluble Natural Sticks 10 U",
        "image": "https:\/\/cdn-consum.aktiosdigitalservices.com\/tol\/consum\/media\/product\/img\/300x300\/7172976.jpg?t=20250311133447"
    },
    {
        "id": 11992,
        "name": "Preparado Oreo Cake ROYAL",
        "price": 4.49,
        "price_kilo": 20.88,
        "slug": "preparado-oreo-cake",
        "description": "Preparado Oreo Cake 215 Gr",
        "image": "https:\/\/cdn-consum.aktiosdigitalservices.com\/tol\/consum\/media\/product\/img\/300x300\/7173826.jpg?t=20250311104833"
    },
    {
        "id": 11994,
        "name": "InfuSue\u00f1os Caja HORNIMANS",
        "price": 2.99,
        "price_kilo": 0.15,
        "slug": "infusuenos-caja",
        "description": "InfuSue\u00f1os Caja 20 U",
        "image": "https:\/\/cdn-consum.aktiosdigitalservices.com\/tol\/consum\/media\/product\/img\/300x300\/7176303.jpg?t=20250312160130"
    },
    {
        "id": 12001,
        "name": "Tarta Chocolate Milka ROYAL",
        "price": 4.89,
        "price_kilo": 13.97,
        "slug": "tarta-chocolate-milka",
        "description": "Tarta Chocolate Milka 350 Gr",
        "image": "https:\/\/cdn-consum.aktiosdigitalservices.com\/tol\/consum\/media\/product\/img\/300x300\/7183619.jpg?t=20250312160138"
    },
    {
        "id": 12003,
        "name": "Pur\u00e9 Patatas Bol MAGGI",
        "price": 1.29,
        "price_kilo": 25.8,
        "slug": "pure-patatas-bol",
        "description": "Pur\u00e9 Patatas Bol 50 Gr",
        "image": "https:\/\/cdn-consum.aktiosdigitalservices.com\/tol\/consum\/media\/product\/img\/300x300\/7185952.jpg?t=20250315075756"
    },
    {
        "id": 12010,
        "name": "Cono de Golosinas Sin Gluten MIGUELA\u00d1EZ",
        "price": 1.89,
        "price_kilo": 1.89,
        "slug": "cono-de-golosinas-sin-gluten",
        "description": "Cono de Golosinas Sin Gluten 1 U",
        "image": "https:\/\/cdn-consum.aktiosdigitalservices.com\/tol\/consum\/media\/product\/img\/300x300\/7191679.jpg?t=20250311124401"
    },
    {
        "id": 12011,
        "name": "Torta de Aceite CONSUM",
        "price": 1.49,
        "price_kilo": 8.28,
        "slug": "torta-de-aceite",
        "description": "Torta de Aceite 180 Gr",
        "image": "https:\/\/cdn-consum.aktiosdigitalservices.com\/tol\/consum\/media\/product\/img\/300x300\/7192706.jpg?t=20250311105031"
    },
    {
        "id": 12015,
        "name": "Harina para Rebozar sin Huevo YOLANDA",
        "price": 1.85,
        "price_kilo": 3.7,
        "slug": "harina-para-rebozar-sin-huevo",
        "description": "Harina para Rebozar sin Huevo 500 Gr",
        "image": "https:\/\/cdn-consum.aktiosdigitalservices.com\/tol\/consum\/media\/product\/img\/300x300\/7193753.jpg?t=20250109095554"
    },
    {
        "id": 12017,
        "name": "Pastelito Flaminguitos DULCESOL",
        "price": 1,
        "price_kilo": 6.06,
        "slug": "pastelito-flaminguitos",
        "description": "Pastelito Flaminguitos 3 Unidades",
        "image": "https:\/\/cdn-consum.aktiosdigitalservices.com\/tol\/consum\/media\/product\/img\/300x300\/7194533.jpg?t=20250311105052"
    },
    {
        "id": 12028,
        "name": "L Casei Fresa-Pl\u00e1tano y Galleta Pack 12 ud. CONSUM",
        "price": 2.22,
        "price_kilo": 1.85,
        "slug": "l-casei-fresa-platano-y-galleta-pack-12-ud",
        "description": "L Casei Fresa-Pl\u00e1tano y Galleta Pack 12 ud. 12 x 100 Gr",
        "image": "https:\/\/cdn-consum.aktiosdigitalservices.com\/tol\/consum\/media\/product\/img\/300x300\/7199839.jpg?t=20241223080001"
    },
    {
        "id": 12032,
        "name": "Fingers congelados LA COCINERA",
        "price": 4.99,
        "price_kilo": 15.59,
        "slug": "fingers-congelados",
        "description": "Fingers congelados 320 Gr",
        "image": "https:\/\/cdn-consum.aktiosdigitalservices.com\/tol\/consum\/media\/product\/img\/300x300\/7202781.jpg?t=20250227091417"
    },
    {
        "id": 12040,
        "name": "Bebida de Melocot\u00f3n sin Az\u00facares A\u00f1adidos CONSUM",
        "price": 1,
        "price_kilo": 1,
        "slug": "bebida-de-melocoton-sin-azucares-anadidos",
        "description": "Bebida de Melocot\u00f3n sin Az\u00facares A\u00f1adidos 1 L",
        "image": "https:\/\/cdn-consum.aktiosdigitalservices.com\/tol\/consum\/media\/product\/img\/300x300\/7209930.jpg?t=20241217081042"
    },
    {
        "id": 12041,
        "name": "Zumo Exprimido Naranja Sin pulpa - Minibrik CONSUM",
        "price": 1.4,
        "price_kilo": 2.33,
        "slug": "zumo-exprimido-naranja-sin-pulpa---minibrik",
        "description": "Zumo Exprimido Naranja Sin pulpa - Minibrik 3 x 0,2 L",
        "image": "https:\/\/cdn-consum.aktiosdigitalservices.com\/tol\/consum\/media\/product\/img\/300x300\/7209955.jpg?t=20241217081042"
    },
    {
        "id": 12043,
        "name": "N\u00e9ctar Melocot\u00f3n CONSUM",
        "price": 1.29,
        "price_kilo": 1.29,
        "slug": "nectar-melocoton",
        "description": "N\u00e9ctar Melocot\u00f3n 1 L",
        "image": "https:\/\/cdn-consum.aktiosdigitalservices.com\/tol\/consum\/media\/product\/img\/300x300\/7209976.jpg?t=20241217081042"
    },
    {
        "id": 12050,
        "name": "Insecticida Spray Rastreros RAID",
        "price": 5.29,
        "price_kilo": 13.23,
        "slug": "insecticida-spray-rastreros",
        "description": "Insecticida Spray Rastreros 400 ml",
        "image": "https:\/\/cdn-consum.aktiosdigitalservices.com\/tol\/consum\/media\/product\/img\/300x300\/7213556.jpg?t=20250320075924"
    },
    {
        "id": 12051,
        "name": "Insecticida Spray Multiinsectos RAID",
        "price": 6.75,
        "price_kilo": 16.88,
        "slug": "insecticida-spray-multiinsectos",
        "description": "Insecticida Spray Multiinsectos 400 ml",
        "image": "https:\/\/cdn-consum.aktiosdigitalservices.com\/tol\/consum\/media\/product\/img\/300x300\/7213580.jpg?t=20250320075927"
    },
    {
        "id": 12053,
        "name": "Tortitas Americanas Original Pancake MARY LEE",
        "price": 1.69,
        "price_kilo": 10.83,
        "slug": "tortitas-americanas-original-pancake",
        "description": "Tortitas Americanas Original Pancake 156 Gr",
        "image": "https:\/\/cdn-consum.aktiosdigitalservices.com\/tol\/consum\/media\/product\/img\/300x300\/7215056.jpg?t=20250311105226"
    },
    {
        "id": 12056,
        "name": "Alb\u00f3ndigas Estilo Casero CARRETILLA",
        "price": 3.65,
        "price_kilo": 12.17,
        "slug": "albondigas-estilo-casero",
        "description": "Alb\u00f3ndigas Estilo Casero 300 Gr",
        "image": "https:\/\/cdn-consum.aktiosdigitalservices.com\/tol\/consum\/media\/product\/img\/300x300\/7216612.jpg?t=20250313080301"
    },
    {
        "id": 12057,
        "name": "Fideu\u00e1 CARRETILLA",
        "price": 2.99,
        "price_kilo": 11.96,
        "slug": "fideua",
        "description": "Fideu\u00e1 250 Gr",
        "image": "https:\/\/cdn-consum.aktiosdigitalservices.com\/tol\/consum\/media\/product\/img\/300x300\/7216617.jpg?t=20241217081045"
    },
    {
        "id": 12058,
        "name": "Paella Marinera CARRETILLA",
        "price": 2.99,
        "price_kilo": 11.96,
        "slug": "paella-marinera",
        "description": "Paella Marinera 250 Gr",
        "image": "https:\/\/cdn-consum.aktiosdigitalservices.com\/tol\/consum\/media\/product\/img\/300x300\/7216620.jpg?t=20241217081045"
    },
    {
        "id": 12059,
        "name": "Preparado Bizcocho ROYAL",
        "price": 3.69,
        "price_kilo": 9.84,
        "slug": "preparado-bizcocho",
        "description": "Preparado Bizcocho 375 Gr",
        "image": "https:\/\/cdn-consum.aktiosdigitalservices.com\/tol\/consum\/media\/product\/img\/300x300\/7217235.jpg?t=20250312160258"
    },
    {
        "id": 12061,
        "name": "Aroma Vainilla VAHINE",
        "price": 4.35,
        "price_kilo": 21.75,
        "slug": "aroma-vainilla",
        "description": "Aroma Vainilla 200 ml",
        "image": "https:\/\/cdn-consum.aktiosdigitalservices.com\/tol\/consum\/media\/product\/img\/300x300\/7217263.jpg?t=20250311105239"
    },
    {
        "id": 12068,
        "name": "Corazones VAHINE",
        "price": 2.45,
        "price_kilo": 44.55,
        "slug": "corazones",
        "description": "Corazones 55 Gr",
        "image": "https:\/\/cdn-consum.aktiosdigitalservices.com\/tol\/consum\/media\/product\/img\/300x300\/7221948.jpg?t=20250311105320"
    },
    {
        "id": 12073,
        "name": "Pepitas Chocolate con Leche VAHINE",
        "price": 3.99,
        "price_kilo": 39.9,
        "slug": "pepitas-chocolate-con-leche",
        "description": "Pepitas Chocolate con Leche 100 Gr",
        "image": "https:\/\/cdn-consum.aktiosdigitalservices.com\/tol\/consum\/media\/product\/img\/300x300\/7222003.jpg?t=20250311105322"
    },
    {
        "id": 12078,
        "name": "Velita y Cifras VAHIN\u00c9",
        "price": 2.99,
        "price_kilo": 0.25,
        "slug": "velita-y-cifras",
        "description": "Velita y Cifras 12 U",
        "image": "https:\/\/cdn-consum.aktiosdigitalservices.com\/tol\/consum\/media\/product\/img\/300x300\/7222060.jpg?t=20250311105327"
    },
    {
        "id": 12082,
        "name": "Limpiahogar Ox\u00edgeno Activo CONSUM",
        "price": 1.35,
        "price_kilo": 1.35,
        "slug": "limpiahogar-oxigeno-activo",
        "description": "Limpiahogar Ox\u00edgeno Activo 1 L",
        "image": "https:\/\/cdn-consum.aktiosdigitalservices.com\/tol\/consum\/media\/product\/img\/300x300\/7224587.jpg?t=20250212080357"
    },
    {
        "id": 12091,
        "name": "Sirope de Fresa Bote HELIOS",
        "price": 1.99,
        "price_kilo": 6.75,
        "slug": "sirope-de-fresa-bote",
        "description": "Sirope de Fresa Bote 295 Gr",
        "image": "https:\/\/cdn-consum.aktiosdigitalservices.com\/tol\/consum\/media\/product\/img\/300x300\/7226665.jpg?t=20250311105344"
    },
    {
        "id": 12102,
        "name": "Yemas de Gallina Nutrave\/Pamies ",
        "price": 2.17,
        "price_kilo": 8.68,
        "slug": "yemas-de-gallina-nutrave-pamies",
        "description": "Yemas de Gallina Nutrave\/Pamies 250 Gr",
        "image": "https:\/\/cdn-consum.aktiosdigitalservices.com\/tol\/consum\/media\/product\/img\/300x300\/7231124.jpg?t=20250114084828"
    },
    {
        "id": 12103,
        "name": "Sirope de Chocolate Bote HELIOS",
        "price": 1.99,
        "price_kilo": 6.75,
        "slug": "sirope-de-chocolate-bote",
        "description": "Sirope de Chocolate Bote 295 Gr",
        "image": "https:\/\/cdn-consum.aktiosdigitalservices.com\/tol\/consum\/media\/product\/img\/300x300\/7231173.jpg?t=20250311105356"
    },
    {
        "id": 12106,
        "name": "Caramelo Tin Lim\u00f3n SMINT",
        "price": 2.49,
        "price_kilo": 7.11,
        "slug": "caramelo-tin-limon",
        "description": "Caramelo Tin Lim\u00f3n 35 Gr",
        "image": "https:\/\/cdn-consum.aktiosdigitalservices.com\/tol\/consum\/media\/product\/img\/300x300\/7231400.jpg?t=20250311124457"
    },
    {
        "id": 12114,
        "name": "Magret de Pato congelado MARTIKO",
        "price": 9.19,
        "price_kilo": 29.65,
        "slug": "magret-de-pato-congelado",
        "description": "Magret de Pato 310 Gr congelado",
        "image": "https:\/\/cdn-consum.aktiosdigitalservices.com\/tol\/consum\/media\/product\/img\/300x300\/7233596.jpg?t=20250311164558"
    },
    {
        "id": 12120,
        "name": "Gelatina de Fresa CONSUM",
        "price": 1.5,
        "price_kilo": 8.82,
        "slug": "gelatina-de-fresa",
        "description": "Gelatina de Fresa 170 Gr",
        "image": "https:\/\/cdn-consum.aktiosdigitalservices.com\/tol\/consum\/media\/product\/img\/300x300\/7235646.jpg?t=20250311105435"
    },
    {
        "id": 12121,
        "name": "Gelatina de Lim\u00f3n CONSUM",
        "price": 1.5,
        "price_kilo": 8.82,
        "slug": "gelatina-de-limon",
        "description": "Gelatina de Lim\u00f3n 170 Gr",
        "image": "https:\/\/cdn-consum.aktiosdigitalservices.com\/tol\/consum\/media\/product\/img\/300x300\/7235653.jpg?t=20250311105438"
    },
    {
        "id": 12122,
        "name": "Flan Vainilla con Caramelo CONSUM",
        "price": 1.4,
        "price_kilo": 7.37,
        "slug": "flan-vainilla-con-caramelo",
        "description": "Flan Vainilla con Caramelo 190 Gr",
        "image": "https:\/\/cdn-consum.aktiosdigitalservices.com\/tol\/consum\/media\/product\/img\/300x300\/7235674.jpg?t=20250311105440"
    },
    {
        "id": 12128,
        "name": "Laca Fijaci\u00f3n Fuerte ELNETT",
        "price": 3.99,
        "price_kilo": 5.32,
        "slug": "laca-fijacion-fuerte",
        "description": "Laca Fijaci\u00f3n Fuerte 75 ml",
        "image": "https:\/\/cdn-consum.aktiosdigitalservices.com\/tol\/consum\/media\/product\/img\/300x300\/7237597.jpg?t=20250204080649"
    },
    {
        "id": 12131,
        "name": "Sirope de Caramelo Bote HELIOS",
        "price": 1.75,
        "price_kilo": 5.93,
        "slug": "sirope-de-caramelo-bote",
        "description": "Sirope de Caramelo Bote 295 Gr",
        "image": "https:\/\/cdn-consum.aktiosdigitalservices.com\/tol\/consum\/media\/product\/img\/300x300\/7238355.jpg?t=20250311164559"
    },
    {
        "id": 12152,
        "name": "Caf\u00e9 Senseo Descafeinado Monodosis MARCILLA",
        "price": 5.75,
        "price_kilo": 0.21,
        "slug": "cafe-senseo-descafeinado-monodosis",
        "description": "Caf\u00e9 Senseo Descafeinado Monodosis 28 U",
        "image": "https:\/\/cdn-consum.aktiosdigitalservices.com\/tol\/consum\/media\/product\/img\/300x300\/7243835.jpg?t=20250311133718"
    },
    {
        "id": 12168,
        "name": "Zumo Tropical Consum Pack de 6 CONSUM",
        "price": 1.99,
        "price_kilo": 1.66,
        "slug": "zumo-tropical-consum-pack-de-6",
        "description": "Zumo Tropical Consum Pack de 6 6 x 0,2 L",
        "image": "https:\/\/cdn-consum.aktiosdigitalservices.com\/tol\/consum\/media\/product\/img\/300x300\/7245934.jpg?t=20250121080322"
    },
    {
        "id": 12176,
        "name": "Delicias de Mar Pack 2 Unidades CONSUM",
        "price": 1.69,
        "price_kilo": 8.45,
        "slug": "delicias-de-mar-pack-2-unidades",
        "description": "Delicias de Mar Pack 2 Unidades 2 x 100 Gr",
        "image": "https:\/\/cdn-consum.aktiosdigitalservices.com\/tol\/consum\/media\/product\/img\/300x300\/7247856.jpg?t=20250312125432"
    },
    {
        "id": 12177,
        "name": "Medias Noches Panecillos Sin Gluten SCH\u00c4R",
        "price": 2.92,
        "price_kilo": 14.6,
        "slug": "medias-noches-panecillos-sin-gluten",
        "description": "Medias Noches Panecillos Sin Gluten 200 Gr",
        "image": "https:\/\/cdn-consum.aktiosdigitalservices.com\/tol\/consum\/media\/product\/img\/300x300\/7248235.jpg?t=20250313080347"
    },
    {
        "id": 12185,
        "name": "Sardina Marinada BRUIMAR",
        "price": 1.45,
        "price_kilo": 29,
        "slug": "sardina-marinada",
        "description": "Sardina Marinada 50 Gr",
        "image": "https:\/\/cdn-consum.aktiosdigitalservices.com\/tol\/consum\/media\/product\/img\/300x300\/7252356.jpg?t=20241217081100"
    },
    {
        "id": 12186,
        "name": "Cacao Instant\u00e1neo CONSUM",
        "price": 2.2,
        "price_kilo": 5.5,
        "slug": "cacao-instantaneo",
        "description": "Cacao Instant\u00e1neo 400 Gr",
        "image": "https:\/\/cdn-consum.aktiosdigitalservices.com\/tol\/consum\/media\/product\/img\/300x300\/7252484.jpg?t=20250311133743"
    },
    {
        "id": 12191,
        "name": "Compresa Incontinencia Men Normal INDASEC",
        "price": 4.25,
        "price_kilo": 0.43,
        "slug": "compresa-incontinencia-men-normal",
        "description": "Compresa Incontinencia Men Normal 10 U",
        "image": "https:\/\/cdn-consum.aktiosdigitalservices.com\/tol\/consum\/media\/product\/img\/300x300\/7254076.jpg?t=20250227092211"
    },
    {
        "id": 12203,
        "name": "Mini Alb\u00f3ndigas Bacalao sin Gluten congeladas PRECOAN",
        "price": 2.15,
        "price_kilo": 8.6,
        "slug": "mini-albondigas-bacalao-sin-gluten-congeladas",
        "description": "Mini Alb\u00f3ndigas Bacalao sin Gluten congeladas 250 Gr",
        "image": "https:\/\/cdn-consum.aktiosdigitalservices.com\/tol\/consum\/media\/product\/img\/300x300\/7256287.jpg?t=20241217081103"
    },
    {
        "id": 12209,
        "name": "Velitas Cumplea\u00f1os Rosas y Azules VAHIN\u00c9",
        "price": 1.89,
        "price_kilo": 0.12,
        "slug": "velitas-cumpleanos-rosas-y-azules",
        "description": "Velitas Cumplea\u00f1os Rosas y Azules 16 U",
        "image": "https:\/\/cdn-consum.aktiosdigitalservices.com\/tol\/consum\/media\/product\/img\/300x300\/7258171.jpg?t=20250311105724"
    },
    {
        "id": 12213,
        "name": "Brazo de Cacao CONSUM",
        "price": 1.99,
        "price_kilo": 6.63,
        "slug": "brazo-de-cacao",
        "description": "Brazo de Cacao 300 Gr",
        "image": "https:\/\/cdn-consum.aktiosdigitalservices.com\/tol\/consum\/media\/product\/img\/300x300\/7259406.jpg?t=20250311105726"
    },
    {
        "id": 12228,
        "name": "Pan Pay\u00e9s Sin Gluten SCH\u00c4R",
        "price": 3.73,
        "price_kilo": 15.54,
        "slug": "pan-payes-sin-gluten",
        "description": "Pan Pay\u00e9s Sin Gluten 240 Gr",
        "image": "https:\/\/cdn-consum.aktiosdigitalservices.com\/tol\/consum\/media\/product\/img\/300x300\/7261829.jpg?t=20250313080405"
    },
    {
        "id": 12229,
        "name": "Rabas Empanadas PESCANOVA",
        "price": 4.19,
        "price_kilo": 8.73,
        "slug": "rabas-empanadas",
        "description": "Rabas Empanadas 480 Gr",
        "image": "https:\/\/cdn-consum.aktiosdigitalservices.com\/tol\/consum\/media\/product\/img\/300x300\/7262020.jpg?t=20250218080531"
    },
    {
        "id": 12230,
        "name": "Insecticida El\u00e9ctrico Aparato L\u00edquido M\u00e1s Rec BLOOM",
        "price": 9.35,
        "price_kilo": 9.35,
        "slug": "insecticida-electrico-aparato-liquido-mas-rec",
        "description": "Insecticida El\u00e9ctrico Aparato L\u00edquido M\u00e1s Rec 1 U",
        "image": "https:\/\/cdn-consum.aktiosdigitalservices.com\/tol\/consum\/media\/product\/img\/300x300\/7262090.jpg?t=20250320080014"
    },
    {
        "id": 12234,
        "name": "Recambio Insecticida El\u00e9ctrico M&M Max BLOOM",
        "price": 5.1,
        "price_kilo": 5.1,
        "slug": "recambio-insecticida-electrico-mm-max",
        "description": "Recambio Insecticida El\u00e9ctrico M&M Max 1 U",
        "image": "https:\/\/cdn-consum.aktiosdigitalservices.com\/tol\/consum\/media\/product\/img\/300x300\/7262269.jpg?t=20250320080017"
    },
    {
        "id": 12251,
        "name": "Salaqueso Bolsa 4 Paquetes VELARTE",
        "price": 2.26,
        "price_kilo": 14.13,
        "slug": "salaqueso-bolsa-4-paquetes",
        "description": "Salaqueso Bolsa 4 Paquetes 4 x 40 Gr",
        "image": "https:\/\/cdn-consum.aktiosdigitalservices.com\/tol\/consum\/media\/product\/img\/300x300\/7264737.jpg?t=20250311164600"
    },
    {
        "id": 12256,
        "name": "Caf\u00e9 con Leche Descafeinado C\u00e1psulas DOLCE GUSTO",
        "price": 5.2,
        "price_kilo": 0.33,
        "slug": "cafe-con-leche-descafeinado-capsulas",
        "description": "Caf\u00e9 con Leche Descafeinado C\u00e1psulas 16 U",
        "image": "https:\/\/cdn-consum.aktiosdigitalservices.com\/tol\/consum\/media\/product\/img\/300x300\/7266091.jpg?t=20250311105829"
    },
    {
        "id": 12271,
        "name": "Bizcocho Blandito Tosta Rica Oceanix CUETARA",
        "price": 2.99,
        "price_kilo": 18.69,
        "slug": "bizcocho-blandito-tosta-rica-oceanix",
        "description": "Bizcocho Blandito Tosta Rica Oceanix 160 Gr",
        "image": "https:\/\/cdn-consum.aktiosdigitalservices.com\/tol\/consum\/media\/product\/img\/300x300\/7267722.jpg?t=20250313080410"
    },
    {
        "id": 12281,
        "name": "Chocolate Negro 70% sin Az\u00facar con Almendra VALOR",
        "price": 3.99,
        "price_kilo": 26.6,
        "slug": "chocolate-negro-70-sin-azucar-con-almendra",
        "description": "Chocolate Negro 70% sin Az\u00facar con Almendra 150 Gr",
        "image": "https:\/\/cdn-consum.aktiosdigitalservices.com\/tol\/consum\/media\/product\/img\/300x300\/7269660.jpg?t=20250311133825"
    },
    {
        "id": 12285,
        "name": "Gelatina Sabor Fresa Light 10 Kcal ROYAL",
        "price": 2.85,
        "price_kilo": 9.19,
        "slug": "gelatina-sabor-fresa-light-10-kcal",
        "description": "Gelatina Sabor Fresa Light 10 Kcal 31 Gr",
        "image": "https:\/\/cdn-consum.aktiosdigitalservices.com\/tol\/consum\/media\/product\/img\/300x300\/7270762.jpg?t=20250311105857"
    },
    {
        "id": 12286,
        "name": "Gelatina Sabor Lim\u00f3n Light 10 Kcal ROYAL",
        "price": 2.85,
        "price_kilo": 9.19,
        "slug": "gelatina-sabor-limon-light-10-kcal",
        "description": "Gelatina Sabor Lim\u00f3n Light 10 Kcal 31 Gr",
        "image": "https:\/\/cdn-consum.aktiosdigitalservices.com\/tol\/consum\/media\/product\/img\/300x300\/7270767.jpg?t=20250311105900"
    },
    {
        "id": 12290,
        "name": "Rosquilletas Planas con Cacahuetes CONSUM",
        "price": 1.28,
        "price_kilo": 8,
        "slug": "rosquilletas-planas-con-cacahuetes",
        "description": "Rosquilletas Planas con Cacahuetes 2 x 80 Gr",
        "image": "https:\/\/cdn-consum.aktiosdigitalservices.com\/tol\/consum\/media\/product\/img\/300x300\/7271331.jpg?t=20250312092756"
    },
    {
        "id": 12298,
        "name": "Pan de Molde Rebanada Estilo Artesano BIMBO",
        "price": 2.79,
        "price_kilo": 5.58,
        "slug": "pan-de-molde-rebanada-estilo-artesano",
        "description": "Pan de Molde Rebanada Estilo Artesano 500 Gr",
        "image": "https:\/\/cdn-consum.aktiosdigitalservices.com\/tol\/consum\/media\/product\/img\/300x300\/7272938.jpg?t=20250311133829"
    },
    {
        "id": 12317,
        "name": "Patata Guarnici\u00f3n ",
        "price": 2.59,
        "price_kilo": 2.59,
        "slug": "patata-guarnicion",
        "description": "Patata Guarnici\u00f3n 1 Kg",
        "image": "https:\/\/cdn-consum.aktiosdigitalservices.com\/tol\/consum\/media\/product\/img\/300x300\/57018.jpg?t=20250204075717"
    },
    {
        "id": 12318,
        "name": "Repollo Liso Entero ",
        "price": 5.21,
        "price_kilo": 1.77,
        "slug": "repollo-liso-entero",
        "description": "Repollo Liso Entero",
        "image": "https:\/\/cdn-consum.aktiosdigitalservices.com\/tol\/consum\/media\/product\/img\/300x300\/81117.jpg?t=20250322075640"
    },
    {
        "id": 12324,
        "name": "Vino Tinto Crianza D.O.Rioja MARQ.CACERES",
        "price": 7.9,
        "price_kilo": 10.53,
        "slug": "vino-tinto-crianza-dorioja",
        "description": "Vino Tinto Crianza D.O.Rioja 0,75 L",
        "image": "https:\/\/cdn-consum.aktiosdigitalservices.com\/tol\/consum\/media\/product\/img\/300x300\/309443.jpg?t=20250109092718"
    },
    {
        "id": 12328,
        "name": "Limpia Tuberias L\u00edquido WC NET",
        "price": 6.99,
        "price_kilo": 6.99,
        "slug": "limpia-tuberias-liquido",
        "description": "Limpia Tuberias L\u00edquido 1 L",
        "image": "https:\/\/cdn-consum.aktiosdigitalservices.com\/tol\/consum\/media\/product\/img\/300x300\/341933.jpg?t=20250319075636"
    },
    {
        "id": 12329,
        "name": "Salchichas Bockwurst Frasco MEICA",
        "price": 4.69,
        "price_kilo": 18.76,
        "slug": "salchichas-bockwurst-frasco",
        "description": "Salchichas Bockwurst Frasco 250 Gr",
        "image": "https:\/\/cdn-consum.aktiosdigitalservices.com\/tol\/consum\/media\/product\/img\/300x300\/343160.jpg?t=20241217080947"
    },
    {
        "id": 12330,
        "name": "Vino Blanco Semi Dulce D.O.Rioja DIAMANTE",
        "price": 4.3,
        "price_kilo": 5.73,
        "slug": "vino-blanco-semi-dulce-dorioja",
        "description": "Vino Blanco Semi Dulce D.O.Rioja 0,75 L",
        "image": "https:\/\/cdn-consum.aktiosdigitalservices.com\/tol\/consum\/media\/product\/img\/300x300\/378323.jpg?t=20250109093056"
    },
    {
        "id": 12331,
        "name": "Vino Rosado Aguja MATEUS",
        "price": 4.49,
        "price_kilo": 5.99,
        "slug": "vino-rosado-aguja",
        "description": "Vino Rosado Aguja 0,75 L",
        "image": "https:\/\/cdn-consum.aktiosdigitalservices.com\/tol\/consum\/media\/product\/img\/300x300\/383414.jpg?t=20250201075629"
    },
    {
        "id": 12332,
        "name": "Cepillo Betunero ",
        "price": 1.25,
        "price_kilo": 1.25,
        "slug": "cepillo-betunero",
        "description": "Cepillo Betunero 1 U",
        "image": "https:\/\/cdn-consum.aktiosdigitalservices.com\/tol\/consum\/media\/product\/img\/300x300\/408708.jpg?t=20241217080948"
    },
    {
        "id": 12333,
        "name": "Cera Suelos Incolora ALEX",
        "price": 3.99,
        "price_kilo": 5.32,
        "slug": "cera-suelos-incolora",
        "description": "Cera Suelos Incolora 750 ml",
        "image": "https:\/\/cdn-consum.aktiosdigitalservices.com\/tol\/consum\/media\/product\/img\/300x300\/416123.jpg?t=20241217080949"
    },
    {
        "id": 12334,
        "name": "Bayeta Posavajillas Origin SPONTEX",
        "price": 3.5,
        "price_kilo": 3.5,
        "slug": "bayeta-posavajillas-origin",
        "description": "Bayeta Posavajillas Origin 1 U",
        "image": "https:\/\/cdn-consum.aktiosdigitalservices.com\/tol\/consum\/media\/product\/img\/300x300\/418335.jpg?t=20250206090100"
    },
    {
        "id": 12337,
        "name": "Huesos Blancos Salados IBERIAN MEAT",
        "price": 1.08,
        "price_kilo": 5.39,
        "slug": "huesos-blancos-salados",
        "description": "Huesos Blancos Salados",
        "image": "https:\/\/cdn-consum.aktiosdigitalservices.com\/tol\/consum\/media\/product\/img\/300x300\/559534.jpg?t=20250318080931"
    },
    {
        "id": 12344,
        "name": "Chorizo Tipo Pueblo CONSUM",
        "price": 3.6,
        "price_kilo": 7.99,
        "slug": "chorizo-tipo-pueblo",
        "description": "Chorizo Tipo Pueblo",
        "image": "https:\/\/cdn-consum.aktiosdigitalservices.com\/tol\/consum\/media\/product\/img\/300x300\/921734.jpg?t=20250218075842"
    },
    {
        "id": 12345,
        "name": "Barbacoa Mini CONSUM",
        "price": 2.55,
        "price_kilo": 8.49,
        "slug": "barbacoa-mini",
        "description": "Barbacoa Mini",
        "image": "https:\/\/cdn-consum.aktiosdigitalservices.com\/tol\/consum\/media\/product\/img\/300x300\/921759.jpg?t=20250225075709"
    },
    {
        "id": 12346,
        "name": "Botifarr\u00f3n de Carne CONSUM",
        "price": 2.49,
        "price_kilo": 8.29,
        "slug": "botifarron-de-carne",
        "description": "Botifarr\u00f3n de Carne",
        "image": "https:\/\/cdn-consum.aktiosdigitalservices.com\/tol\/consum\/media\/product\/img\/300x300\/922021.jpg?t=20241217080954"
    },
    {
        "id": 12347,
        "name": "Morcilla de Cebolla Oreada CONSUM",
        "price": 2.56,
        "price_kilo": 7.29,
        "slug": "morcilla-de-cebolla-oreada",
        "description": "Morcilla de Cebolla Oreada",
        "image": "https:\/\/cdn-consum.aktiosdigitalservices.com\/tol\/consum\/media\/product\/img\/300x300\/922047.jpg?t=20250318075739"
    },
    {
        "id": 12348,
        "name": "Panceta Ib\u00e9rica IBERIAN MEAT",
        "price": 1.48,
        "price_kilo": 7.39,
        "slug": "panceta-iberica",
        "description": "Panceta Ib\u00e9rica",
        "image": "https:\/\/cdn-consum.aktiosdigitalservices.com\/tol\/consum\/media\/product\/img\/300x300\/926212.jpg?t=20250103080024"
    },
    {
        "id": 12351,
        "name": "Blanco CONSUM",
        "price": 1.87,
        "price_kilo": 7.49,
        "slug": "blanco",
        "description": "Blanco",
        "image": "https:\/\/cdn-consum.aktiosdigitalservices.com\/tol\/consum\/media\/product\/img\/300x300\/927020.jpg?t=20241217080954"
    },
    {
        "id": 12352,
        "name": "Harina de Arroz Paquete REX",
        "price": 1.19,
        "price_kilo": 2.38,
        "slug": "harina-de-arroz-paquete",
        "description": "Harina de Arroz Paquete 500 Gr",
        "image": "https:\/\/cdn-consum.aktiosdigitalservices.com\/tol\/consum\/media\/product\/img\/300x300\/965520.jpg?t=20250320075704"
    },
    {
        "id": 12361,
        "name": "Lomo A\u00f1ojo CONSUM",
        "price": 7.36,
        "price_kilo": 24.5,
        "slug": "lomo-anojo",
        "description": "Lomo A\u00f1ojo",
        "image": "https:\/\/cdn-consum.aktiosdigitalservices.com\/tol\/consum\/media\/product\/img\/300x300\/1714294.jpg?t=20250110075731"
    },
    {
        "id": 12363,
        "name": "Blanco y Rojo CONSUM",
        "price": 4.27,
        "price_kilo": 9.49,
        "slug": "blanco-y-rojo",
        "description": "Blanco y Rojo",
        "image": "https:\/\/cdn-consum.aktiosdigitalservices.com\/tol\/consum\/media\/product\/img\/300x300\/1715200.jpg?t=20250312124916"
    },
    {
        "id": 12367,
        "name": "Tocino de Cerdo CONSUM",
        "price": 1.2,
        "price_kilo": 5.99,
        "slug": "tocino-de-cerdo",
        "description": "Tocino de Cerdo",
        "image": "https:\/\/cdn-consum.aktiosdigitalservices.com\/tol\/consum\/media\/product\/img\/300x300\/2946309.jpg?t=20241217080957"
    },
    {
        "id": 12369,
        "name": "Colonia Jaq's Masculina 200 ml a Precio 100 ml JACQ'S",
        "price": 5.89,
        "price_kilo": 2.95,
        "slug": "colonia-jaqs-masculina-200-ml-a-precio-100-ml",
        "description": "Colonia Jaq's Masculina 200 ml a Precio 100 ml 200 ml",
        "image": "https:\/\/cdn-consum.aktiosdigitalservices.com\/tol\/consum\/media\/product\/img\/300x300\/4185955.jpg?t=20250312124952"
    },
    {
        "id": 12371,
        "name": "Cebolla Morada Malla ",
        "price": 1.43,
        "price_kilo": 2.86,
        "slug": "cebolla-morada-malla",
        "description": "Cebolla Morada Malla 500 Gr",
        "image": "https:\/\/cdn-consum.aktiosdigitalservices.com\/tol\/consum\/media\/product\/img\/300x300\/4804720.jpg?t=20250206090512"
    },
    {
        "id": 12372,
        "name": "Chuletas de Paletilla CONSUM",
        "price": 9.7,
        "price_kilo": 24.25,
        "slug": "chuletas-de-paletilla",
        "description": "Chuletas de Paletilla",
        "image": "https:\/\/cdn-consum.aktiosdigitalservices.com\/tol\/consum\/media\/product\/img\/300x300\/4910022.jpg?t=20250318080932"
    },
    {
        "id": 12375,
        "name": "Chuletas de Pierna CONSUM",
        "price": 10.35,
        "price_kilo": 20.7,
        "slug": "chuletas-de-pierna",
        "description": "Chuletas de Pierna - Servicio todos los d\u00edas excepto lunes y martes",
        "image": "https:\/\/cdn-consum.aktiosdigitalservices.com\/tol\/consum\/media\/product\/img\/300x300\/5303482.jpg?t=20241217080959"
    },
    {
        "id": 12377,
        "name": "Hierbabuena Bandeja EL DULZE",
        "price": 1.25,
        "price_kilo": 6.25,
        "slug": "hierbabuena-bandeja",
        "description": "Hierbabuena Bandeja 20 Gr",
        "image": "https:\/\/cdn-consum.aktiosdigitalservices.com\/tol\/consum\/media\/product\/img\/300x300\/7004153.jpg?t=20241217081000"
    },
    {
        "id": 12378,
        "name": "Entrecot de Novillo Argentino CARNES FELIX",
        "price": 12.01,
        "price_kilo": 39.99,
        "slug": "entrecot-de-novillo-argentino",
        "description": "Entrecot de Novillo Argentino",
        "image": "https:\/\/cdn-consum.aktiosdigitalservices.com\/tol\/consum\/media\/product\/img\/300x300\/7005176.jpg?t=20241226075617"
    },
    {
        "id": 12379,
        "name": "Cepillo Calzado ",
        "price": 1.99,
        "price_kilo": 1.99,
        "slug": "cepillo-calzado",
        "description": "Cepillo Calzado 1 U",
        "image": "https:\/\/cdn-consum.aktiosdigitalservices.com\/tol\/consum\/media\/product\/img\/300x300\/7008576.jpg?t=20241217081000"
    },
    {
        "id": 12380,
        "name": "Jab\u00f3n de Marsella Pastilla OMINO BIANCO",
        "price": 2.99,
        "price_kilo": 2.99,
        "slug": "jabon-de-marsella-pastilla",
        "description": "Jab\u00f3n de Marsella Pastilla 1 U",
        "image": "https:\/\/cdn-consum.aktiosdigitalservices.com\/tol\/consum\/media\/product\/img\/300x300\/7009991.jpg?t=20241217081000"
    },
    {
        "id": 12383,
        "name": "Manzana Golden Marlene Bandeja ",
        "price": 1.99,
        "price_kilo": 2.65,
        "slug": "manzana-golden-marlene-bandeja",
        "description": "Manzana Golden Marlene Bandeja 750 Gr",
        "image": "https:\/\/cdn-consum.aktiosdigitalservices.com\/tol\/consum\/media\/product\/img\/300x300\/7017601.jpg?t=20250312155854"
    },
    {
        "id": 12386,
        "name": "Alubias Salsa de Tomate Bote PELLI",
        "price": 0.99,
        "price_kilo": 2.36,
        "slug": "alubias-salsa-de-tomate-bote",
        "description": "Alubias Salsa de Tomate Bote 420 Gr",
        "image": "https:\/\/cdn-consum.aktiosdigitalservices.com\/tol\/consum\/media\/product\/img\/300x300\/7021561.jpg?t=20241217081002"
    },
    {
        "id": 12400,
        "name": "Vino Blanco Verdejo D.O.Rueda MARQ.RISCAL",
        "price": 9.35,
        "price_kilo": 12.47,
        "slug": "vino-blanco-verdejo-dorueda",
        "description": "Vino Blanco Verdejo D.O.Rueda 0,75 L - Marqu\u00e9s de Riscal",
        "image": "https:\/\/cdn-consum.aktiosdigitalservices.com\/tol\/consum\/media\/product\/img\/300x300\/7039287.jpg?t=20250311124111"
    },
    {
        "id": 12403,
        "name": "Vino Tinto de Mesa Botella VALDEOLIVA",
        "price": 2.25,
        "price_kilo": 3,
        "slug": "vino-tinto-de-mesa-botella",
        "description": "Vino Tinto de Mesa Botella 0,75 L",
        "image": "https:\/\/cdn-consum.aktiosdigitalservices.com\/tol\/consum\/media\/product\/img\/300x300\/7040934.jpg?t=20250227090416"
    },
    {
        "id": 12407,
        "name": "Pimiento Tricolor ",
        "price": 2.15,
        "price_kilo": 4.3,
        "slug": "pimiento-tricolor",
        "description": "Pimiento Tricolor 500 Gr",
        "image": "https:\/\/cdn-consum.aktiosdigitalservices.com\/tol\/consum\/media\/product\/img\/300x300\/7043370.jpg?t=20250204080141"
    },
    {
        "id": 12408,
        "name": "Perdiz en  Escabeche Bote POLGRI",
        "price": 11.55,
        "price_kilo": 25.67,
        "slug": "perdiz-en-escabeche-bote",
        "description": "Perdiz en  Escabeche Bote 450 Gr",
        "image": "https:\/\/cdn-consum.aktiosdigitalservices.com\/tol\/consum\/media\/product\/img\/300x300\/7047397.jpg?t=20250319075744"
    },
    {
        "id": 12409,
        "name": "Codorniz en Escabeche Bote POLGRI",
        "price": 5.89,
        "price_kilo": 15.1,
        "slug": "codorniz-en-escabeche-bote",
        "description": "Codorniz en Escabeche Bote 390 Gr",
        "image": "https:\/\/cdn-consum.aktiosdigitalservices.com\/tol\/consum\/media\/product\/img\/300x300\/7047400.jpg?t=20250311164535"
    },
    {
        "id": 12420,
        "name": "Secreto de Cerdo CONSUM",
        "price": 4.28,
        "price_kilo": 7.1,
        "slug": "secreto-de-cerdo",
        "description": "Secreto de Cerdo",
        "image": "https:\/\/cdn-consum.aktiosdigitalservices.com\/tol\/consum\/media\/product\/img\/300x300\/7067408.jpg?t=20241231075747"
    },
    {
        "id": 12425,
        "name": "Vino Tinto Garrafa PARQUE REAL",
        "price": 5.55,
        "price_kilo": 1.11,
        "slug": "vino-tinto-garrafa",
        "description": "Vino Tinto Garrafa 5 L",
        "image": "https:\/\/cdn-consum.aktiosdigitalservices.com\/tol\/consum\/media\/product\/img\/300x300\/7081719.jpg?t=20241217081015"
    },
    {
        "id": 12428,
        "name": "Vino Blanco Verdejo D.O.Rueda PROTOS",
        "price": 7.65,
        "price_kilo": 10.2,
        "slug": "vino-blanco-verdejo-dorueda",
        "description": "Vino Blanco Verdejo D.O.Rueda 0,75 L",
        "image": "https:\/\/cdn-consum.aktiosdigitalservices.com\/tol\/consum\/media\/product\/img\/300x300\/7091635.jpg?t=20250201075806"
    },
    {
        "id": 12435,
        "name": "Leche en Polvo 1% de Materia Grasa ASTURIANA",
        "price": 8.83,
        "price_kilo": 8.83,
        "slug": "leche-en-polvo-1-de-materia-grasa",
        "description": "Leche en Polvo 1% de Materia Grasa 1 Kg",
        "image": "https:\/\/cdn-consum.aktiosdigitalservices.com\/tol\/consum\/media\/product\/img\/300x300\/7104987.jpg?t=20250311104418"
    },
    {
        "id": 12444,
        "name": "Bebida de Naranja Sin Az\u00facares A\u00f1adidos CONSUM",
        "price": 1.85,
        "price_kilo": 1.54,
        "slug": "bebida-de-naranja-sin-azucares-anadidos",
        "description": "Bebida de Naranja Sin Az\u00facares A\u00f1adidos 6 x 0,2 L",
        "image": "https:\/\/cdn-consum.aktiosdigitalservices.com\/tol\/consum\/media\/product\/img\/300x300\/7118599.jpg?t=20250111075824"
    },
    {
        "id": 12445,
        "name": "Bebida de Melocot\u00f3n Sin Az\u00facares A\u00f1adidos CONSUM",
        "price": 1.5,
        "price_kilo": 1.25,
        "slug": "bebida-de-melocoton-sin-azucares-anadidos",
        "description": "Bebida de Melocot\u00f3n Sin Az\u00facares A\u00f1adidos 6 x 0,2 L",
        "image": "https:\/\/cdn-consum.aktiosdigitalservices.com\/tol\/consum\/media\/product\/img\/300x300\/7118602.jpg?t=20250312092746"
    },
    {
        "id": 12449,
        "name": "Guacamole ",
        "price": 1.75,
        "price_kilo": 8.75,
        "slug": "guacamole",
        "description": "Guacamole 200 Gr",
        "image": "https:\/\/cdn-consum.aktiosdigitalservices.com\/tol\/consum\/media\/product\/img\/300x300\/7145688.jpg?t=20250219075922"
    },
    {
        "id": 12451,
        "name": "Vino Blanco Aguja CASTELFINO",
        "price": 2.39,
        "price_kilo": 3.19,
        "slug": "vino-blanco-aguja",
        "description": "Vino Blanco Aguja 0,75 L",
        "image": "https:\/\/cdn-consum.aktiosdigitalservices.com\/tol\/consum\/media\/product\/img\/300x300\/7151921.jpg?t=20241217081025"
    },
    {
        "id": 12452,
        "name": "Vino Rosado Aguja CASTELFINO",
        "price": 2.39,
        "price_kilo": 3.19,
        "slug": "vino-rosado-aguja",
        "description": "Vino Rosado Aguja 0,75 L",
        "image": "https:\/\/cdn-consum.aktiosdigitalservices.com\/tol\/consum\/media\/product\/img\/300x300\/7151939.jpg?t=20241217081025"
    },
    {
        "id": 12453,
        "name": "Bolsa para Asar 25x40 Apta Horno y Microondas ASAFIX",
        "price": 1.35,
        "price_kilo": 0.14,
        "slug": "bolsa-para-asar-25x40-apta-horno-y-microondas",
        "description": "Bolsa para Asar 25x40 Apta Horno y Microondas 10 U",
        "image": "https:\/\/cdn-consum.aktiosdigitalservices.com\/tol\/consum\/media\/product\/img\/300x300\/7152176.jpg?t=20241217081025"
    },
    {
        "id": 12454,
        "name": "Crema Calzado Marr\u00f3n Tarro 2 en 1 BUFALO",
        "price": 3.25,
        "price_kilo": 8.13,
        "slug": "crema-calzado-marron-tarro-2-en-1",
        "description": "Crema Calzado Marr\u00f3n Tarro 2 en 1 40 ml",
        "image": "https:\/\/cdn-consum.aktiosdigitalservices.com\/tol\/consum\/media\/product\/img\/300x300\/7153922.jpg?t=20250227090941"
    },
    {
        "id": 12455,
        "name": "Crema Calzado Negro Tarro 2 en 1 BUFALO",
        "price": 3.25,
        "price_kilo": 8.13,
        "slug": "crema-calzado-negro-tarro-2-en-1",
        "description": "Crema Calzado Negro Tarro 2 en 1 40 ml",
        "image": "https:\/\/cdn-consum.aktiosdigitalservices.com\/tol\/consum\/media\/product\/img\/300x300\/7153968.jpg?t=20250227090943"
    },
    {
        "id": 12461,
        "name": "Bolsas Congelaci\u00f3n Protege Aromas Mediana ALBAL",
        "price": 3.35,
        "price_kilo": 0.08,
        "slug": "bolsas-congelacion-protege-aromas-mediana",
        "description": "Bolsas Congelaci\u00f3n Protege Aromas Mediana 40 U",
        "image": "https:\/\/cdn-consum.aktiosdigitalservices.com\/tol\/consum\/media\/product\/img\/300x300\/7155133.jpg?t=20241217081026"
    },
    {
        "id": 12472,
        "name": "Grasa de Caballo Protexol BUFALO",
        "price": 2.99,
        "price_kilo": 3.99,
        "slug": "grasa-de-caballo-protexol",
        "description": "Grasa de Caballo Protexol 75 ml",
        "image": "https:\/\/cdn-consum.aktiosdigitalservices.com\/tol\/consum\/media\/product\/img\/300x300\/7157782.jpg?t=20241217081027"
    },
    {
        "id": 12473,
        "name": "Crema Calzado Incoloro Tarro 2 en 1 BUFALO",
        "price": 3.25,
        "price_kilo": 8.13,
        "slug": "crema-calzado-incoloro-tarro-2-en-1",
        "description": "Crema Calzado Incoloro Tarro 2 en 1 40 ml",
        "image": "https:\/\/cdn-consum.aktiosdigitalservices.com\/tol\/consum\/media\/product\/img\/300x300\/7157790.jpg?t=20250227091010"
    },
    {
        "id": 12474,
        "name": "Crema Calzado Azul Tarro 2 en 1 BUFALO",
        "price": 3.25,
        "price_kilo": 8.13,
        "slug": "crema-calzado-azul-tarro-2-en-1",
        "description": "Crema Calzado Azul Tarro 2 en 1 40 ml",
        "image": "https:\/\/cdn-consum.aktiosdigitalservices.com\/tol\/consum\/media\/product\/img\/300x300\/7157795.jpg?t=20250311164549"
    },
    {
        "id": 12483,
        "name": "Bebida Refrescante Tinto Uva y Manzana C.SALOBRE\u00d1A",
        "price": 1.6,
        "price_kilo": 1.6,
        "slug": "bebida-refrescante-tinto-uva-y-manzana",
        "description": "Bebida Refrescante Tinto Uva y Manzana 1 L",
        "image": "https:\/\/cdn-consum.aktiosdigitalservices.com\/tol\/consum\/media\/product\/img\/300x300\/7163905.jpg?t=20241217081028"
    },
    {
        "id": 12484,
        "name": "Cepillo Calzado para Ante-Nobuck BUFALO",
        "price": 4.19,
        "price_kilo": 4.19,
        "slug": "cepillo-calzado-para-ante-nobuck",
        "description": "Cepillo Calzado para Ante-Nobuck 1 U",
        "image": "https:\/\/cdn-consum.aktiosdigitalservices.com\/tol\/consum\/media\/product\/img\/300x300\/7164622.jpg?t=20241217081028"
    },
    {
        "id": 12490,
        "name": "Patata Cocida Pelada Bolsa HUERCASA",
        "price": 2.29,
        "price_kilo": 4.58,
        "slug": "patata-cocida-pelada-bolsa",
        "description": "Patata Cocida Pelada Bolsa 500 Gr",
        "image": "https:\/\/cdn-consum.aktiosdigitalservices.com\/tol\/consum\/media\/product\/img\/300x300\/7170020.jpg?t=20250121081133"
    },
    {
        "id": 12491,
        "name": "Esponja Limpiacalzado CONSUM",
        "price": 0.55,
        "price_kilo": 0.55,
        "slug": "esponja-limpiacalzado",
        "description": "Esponja Limpiacalzado 1 U",
        "image": "https:\/\/cdn-consum.aktiosdigitalservices.com\/tol\/consum\/media\/product\/img\/300x300\/7170397.jpg?t=20241217081030"
    },
    {
        "id": 12495,
        "name": "Macarrones Bolo\u00f1esa Bandeja CARRETILLA",
        "price": 2.99,
        "price_kilo": 9.2,
        "slug": "macarrones-bolonesa-bandeja",
        "description": "Macarrones Bolo\u00f1esa Bandeja 325 Gr",
        "image": "https:\/\/cdn-consum.aktiosdigitalservices.com\/tol\/consum\/media\/product\/img\/300x300\/7173458.jpg?t=20241217081030"
    },
    {
        "id": 12497,
        "name": "Queso Camembert Porciones PRESIDENT",
        "price": 3.89,
        "price_kilo": 15.56,
        "slug": "queso-camembert-porciones",
        "description": "Queso Camembert Porciones 250 Gr",
        "image": "https:\/\/cdn-consum.aktiosdigitalservices.com\/tol\/consum\/media\/product\/img\/300x300\/7173862.jpg?t=20250122075835"
    },
    {
        "id": 12500,
        "name": "Estropajo Met\u00e1lico con Esponja CONSUM",
        "price": 1.2,
        "price_kilo": 1.2,
        "slug": "estropajo-metalico-con-esponja",
        "description": "Estropajo Met\u00e1lico con Esponja 1 U",
        "image": "https:\/\/cdn-consum.aktiosdigitalservices.com\/tol\/consum\/media\/product\/img\/300x300\/7176993.jpg?t=20250313080158"
    },
    {
        "id": 12501,
        "name": "Jud\u00eda Rochet Bandeja ",
        "price": 3.19,
        "price_kilo": 12.76,
        "slug": "judia-rochet-bandeja",
        "description": "Jud\u00eda Rochet Bandeja 250 Gr",
        "image": "https:\/\/cdn-consum.aktiosdigitalservices.com\/tol\/consum\/media\/product\/img\/300x300\/7179260.jpg?t=20250204080418"
    },
    {
        "id": 12504,
        "name": "Ensalada Antiox Bolsa FLORETTE",
        "price": 1.89,
        "price_kilo": 18.9,
        "slug": "ensalada-antiox-bolsa",
        "description": "Ensalada Antiox Bolsa 100 Gr",
        "image": "https:\/\/cdn-consum.aktiosdigitalservices.com\/tol\/consum\/media\/product\/img\/300x300\/7181571.jpg?t=20250103080855"
    },
    {
        "id": 12507,
        "name": "Colonia Femenina N\u00ba1 CARAVAN",
        "price": 10.95,
        "price_kilo": 7.3,
        "slug": "colonia-femenina-n1",
        "description": "Colonia Femenina N\u00ba1 150 ml",
        "image": "https:\/\/cdn-consum.aktiosdigitalservices.com\/tol\/consum\/media\/product\/img\/300x300\/7182223.jpg?t=20241217081032"
    },
    {
        "id": 12508,
        "name": "Colonia Femenina N\u00ba5 CARAVAN",
        "price": 10.95,
        "price_kilo": 7.3,
        "slug": "colonia-femenina-n5",
        "description": "Colonia Femenina N\u00ba5 150 ml",
        "image": "https:\/\/cdn-consum.aktiosdigitalservices.com\/tol\/consum\/media\/product\/img\/300x300\/7182228.jpg?t=20250311164551"
    },
    {
        "id": 12509,
        "name": "Colonia Femenina N\u00ba30 CARAVAN",
        "price": 10.95,
        "price_kilo": 7.3,
        "slug": "colonia-femenina-n30",
        "description": "Colonia Femenina N\u00ba30 150 ml",
        "image": "https:\/\/cdn-consum.aktiosdigitalservices.com\/tol\/consum\/media\/product\/img\/300x300\/7182231.jpg?t=20241217081032"
    },
    {
        "id": 12510,
        "name": "Colonia Femenina N\u00ba9 CARAVAN",
        "price": 10.95,
        "price_kilo": 7.3,
        "slug": "colonia-femenina-n9",
        "description": "Colonia Femenina N\u00ba9 150 ml",
        "image": "https:\/\/cdn-consum.aktiosdigitalservices.com\/tol\/consum\/media\/product\/img\/300x300\/7182249.jpg?t=20241217081032"
    },
    {
        "id": 12512,
        "name": "Colonia Femenina N\u00ba82 CARAVAN",
        "price": 10.95,
        "price_kilo": 7.3,
        "slug": "colonia-femenina-n82",
        "description": "Colonia Femenina N\u00ba82 150 ml",
        "image": "https:\/\/cdn-consum.aktiosdigitalservices.com\/tol\/consum\/media\/product\/img\/300x300\/7182293.jpg?t=20241217081032"
    },
    {
        "id": 12513,
        "name": "Colonia Femenina N\u00ba24 CARAVAN",
        "price": 10.95,
        "price_kilo": 7.3,
        "slug": "colonia-femenina-n24",
        "description": "Colonia Femenina N\u00ba24 150 ml",
        "image": "https:\/\/cdn-consum.aktiosdigitalservices.com\/tol\/consum\/media\/product\/img\/300x300\/7182306.jpg?t=20241217081032"
    },
    {
        "id": 12514,
        "name": "Colonia Femenina N\u00ba39 CARAVAN",
        "price": 10.95,
        "price_kilo": 7.3,
        "slug": "colonia-femenina-n39",
        "description": "Colonia Femenina N\u00ba39 150 ml",
        "image": "https:\/\/cdn-consum.aktiosdigitalservices.com\/tol\/consum\/media\/product\/img\/300x300\/7182314.jpg?t=20241217081032"
    },
    {
        "id": 12515,
        "name": "Colonia Masculina N\u00ba18 CARAVAN",
        "price": 10.95,
        "price_kilo": 7.3,
        "slug": "colonia-masculina-n18",
        "description": "Colonia Masculina N\u00ba18 150 ml",
        "image": "https:\/\/cdn-consum.aktiosdigitalservices.com\/tol\/consum\/media\/product\/img\/300x300\/7182330.jpg?t=20241217081032"
    },
    {
        "id": 12517,
        "name": "Esponja Limpia Calzado Negro YAK",
        "price": 1.75,
        "price_kilo": 1.75,
        "slug": "esponja-limpia-calzado-negro",
        "description": "Esponja Limpia Calzado Negro 1 U",
        "image": "https:\/\/cdn-consum.aktiosdigitalservices.com\/tol\/consum\/media\/product\/img\/300x300\/7184484.jpg?t=20250312092750"
    },
    {
        "id": 12520,
        "name": "Vino Tinto Monastrell D.O.Alicante LA TREMENDA",
        "price": 6.69,
        "price_kilo": 8.92,
        "slug": "vino-tinto-monastrell-doalicante",
        "description": "Vino Tinto Monastrell D.O.Alicante 0,75 L",
        "image": "https:\/\/cdn-consum.aktiosdigitalservices.com\/tol\/consum\/media\/product\/img\/300x300\/7188931.jpg?t=20250227091226"
    },
    {
        "id": 12521,
        "name": "Vino Rosado D.O.Rioja DUQUE NARDOS",
        "price": 2.59,
        "price_kilo": 3.45,
        "slug": "vino-rosado-dorioja",
        "description": "Vino Rosado D.O.Rioja 0,75 L",
        "image": "https:\/\/cdn-consum.aktiosdigitalservices.com\/tol\/consum\/media\/product\/img\/300x300\/7188977.jpg?t=20250114084127"
    },
    {
        "id": 12522,
        "name": "Vino Tinto Crianza D.O.Rioja DUQUE NARDOS",
        "price": 3,
        "price_kilo": 4,
        "slug": "vino-tinto-crianza-dorioja",
        "description": "Vino Tinto Crianza D.O.Rioja 0,75 L",
        "image": "https:\/\/cdn-consum.aktiosdigitalservices.com\/tol\/consum\/media\/product\/img\/300x300\/7188993.jpg?t=20241217081035"
    },
    {
        "id": 12523,
        "name": "Colonia Masculina N\u00ba16 CARAVAN",
        "price": 10.95,
        "price_kilo": 7.3,
        "slug": "colonia-masculina-n16",
        "description": "Colonia Masculina N\u00ba16 150 ml",
        "image": "https:\/\/cdn-consum.aktiosdigitalservices.com\/tol\/consum\/media\/product\/img\/300x300\/7190502.jpg?t=20241217081036"
    },
    {
        "id": 12529,
        "name": "Colonia Masculina N\u00ba54 CARAVAN",
        "price": 10.95,
        "price_kilo": 7.3,
        "slug": "colonia-masculina-n54",
        "description": "Colonia Masculina N\u00ba54 150 ml",
        "image": "https:\/\/cdn-consum.aktiosdigitalservices.com\/tol\/consum\/media\/product\/img\/300x300\/7197259.jpg?t=20241217081038"
    },
    {
        "id": 12530,
        "name": "Colonia Femenina N\u00ba42 CARAVAN",
        "price": 10.95,
        "price_kilo": 7.3,
        "slug": "colonia-femenina-n42",
        "description": "Colonia Femenina N\u00ba42 150 ml",
        "image": "https:\/\/cdn-consum.aktiosdigitalservices.com\/tol\/consum\/media\/product\/img\/300x300\/7197374.jpg?t=20241217081038"
    },
    {
        "id": 12533,
        "name": "Lomos de Conejo CONSUM",
        "price": 4.7,
        "price_kilo": 13.4,
        "slug": "lomos-de-conejo",
        "description": "Lomos de Conejo",
        "image": "https:\/\/cdn-consum.aktiosdigitalservices.com\/tol\/consum\/media\/product\/img\/300x300\/7200843.jpg?t=20250218080318"
    },
    {
        "id": 12536,
        "name": "Pila Alcalina Bot\u00f3n LR44 Pack de 2 unidades ENERGIZER",
        "price": 2.99,
        "price_kilo": 1.5,
        "slug": "pila-alcalina-boton-lr44-pack-de-2-unidades",
        "description": "Pila Alcalina Bot\u00f3n LR44 Pack de 2 unidades 2 x 1 U",
        "image": "https:\/\/cdn-consum.aktiosdigitalservices.com\/tol\/consum\/media\/product\/img\/300x300\/7205524.jpg?t=20241217081040"
    },
    {
        "id": 12537,
        "name": "Aperitivo Sabor Mediterr\u00e1neos BURGO ARIAS",
        "price": 3.05,
        "price_kilo": 30.5,
        "slug": "aperitivo-sabor-mediterraneos",
        "description": "Aperitivo Sabor Mediterr\u00e1neos 100 Gr",
        "image": "https:\/\/cdn-consum.aktiosdigitalservices.com\/tol\/consum\/media\/product\/img\/300x300\/7206881.jpg?t=20250109095801"
    },
    {
        "id": 12542,
        "name": "Ensalada de la Huerta Bandeja ",
        "price": 2.18,
        "price_kilo": 5.45,
        "slug": "ensalada-de-la-huerta-bandeja",
        "description": "Ensalada de la Huerta Bandeja 400 Gr",
        "image": "https:\/\/cdn-consum.aktiosdigitalservices.com\/tol\/consum\/media\/product\/img\/300x300\/7209385.jpg?t=20250227091443"
    },
    {
        "id": 12543,
        "name": "Vino Rosado D.O.Navarra VI\u00d1A LERDEN",
        "price": 2.1,
        "price_kilo": 2.8,
        "slug": "vino-rosado-donavarra",
        "description": "Vino Rosado D.O.Navarra 0,75 L",
        "image": "https:\/\/cdn-consum.aktiosdigitalservices.com\/tol\/consum\/media\/product\/img\/300x300\/7212223.jpg?t=20250311164555"
    },
    {
        "id": 12548,
        "name": "Bolsas Multiusos Zipper Capacidad 1Litros ALBAL",
        "price": 3.25,
        "price_kilo": 0.27,
        "slug": "bolsas-multiusos-zipper-capacidad-1litros",
        "description": "Bolsas Multiusos Zipper Capacidad 1Litros 12 U",
        "image": "https:\/\/cdn-consum.aktiosdigitalservices.com\/tol\/consum\/media\/product\/img\/300x300\/7216849.jpg?t=20250130075928"
    },
    {
        "id": 12559,
        "name": "Colonia Femenina N\u00ba21 CARAVAN",
        "price": 10.95,
        "price_kilo": 7.3,
        "slug": "colonia-femenina-n21",
        "description": "Colonia Femenina N\u00ba21 150 ml",
        "image": "https:\/\/cdn-consum.aktiosdigitalservices.com\/tol\/consum\/media\/product\/img\/300x300\/7226215.jpg?t=20241217081049"
    },
    {
        "id": 12560,
        "name": "Colonia Femenina N\u00ba26 CARAVAN",
        "price": 10.95,
        "price_kilo": 7.3,
        "slug": "colonia-femenina-n26",
        "description": "Colonia Femenina N\u00ba26 150 ml",
        "image": "https:\/\/cdn-consum.aktiosdigitalservices.com\/tol\/consum\/media\/product\/img\/300x300\/7226223.jpg?t=20241217081049"
    },
    {
        "id": 12561,
        "name": "Colonia Femenina N\u00ba31 CARAVAN",
        "price": 10.95,
        "price_kilo": 7.3,
        "slug": "colonia-femenina-n31",
        "description": "Colonia Femenina N\u00ba31 150 ml",
        "image": "https:\/\/cdn-consum.aktiosdigitalservices.com\/tol\/consum\/media\/product\/img\/300x300\/7226256.jpg?t=20241217081049"
    },
    {
        "id": 12562,
        "name": "Colonia Masculina N\u00ba13 CARAVAN",
        "price": 10.95,
        "price_kilo": 7.3,
        "slug": "colonia-masculina-n13",
        "description": "Colonia Masculina N\u00ba13 150 ml",
        "image": "https:\/\/cdn-consum.aktiosdigitalservices.com\/tol\/consum\/media\/product\/img\/300x300\/7226285.jpg?t=20241217081049"
    },
    {
        "id": 12563,
        "name": "Colonia Masculina N\u00ba14 CARAVAN",
        "price": 10.95,
        "price_kilo": 7.3,
        "slug": "colonia-masculina-n14",
        "description": "Colonia Masculina N\u00ba14 150 ml",
        "image": "https:\/\/cdn-consum.aktiosdigitalservices.com\/tol\/consum\/media\/product\/img\/300x300\/7226293.jpg?t=20241217081049"
    },
    {
        "id": 12564,
        "name": "Colonia Masculina N\u00ba61 CARAVAN",
        "price": 10.95,
        "price_kilo": 7.3,
        "slug": "colonia-masculina-n61",
        "description": "Colonia Masculina N\u00ba61 150 ml",
        "image": "https:\/\/cdn-consum.aktiosdigitalservices.com\/tol\/consum\/media\/product\/img\/300x300\/7226314.jpg?t=20241217081049"
    },
    {
        "id": 12572,
        "name": "Estofado de Pavo ALDELIS",
        "price": 4.76,
        "price_kilo": 7.9,
        "slug": "estofado-de-pavo",
        "description": "Estofado de Pavo",
        "image": "https:\/\/cdn-consum.aktiosdigitalservices.com\/tol\/consum\/media\/product\/img\/300x300\/7230563.jpg?t=20241217081051"
    },
    {
        "id": 12573,
        "name": "Harina Mix sin Gluten GALLO",
        "price": 3.05,
        "price_kilo": 6.1,
        "slug": "harina-mix-sin-gluten",
        "description": "Harina Mix sin Gluten 500 Gr M\u00faltiples Usos",
        "image": "https:\/\/cdn-consum.aktiosdigitalservices.com\/tol\/consum\/media\/product\/img\/300x300\/7231355.jpg?t=20250109100309"
    },
    {
        "id": 12582,
        "name": "Pechuga de Pavo Adobada Piment\u00f3n ALDELIS",
        "price": 4.39,
        "price_kilo": 9.75,
        "slug": "pechuga-de-pavo-adobada-pimenton",
        "description": "Pechuga de Pavo Adobada Piment\u00f3n",
        "image": "https:\/\/cdn-consum.aktiosdigitalservices.com\/tol\/consum\/media\/product\/img\/300x300\/7236735.jpg?t=20250312125412"
    },
    {
        "id": 12583,
        "name": "Lomo Extra Ajillo LORIENTE",
        "price": 2.96,
        "price_kilo": 8.45,
        "slug": "lomo-extra-ajillo",
        "description": "Lomo Extra Ajillo",
        "image": "https:\/\/cdn-consum.aktiosdigitalservices.com\/tol\/consum\/media\/product\/img\/300x300\/7237097.jpg?t=20241217081054"
    },
    {
        "id": 12585,
        "name": "Calabac\u00edn Blanco Bandeja ",
        "price": 2.69,
        "price_kilo": 3.36,
        "slug": "calabacin-blanco-bandeja",
        "description": "Calabac\u00edn Blanco Bandeja 800 Gr",
        "image": "https:\/\/cdn-consum.aktiosdigitalservices.com\/tol\/consum\/media\/product\/img\/300x300\/7238335.jpg?t=20250318080936"
    },
    {
        "id": 12606,
        "name": "Espuma Color Plata NELLY",
        "price": 3.79,
        "price_kilo": 2.53,
        "slug": "espuma-color-plata",
        "description": "Espuma Color Plata 150 ml",
        "image": "https:\/\/cdn-consum.aktiosdigitalservices.com\/tol\/consum\/media\/product\/img\/300x300\/7246098.jpg?t=20250311164559"
    },
    {
        "id": 12608,
        "name": "Brotes de Espinacas Bolsa FLORETTE",
        "price": 1.79,
        "price_kilo": 14.32,
        "slug": "brotes-de-espinacas-bolsa",
        "description": "Brotes de Espinacas Bolsa 125 Gr",
        "image": "https:\/\/cdn-consum.aktiosdigitalservices.com\/tol\/consum\/media\/product\/img\/300x300\/7246916.jpg?t=20250121080324"
    },
    {
        "id": 12609,
        "name": "Colonia Femenina N\u00ba3 Mini CARAVAN",
        "price": 3.5,
        "price_kilo": 11.67,
        "slug": "colonia-femenina-n3-mini",
        "description": "Colonia Femenina N\u00ba3 Mini 30 ml",
        "image": "https:\/\/cdn-consum.aktiosdigitalservices.com\/tol\/consum\/media\/product\/img\/300x300\/7248599.jpg?t=20250204082210"
    },
    {
        "id": 12615,
        "name": "Colonia Femenina N\u00ba37 Mini CARAVAN",
        "price": 3.5,
        "price_kilo": 11.67,
        "slug": "colonia-femenina-n37-mini",
        "description": "Colonia Femenina N\u00ba37 Mini 30 ml",
        "image": "https:\/\/cdn-consum.aktiosdigitalservices.com\/tol\/consum\/media\/product\/img\/300x300\/7248966.jpg?t=20241217081059"
    },
    {
        "id": 12616,
        "name": "Colonia Femenina N\u00ba39 Mini CARAVAN",
        "price": 3.5,
        "price_kilo": 11.67,
        "slug": "colonia-femenina-n39-mini",
        "description": "Colonia Femenina N\u00ba39 Mini 30 ml",
        "image": "https:\/\/cdn-consum.aktiosdigitalservices.com\/tol\/consum\/media\/product\/img\/300x300\/7248990.jpg?t=20241217081059"
    },
    {
        "id": 12617,
        "name": "Colonia Femenina N\u00ba42 Mini CARAVAN",
        "price": 3.5,
        "price_kilo": 11.67,
        "slug": "colonia-femenina-n42-mini",
        "description": "Colonia Femenina N\u00ba42 Mini 30 ml",
        "image": "https:\/\/cdn-consum.aktiosdigitalservices.com\/tol\/consum\/media\/product\/img\/300x300\/7249253.jpg?t=20241217081059"
    },
    {
        "id": 12618,
        "name": "Colonia Masculina N\u00ba15 Mini CARAVAN",
        "price": 3.5,
        "price_kilo": 11.67,
        "slug": "colonia-masculina-n15-mini",
        "description": "Colonia Masculina N\u00ba15 Mini 30 ml",
        "image": "https:\/\/cdn-consum.aktiosdigitalservices.com\/tol\/consum\/media\/product\/img\/300x300\/7249279.jpg?t=20250311160832"
    },
    {
        "id": 12620,
        "name": "Colonia Femenina N\u00ba43 CARAVAN",
        "price": 10.95,
        "price_kilo": 7.3,
        "slug": "colonia-femenina-n43",
        "description": "Colonia Femenina N\u00ba43 150 ml",
        "image": "https:\/\/cdn-consum.aktiosdigitalservices.com\/tol\/consum\/media\/product\/img\/300x300\/7249311.jpg?t=20241217081059"
    },
    {
        "id": 12623,
        "name": "Desodorante  Calzado Desinfectante 150 ml SANYTOL",
        "price": 3.85,
        "price_kilo": 3.85,
        "slug": "desodorante-calzado-desinfectante-150-ml",
        "description": "Desodorante  Calzado Desinfectante 150 ml 1 U",
        "image": "https:\/\/cdn-consum.aktiosdigitalservices.com\/tol\/consum\/media\/product\/img\/300x300\/7249543.jpg?t=20241217081059"
    },
    {
        "id": 12624,
        "name": "Vino Blanco D.O.Alicante LA TREMENDA",
        "price": 6.69,
        "price_kilo": 8.92,
        "slug": "vino-blanco-doalicante",
        "description": "Vino Blanco D.O.Alicante 0,75 L",
        "image": "https:\/\/cdn-consum.aktiosdigitalservices.com\/tol\/consum\/media\/product\/img\/300x300\/7249803.jpg?t=20250130075945"
    },
    {
        "id": 12632,
        "name": "Colonia Femenina N\u00ba31 Mini CARAVAN",
        "price": 3.5,
        "price_kilo": 11.67,
        "slug": "colonia-femenina-n31-mini",
        "description": "Colonia Femenina N\u00ba31 Mini 30 ml",
        "image": "https:\/\/cdn-consum.aktiosdigitalservices.com\/tol\/consum\/media\/product\/img\/300x300\/7254399.jpg?t=20241217081102"
    },
    {
        "id": 12640,
        "name": "Vino Rosado de Mesa Brik PE\u00d1ASOL",
        "price": 1.59,
        "price_kilo": 1.59,
        "slug": "vino-rosado-de-mesa-brik",
        "description": "Vino Rosado de Mesa Brik 1 L",
        "image": "https:\/\/cdn-consum.aktiosdigitalservices.com\/tol\/consum\/media\/product\/img\/300x300\/7257843.jpg?t=20250312092755"
    },
    {
        "id": 12642,
        "name": "Guante Flocado L\u00e1tex Rosa Talla Mediana CONSUM",
        "price": 0.9,
        "price_kilo": 0.9,
        "slug": "guante-flocado-latex-rosa-talla-mediana",
        "description": "Guante Flocado L\u00e1tex Rosa Talla Mediana 1 U",
        "image": "https:\/\/cdn-consum.aktiosdigitalservices.com\/tol\/consum\/media\/product\/img\/300x300\/7258739.jpg?t=20241217081103"
    },
    {
        "id": 12643,
        "name": "Pila Litio Bot\u00f3n CR 2025 ENERGIZER",
        "price": 4.89,
        "price_kilo": 2.45,
        "slug": "pila-litio-boton-cr-2025",
        "description": "Pila Litio Bot\u00f3n CR 2025 2 U",
        "image": "https:\/\/cdn-consum.aktiosdigitalservices.com\/tol\/consum\/media\/product\/img\/300x300\/7260169.jpg?t=20250109100918"
    },
    {
        "id": 12654,
        "name": "Limpiador de Alfombras y Tapicer\u00edas OMINO BIANCO",
        "price": 6.99,
        "price_kilo": 23.3,
        "slug": "limpiador-de-alfombras-y-tapicerias",
        "description": "Limpiador de Alfombras y Tapicer\u00edas 300 ml",
        "image": "https:\/\/cdn-consum.aktiosdigitalservices.com\/tol\/consum\/media\/product\/img\/300x300\/7264166.jpg?t=20241217081106"
    },
    {
        "id": 12671,
        "name": "Solomillo al Romero ",
        "price": 6.93,
        "price_kilo": 11.5,
        "slug": "solomillo-al-romero",
        "description": "Solomillo al Romero",
        "image": "https:\/\/cdn-consum.aktiosdigitalservices.com\/tol\/consum\/media\/product\/img\/300x300\/7267391.jpg?t=20250321075911"
    },
    {
        "id": 12675,
        "name": "Churrasquitos de Cordero CONSUM",
        "price": 6.28,
        "price_kilo": 15.7,
        "slug": "churrasquitos-de-cordero",
        "description": "Churrasquitos de Cordero - Servicio todos los d\u00edas excepto lunes y martes",
        "image": "https:\/\/cdn-consum.aktiosdigitalservices.com\/tol\/consum\/media\/product\/img\/300x300\/7267573.jpg?t=20250318080220"
    },
    {
        "id": 12681,
        "name": "Bayeta Extra Absorbente BALLERINA",
        "price": 1.99,
        "price_kilo": 0.66,
        "slug": "bayeta-extra-absorbente",
        "description": "Bayeta Extra Absorbente 3 U",
        "image": "https:\/\/cdn-consum.aktiosdigitalservices.com\/tol\/consum\/media\/product\/img\/300x300\/7270056.jpg?t=20250313080414"
    },
    {
        "id": 12682,
        "name": "Zumo Exprimido Pi\u00f1a Uva sin Pulpa Minibrik DON SIMON",
        "price": 1.39,
        "price_kilo": 2.9,
        "slug": "zumo-exprimido-pina-uva-sin-pulpa-minibrik",
        "description": "Zumo Exprimido Pi\u00f1a Uva sin Pulpa Minibrik 4 x 0,12 L",
        "image": "https:\/\/cdn-consum.aktiosdigitalservices.com\/tol\/consum\/media\/product\/img\/300x300\/7270247.jpg?t=20250114084305"
    },
    {
        "id": 12683,
        "name": "Colonia N\u00ba5 Jazm\u00edn Aguas de V&L V&L",
        "price": 12.95,
        "price_kilo": 8.63,
        "slug": "colonia-n5-jazmin-aguas-de-vl",
        "description": "Colonia N\u00ba5 Jazm\u00edn Aguas de V&L 150 ml",
        "image": "https:\/\/cdn-consum.aktiosdigitalservices.com\/tol\/consum\/media\/product\/img\/300x300\/7270879.jpg?t=20241217081109"
    },
    {
        "id": 12687,
        "name": "Ensalada de Quinoa Bol CARRETILLA",
        "price": 2.39,
        "price_kilo": 10.39,
        "slug": "ensalada-de-quinoa-bol",
        "description": "Ensalada de Quinoa Bol 230 Gr",
        "image": "https:\/\/cdn-consum.aktiosdigitalservices.com\/tol\/consum\/media\/product\/img\/300x300\/7271059.jpg?t=20250313080416"
    },
    {
        "id": 12698,
        "name": "Muslo de Pollo Deshuesado CONSUM",
        "price": 2.95,
        "price_kilo": 5.9,
        "slug": "muslo-de-pollo-deshuesado",
        "description": "Muslo de Pollo Deshuesado",
        "image": "https:\/\/cdn-consum.aktiosdigitalservices.com\/tol\/consum\/media\/product\/img\/300x300\/7272883.jpg?t=20241217081109"
    },
    {
        "id": 12699,
        "name": "Cuarto Trasero Pollo Certificado CONSUM",
        "price": 2.65,
        "price_kilo": 4.79,
        "slug": "cuarto-trasero-pollo-certificado",
        "description": "Cuarto Trasero Pollo Certificado",
        "image": "https:\/\/cdn-consum.aktiosdigitalservices.com\/tol\/consum\/media\/product\/img\/300x300\/7272933.jpg?t=20241217081109"
    },
    {
        "id": 12700,
        "name": "Pechuga Fileteada de Pollo Certificado CONSUM",
        "price": 5.42,
        "price_kilo": 8.99,
        "slug": "pechuga-fileteada-de-pollo-certificado",
        "description": "Pechuga Fileteada de Pollo Certificado",
        "image": "https:\/\/cdn-consum.aktiosdigitalservices.com\/tol\/consum\/media\/product\/img\/300x300\/7272941.jpg?t=20241217081109"
    },
    {
        "id": 12709,
        "name": "Chicle Grageado Hierbabuena Bote TRIDENT",
        "price": 3.05,
        "price_kilo": 36.92,
        "slug": "chicle-grageado-hierbabuena-bote",
        "description": "Chicle Grageado Hierbabuena Bote 82,6 Gr",
        "image": "https:\/\/cdn-consum.aktiosdigitalservices.com\/tol\/consum\/media\/product\/img\/300x300\/7273837.jpg?t=20250311124630"
    },
    {
        "id": 12722,
        "name": "Col Lombarda ",
        "price": 1.99,
        "price_kilo": 1.99,
        "slug": "col-lombarda",
        "description": "Col Lombarda",
        "image": "https:\/\/cdn-consum.aktiosdigitalservices.com\/tol\/consum\/media\/product\/img\/300x300\/2469.jpg?t=20250322075615"
    },
    {
        "id": 12727,
        "name": "Apio Blanco Bolsa ",
        "price": 2.09,
        "price_kilo": 5.23,
        "slug": "apio-blanco-bolsa",
        "description": "Apio Blanco Bolsa 400 Gr",
        "image": "https:\/\/cdn-consum.aktiosdigitalservices.com\/tol\/consum\/media\/product\/img\/300x300\/56655.jpg?t=20250103075811"
    },
    {
        "id": 12729,
        "name": "Calabaza Entera ",
        "price": 3.01,
        "price_kilo": 2.05,
        "slug": "calabaza-entera",
        "description": "Calabaza Entera",
        "image": "https:\/\/cdn-consum.aktiosdigitalservices.com\/tol\/consum\/media\/product\/img\/300x300\/90613.jpg?t=20250322075641"
    },
    {
        "id": 12733,
        "name": "Vino Blanco D.O.Rioja MQ.CACERES",
        "price": 5.7,
        "price_kilo": 7.6,
        "slug": "vino-blanco-dorioja",
        "description": "Vino Blanco D.O.Rioja 0,75 L - Marqu\u00e9s de C\u00e1ceres",
        "image": "https:\/\/cdn-consum.aktiosdigitalservices.com\/tol\/consum\/media\/product\/img\/300x300\/112854.jpg?t=20250303075620"
    },
    {
        "id": 12737,
        "name": "Cava Brut Nature G.Rsva D.O.Cava JUVE CAMPS",
        "price": 20.9,
        "price_kilo": 27.87,
        "slug": "cava-brut-nature-grsva-docava",
        "description": "Cava Brut Nature G.Rsva D.O.Cava 0,75 L",
        "image": "https:\/\/cdn-consum.aktiosdigitalservices.com\/tol\/consum\/media\/product\/img\/300x300\/157271.jpg?t=20250312124710"
    },
    {
        "id": 12738,
        "name": "Cava Brut Gran Cremant D.O.Cava CODORNIU",
        "price": 6.45,
        "price_kilo": 8.6,
        "slug": "cava-brut-gran-cremant-docava",
        "description": "Cava Brut Gran Cremant D.O.Cava 0,75 L",
        "image": "https:\/\/cdn-consum.aktiosdigitalservices.com\/tol\/consum\/media\/product\/img\/300x300\/161802.jpg?t=20250311123801"
    },
    {
        "id": 12739,
        "name": "Vino Tinto Gran Reserva D.O.Valdepe\u00f1as VI\u00d1A ALBALI",
        "price": 4.99,
        "price_kilo": 6.65,
        "slug": "vino-tinto-gran-reserva-dovaldepenas",
        "description": "Vino Tinto Gran Reserva D.O.Valdepe\u00f1as 0,75 L",
        "image": "https:\/\/cdn-consum.aktiosdigitalservices.com\/tol\/consum\/media\/product\/img\/300x300\/170399.jpg?t=20250220075657"
    },
    {
        "id": 12740,
        "name": "Vino Blanco Palomino D.O.Ribeiro PAZO",
        "price": 4.89,
        "price_kilo": 6.52,
        "slug": "vino-blanco-palomino-doribeiro",
        "description": "Vino Blanco Palomino D.O.Ribeiro 0,75 L",
        "image": "https:\/\/cdn-consum.aktiosdigitalservices.com\/tol\/consum\/media\/product\/img\/300x300\/221440.jpg?t=20241217080943"
    },
    {
        "id": 12745,
        "name": "Vino Rosado D.O.Valdepe\u00f1as LOS MOLINOS",
        "price": 2.39,
        "price_kilo": 3.19,
        "slug": "vino-rosado-dovaldepenas",
        "description": "Vino Rosado D.O.Valdepe\u00f1as 0,75 L",
        "image": "https:\/\/cdn-consum.aktiosdigitalservices.com\/tol\/consum\/media\/product\/img\/300x300\/303321.jpg?t=20250311123819"
    },
    {
        "id": 12748,
        "name": "Vino Blanco D.O.Catalu\u00f1a VI\u00d1A SOL",
        "price": 5.9,
        "price_kilo": 7.87,
        "slug": "vino-blanco-docataluna",
        "description": "Vino Blanco D.O.Catalu\u00f1a 0,75 L",
        "image": "https:\/\/cdn-consum.aktiosdigitalservices.com\/tol\/consum\/media\/product\/img\/300x300\/308031.jpg?t=20250220075728"
    },
    {
        "id": 12750,
        "name": "Vino Tinto D.O.Catalu\u00f1a SANGRE TORO",
        "price": 4.9,
        "price_kilo": 6.53,
        "slug": "vino-tinto-docataluna",
        "description": "Vino Tinto D.O.Catalu\u00f1a 0,75 L",
        "image": "https:\/\/cdn-consum.aktiosdigitalservices.com\/tol\/consum\/media\/product\/img\/300x300\/308064.jpg?t=20250201075622"
    },
    {
        "id": 12752,
        "name": "Champagne Brut Imperial Champagne MOET CHANDON",
        "price": 44.95,
        "price_kilo": 59.93,
        "slug": "champagne-brut-imperial-champagne",
        "description": "Champagne Brut Imperial Champagne 0,75 L",
        "image": "https:\/\/cdn-consum.aktiosdigitalservices.com\/tol\/consum\/media\/product\/img\/300x300\/312751.jpg?t=20250311164531"
    },
    {
        "id": 12753,
        "name": "Cava Brut D.O.Cava CODORNIU",
        "price": 9.35,
        "price_kilo": 12.47,
        "slug": "cava-brut-docava",
        "description": "Cava Brut D.O.Cava 0,75 L",
        "image": "https:\/\/cdn-consum.aktiosdigitalservices.com\/tol\/consum\/media\/product\/img\/300x300\/313254.jpg?t=20250211075657"
    },
    {
        "id": 12755,
        "name": "Vino Dulce Kina SAN CLEMENTE",
        "price": 6.35,
        "price_kilo": 6.35,
        "slug": "vino-dulce-kina",
        "description": "Vino Dulce Kina 1 L",
        "image": "https:\/\/cdn-consum.aktiosdigitalservices.com\/tol\/consum\/media\/product\/img\/300x300\/317743.jpg?t=20241217080946"
    },
    {
        "id": 12757,
        "name": "Vino Fino D.O.Jerez TIO PEPE",
        "price": 7.49,
        "price_kilo": 9.99,
        "slug": "vino-fino-dojerez",
        "description": "Vino Fino D.O.Jerez 0,75 L",
        "image": "https:\/\/cdn-consum.aktiosdigitalservices.com\/tol\/consum\/media\/product\/img\/300x300\/317966.jpg?t=20250311164531"
    },
    {
        "id": 12758,
        "name": "Vino Tinto Reserva D.O.Rioja MARQ.RISCAL",
        "price": 17.9,
        "price_kilo": 23.87,
        "slug": "vino-tinto-reserva-dorioja",
        "description": "Vino Tinto Reserva D.O.Rioja 0,75 L",
        "image": "https:\/\/cdn-consum.aktiosdigitalservices.com\/tol\/consum\/media\/product\/img\/300x300\/318204.jpg?t=20250311103133"
    },
    {
        "id": 12760,
        "name": "Vino Tinto Crianza D.O.Rioja CAMPO VIEJO",
        "price": 5.85,
        "price_kilo": 7.8,
        "slug": "vino-tinto-crianza-dorioja",
        "description": "Vino Tinto Crianza D.O.Rioja 0,75 L",
        "image": "https:\/\/cdn-consum.aktiosdigitalservices.com\/tol\/consum\/media\/product\/img\/300x300\/318436.jpg?t=20250311123824"
    },
    {
        "id": 12763,
        "name": "Cava Brut Nature D.O.Cava CONDE CARALT",
        "price": 5.55,
        "price_kilo": 7.4,
        "slug": "cava-brut-nature-docava",
        "description": "Cava Brut Nature D.O.Cava 0,75 L",
        "image": "https:\/\/cdn-consum.aktiosdigitalservices.com\/tol\/consum\/media\/product\/img\/300x300\/347112.jpg?t=20250311123833"
    },
    {
        "id": 12764,
        "name": "Cava Brut D.O.Cava C. NUBIOLA",
        "price": 5.75,
        "price_kilo": 7.67,
        "slug": "cava-brut-docava",
        "description": "Cava Brut D.O.Cava 0,75 L",
        "image": "https:\/\/cdn-consum.aktiosdigitalservices.com\/tol\/consum\/media\/product\/img\/300x300\/373217.jpg?t=20250311164531"
    }
]