[
    {
        "id": 4667,
        "name": "Rabanito Bolsa EL DULZE",
        "price": 1.14,
        "price_kilo": 4.56,
        "slug": "rabanito-bolsa",
        "description": "Rabanito Bolsa 250 Gr",
        "image": "https:\/\/cdn-consum.aktiosdigitalservices.com\/tol\/consum\/media\/product\/img\/300x300\/1669.jpg?t=20250225075551"
    },
    {
        "id": 4668,
        "name": "Nuez C\u00e1scara Granel ",
        "price": 6.23,
        "price_kilo": 6.23,
        "slug": "nuez-cascara-granel",
        "description": "Nuez C\u00e1scara Granel",
        "image": "https:\/\/cdn-consum.aktiosdigitalservices.com\/tol\/consum\/media\/product\/img\/300x300\/1826.jpg?t=20250103075720"
    },
    {
        "id": 4669,
        "name": "Ciruela Roja ",
        "price": 0.42,
        "price_kilo": 3.99,
        "slug": "ciruela-roja",
        "description": "Ciruela Roja",
        "image": "https:\/\/cdn-consum.aktiosdigitalservices.com\/tol\/consum\/media\/product\/img\/300x300\/1834.jpg?t=20250322075606"
    },
    {
        "id": 4671,
        "name": "Tomate Canario ",
        "price": 0.24,
        "price_kilo": 1.89,
        "slug": "tomate-canario",
        "description": "Tomate Canario",
        "image": "https:\/\/cdn-consum.aktiosdigitalservices.com\/tol\/consum\/media\/product\/img\/300x300\/2139.jpg?t=20250322075609"
    },
    {
        "id": 4672,
        "name": "Manzana Fuji ",
        "price": 0.59,
        "price_kilo": 2.35,
        "slug": "manzana-fuji",
        "description": "Manzana Fuji",
        "image": "https:\/\/cdn-consum.aktiosdigitalservices.com\/tol\/consum\/media\/product\/img\/300x300\/2360.jpg?t=20250322075611"
    },
    {
        "id": 4673,
        "name": "Pimiento Verde ",
        "price": 0.75,
        "price_kilo": 2.79,
        "slug": "pimiento-verde",
        "description": "Pimiento Verde",
        "image": "https:\/\/cdn-consum.aktiosdigitalservices.com\/tol\/consum\/media\/product\/img\/300x300\/3020.jpg?t=20250322075617"
    },
    {
        "id": 4674,
        "name": "Jud\u00eda Redonda Bandeja ",
        "price": 1.89,
        "price_kilo": 7.56,
        "slug": "judia-redonda-bandeja",
        "description": "Jud\u00eda Redonda Bandeja 250 Gr",
        "image": "https:\/\/cdn-consum.aktiosdigitalservices.com\/tol\/consum\/media\/product\/img\/300x300\/6007.jpg?t=20250204075651"
    },
    {
        "id": 4675,
        "name": "Pomelo rojo ",
        "price": 0.78,
        "price_kilo": 2.19,
        "slug": "pomelo-rojo",
        "description": "Pomelo rojo",
        "image": "https:\/\/cdn-consum.aktiosdigitalservices.com\/tol\/consum\/media\/product\/img\/300x300\/6304.jpg?t=20250322075621"
    },
    {
        "id": 4677,
        "name": "Manzana Golden ",
        "price": 0.46,
        "price_kilo": 2.1,
        "slug": "manzana-golden",
        "description": "Manzana Golden",
        "image": "https:\/\/cdn-consum.aktiosdigitalservices.com\/tol\/consum\/media\/product\/img\/300x300\/11155.jpg?t=20250322075624"
    },
    {
        "id": 4678,
        "name": "Manzana Red  Delicious ",
        "price": 0.6,
        "price_kilo": 2.29,
        "slug": "manzana-red-delicious",
        "description": "Manzana Red  Delicious",
        "image": "https:\/\/cdn-consum.aktiosdigitalservices.com\/tol\/consum\/media\/product\/img\/300x300\/11452.jpg?t=20250322075626"
    },
    {
        "id": 4679,
        "name": "Leche Semidesnatada Brik PASCUAL",
        "price": 1.29,
        "price_kilo": 1.29,
        "slug": "leche-semidesnatada-brik",
        "description": "Leche Semidesnatada Brik 1 L",
        "image": "https:\/\/cdn-consum.aktiosdigitalservices.com\/tol\/consum\/media\/product\/img\/300x300\/12542.jpg?t=20250319075553"
    },
    {
        "id": 4680,
        "name": "Leche Entera Brik PASCUAL",
        "price": 1.35,
        "price_kilo": 1.35,
        "slug": "leche-entera-brik",
        "description": "Leche Entera Brik 1 L",
        "image": "https:\/\/cdn-consum.aktiosdigitalservices.com\/tol\/consum\/media\/product\/img\/300x300\/12559.jpg?t=20250311102932"
    },
    {
        "id": 4683,
        "name": "Pera Conferencia ",
        "price": 0.61,
        "price_kilo": 2.55,
        "slug": "pera-conferencia",
        "description": "Pera Conferencia",
        "image": "https:\/\/cdn-consum.aktiosdigitalservices.com\/tol\/consum\/media\/product\/img\/300x300\/17210.jpg?t=20250322075627"
    },
    {
        "id": 4684,
        "name": "Leche Desnatada Brik PASCUAL",
        "price": 1.25,
        "price_kilo": 1.25,
        "slug": "leche-desnatada-brik",
        "description": "Leche Desnatada Brik 1 L",
        "image": "https:\/\/cdn-consum.aktiosdigitalservices.com\/tol\/consum\/media\/product\/img\/300x300\/17525.jpg?t=20250311102936"
    },
    {
        "id": 4687,
        "name": "Pl\u00e1tano Canario ",
        "price": 0.55,
        "price_kilo": 2.95,
        "slug": "platano-canario",
        "description": "Pl\u00e1tano Canario",
        "image": "https:\/\/cdn-consum.aktiosdigitalservices.com\/tol\/consum\/media\/product\/img\/300x300\/26104.jpg?t=20250322075628"
    },
    {
        "id": 4688,
        "name": "Gaseosa Botella LA CASERA",
        "price": 0.84,
        "price_kilo": 1.68,
        "slug": "gaseosa-botella",
        "description": "Gaseosa Botella 0,5 L",
        "image": "https:\/\/cdn-consum.aktiosdigitalservices.com\/tol\/consum\/media\/product\/img\/300x300\/27102.jpg?t=20250311132647"
    },
    {
        "id": 4689,
        "name": "Cacao Instant\u00e1neo Bolsa NESQUIK",
        "price": 6.95,
        "price_kilo": 6.95,
        "slug": "cacao-instantaneo-bolsa",
        "description": "Cacao Instant\u00e1neo Bolsa 1 Kg",
        "image": "https:\/\/cdn-consum.aktiosdigitalservices.com\/tol\/consum\/media\/product\/img\/300x300\/33274.jpg?t=20250312092737"
    },
    {
        "id": 4691,
        "name": "Lentejas a La Riojana Bote LITORAL",
        "price": 2.2,
        "price_kilo": 5.18,
        "slug": "lentejas-a-la-riojana-bote",
        "description": "Lentejas a La Riojana Bote 425 Gr",
        "image": "https:\/\/cdn-consum.aktiosdigitalservices.com\/tol\/consum\/media\/product\/img\/300x300\/41087.jpg?t=20250204075702"
    },
    {
        "id": 4692,
        "name": "Mel\u00f3n Piel de Sapo Entero ",
        "price": 4.95,
        "price_kilo": 2.03,
        "slug": "melon-piel-de-sapo-entero",
        "description": "Mel\u00f3n Piel de Sapo Entero",
        "image": "https:\/\/cdn-consum.aktiosdigitalservices.com\/tol\/consum\/media\/product\/img\/300x300\/41111.jpg?t=20250322075629"
    },
    {
        "id": 4693,
        "name": "Laurel en Hojas Caja SABATER",
        "price": 0.99,
        "price_kilo": 6.6,
        "slug": "laurel-en-hojas-caja",
        "description": "Laurel en Hojas Caja 15 Gr",
        "image": "https:\/\/cdn-consum.aktiosdigitalservices.com\/tol\/consum\/media\/product\/img\/300x300\/47092.jpg?t=20250312092737"
    },
    {
        "id": 4695,
        "name": "Postre Sabor Trufa Pack de 2 Unidades LA LECHERA",
        "price": 1.65,
        "price_kilo": 6.6,
        "slug": "postre-sabor-trufa-pack-de-2-unidades",
        "description": "Postre Sabor Trufa Pack de 2 Unidades 2 x 125 Gr",
        "image": "https:\/\/cdn-consum.aktiosdigitalservices.com\/tol\/consum\/media\/product\/img\/300x300\/48710.jpg?t=20250227085602"
    },
    {
        "id": 4697,
        "name": "Aguacate  Premadurado. ",
        "price": 1.02,
        "price_kilo": 5.1,
        "slug": "aguacate-premadurado",
        "description": "Aguacate  Premadurado.",
        "image": "https:\/\/cdn-consum.aktiosdigitalservices.com\/tol\/consum\/media\/product\/img\/300x300\/53017.jpg?t=20250321075559"
    },
    {
        "id": 4698,
        "name": "Pepino ",
        "price": 0.36,
        "price_kilo": 1.99,
        "slug": "pepino",
        "description": "Pepino",
        "image": "https:\/\/cdn-consum.aktiosdigitalservices.com\/tol\/consum\/media\/product\/img\/300x300\/53512.jpg?t=20250322075631"
    },
    {
        "id": 4699,
        "name": "Tortillas de Trigo Paquete 8 Unidades OLD EL PASO",
        "price": 2.09,
        "price_kilo": 6.42,
        "slug": "tortillas-de-trigo-paquete-8-unidades",
        "description": "Tortillas de Trigo Paquete 8 Unidades 326 Gr",
        "image": "https:\/\/cdn-consum.aktiosdigitalservices.com\/tol\/consum\/media\/product\/img\/300x300\/53553.jpg?t=20250318075638"
    },
    {
        "id": 4700,
        "name": "Mango ",
        "price": 1.65,
        "price_kilo": 3.29,
        "slug": "mango",
        "description": "Mango",
        "image": "https:\/\/cdn-consum.aktiosdigitalservices.com\/tol\/consum\/media\/product\/img\/300x300\/54346.jpg?t=20250312124632"
    },
    {
        "id": 4701,
        "name": "Pimiento Tipo Padr\u00f3n Bandeja ",
        "price": 1.55,
        "price_kilo": 7.75,
        "slug": "pimiento-tipo-padron-bandeja",
        "description": "Pimiento Tipo Padr\u00f3n Bandeja 200 Gr",
        "image": "https:\/\/cdn-consum.aktiosdigitalservices.com\/tol\/consum\/media\/product\/img\/300x300\/56713.jpg?t=20250207075618"
    },
    {
        "id": 4702,
        "name": "Patata Selecci\u00f3n Granel ",
        "price": 0.67,
        "price_kilo": 2.15,
        "slug": "patata-seleccion-granel",
        "description": "Patata Selecci\u00f3n Granel",
        "image": "https:\/\/cdn-consum.aktiosdigitalservices.com\/tol\/consum\/media\/product\/img\/300x300\/56911.jpg?t=20250204075715"
    },
    {
        "id": 4703,
        "name": "Tomate Ensalada ",
        "price": 0.4,
        "price_kilo": 1.99,
        "slug": "tomate-ensalada",
        "description": "Tomate Ensalada",
        "image": "https:\/\/cdn-consum.aktiosdigitalservices.com\/tol\/consum\/media\/product\/img\/300x300\/60012.jpg?t=20250319075603"
    },
    {
        "id": 4705,
        "name": "Tomate Pera ",
        "price": 0.25,
        "price_kilo": 1.95,
        "slug": "tomate-pera",
        "description": "Tomate Pera",
        "image": "https:\/\/cdn-consum.aktiosdigitalservices.com\/tol\/consum\/media\/product\/img\/300x300\/63016.jpg?t=20250322075634"
    },
    {
        "id": 4706,
        "name": "Caf\u00e9 Express Molido Mezcla MARCILLA",
        "price": 4.95,
        "price_kilo": 19.8,
        "slug": "cafe-express-molido-mezcla",
        "description": "Caf\u00e9 Express Molido Mezcla 250 Gr",
        "image": "https:\/\/cdn-consum.aktiosdigitalservices.com\/tol\/consum\/media\/product\/img\/300x300\/64170.jpg?t=20250312155616"
    },
    {
        "id": 4708,
        "name": "Pimiento Rojo ",
        "price": 0.93,
        "price_kilo": 2.9,
        "slug": "pimiento-rojo",
        "description": "Pimiento Rojo",
        "image": "https:\/\/cdn-consum.aktiosdigitalservices.com\/tol\/consum\/media\/product\/img\/300x300\/66290.jpg?t=20250322075638"
    },
    {
        "id": 4710,
        "name": "Lechuga Iceberg Peso Aproximado 350 gr ",
        "price": 1.15,
        "price_kilo": 3.29,
        "slug": "lechuga-iceberg-peso-aproximado-350-gr",
        "description": "Lechuga Iceberg Peso Aproximado 350 gr 0,35 Kg",
        "image": "https:\/\/cdn-consum.aktiosdigitalservices.com\/tol\/consum\/media\/product\/img\/300x300\/71126.jpg?t=20250311154609"
    },
    {
        "id": 4711,
        "name": "Lechuga Romana Peso Aprox. 320 G. ",
        "price": 1.25,
        "price_kilo": 4.46,
        "slug": "lechuga-romana-peso-aprox-320-g",
        "description": "Lechuga Romana Peso Aprox. 320 G. 0,28 Kg",
        "image": "https:\/\/cdn-consum.aktiosdigitalservices.com\/tol\/consum\/media\/product\/img\/300x300\/71332.jpg?t=20250204075727"
    },
    {
        "id": 4712,
        "name": "Mistela Moscatel D.O. Valencia TURIS",
        "price": 4.25,
        "price_kilo": 5.67,
        "slug": "mistela-moscatel-do-valencia",
        "description": "Mistela Moscatel D.O. Valencia 0,75 L",
        "image": "https:\/\/cdn-consum.aktiosdigitalservices.com\/tol\/consum\/media\/product\/img\/300x300\/72280.jpg?t=20241217080941"
    },
    {
        "id": 4713,
        "name": "Cebolla Seca Malla ",
        "price": 2.05,
        "price_kilo": 2.05,
        "slug": "cebolla-seca-malla",
        "description": "Cebolla Seca Malla 1 Kg",
        "image": "https:\/\/cdn-consum.aktiosdigitalservices.com\/tol\/consum\/media\/product\/img\/300x300\/76018.jpg?t=20250319080109"
    },
    {
        "id": 4716,
        "name": "Chocolate en Polvo MEIVEL",
        "price": 1.15,
        "price_kilo": 4.6,
        "slug": "chocolate-en-polvo",
        "description": "Chocolate en Polvo 250 Gr",
        "image": "https:\/\/cdn-consum.aktiosdigitalservices.com\/tol\/consum\/media\/product\/img\/300x300\/82263.jpg?t=20250311164527"
    },
    {
        "id": 4717,
        "name": "Refresco Cola Botella COCA-COLA",
        "price": 1.49,
        "price_kilo": 2.98,
        "slug": "refresco-cola-botella",
        "description": "Refresco Cola Botella 0,5 L",
        "image": "https:\/\/cdn-consum.aktiosdigitalservices.com\/tol\/consum\/media\/product\/img\/300x300\/87528.jpg?t=20250228075630"
    },
    {
        "id": 4720,
        "name": "Lej\u00eda Multiusos Floral CONEJO",
        "price": 2.99,
        "price_kilo": 1.5,
        "slug": "lejia-multiusos-floral",
        "description": "Lej\u00eda Multiusos Floral 2 L",
        "image": "https:\/\/cdn-consum.aktiosdigitalservices.com\/tol\/consum\/media\/product\/img\/300x300\/97956.jpg?t=20250204075733"
    },
    {
        "id": 4721,
        "name": "Cebolla Tierna Manojo Peso Aproximado 300 gr ",
        "price": 1.35,
        "price_kilo": 4.5,
        "slug": "cebolla-tierna-manojo-peso-aproximado-300-gr",
        "description": "Cebolla Tierna Manojo Peso Aproximado 300 gr 0,3 Kg",
        "image": "https:\/\/cdn-consum.aktiosdigitalservices.com\/tol\/consum\/media\/product\/img\/300x300\/98467.jpg?t=20250205075638"
    },
    {
        "id": 4722,
        "name": "Vino Tinto Joven D.O.Valencia BARON TURIS",
        "price": 2.29,
        "price_kilo": 3.05,
        "slug": "vino-tinto-joven-dovalencia",
        "description": "Vino Tinto Joven D.O.Valencia 0,75 L",
        "image": "https:\/\/cdn-consum.aktiosdigitalservices.com\/tol\/consum\/media\/product\/img\/300x300\/99143.jpg?t=20241217080942"
    },
    {
        "id": 4724,
        "name": "T\u00f3nica Zero Lata SCHWEPPES",
        "price": 0.99,
        "price_kilo": 3,
        "slug": "tonica-zero-lata",
        "description": "T\u00f3nica Zero Lata 0,33 L",
        "image": "https:\/\/cdn-consum.aktiosdigitalservices.com\/tol\/consum\/media\/product\/img\/300x300\/113050.jpg?t=20250304103708"
    },
    {
        "id": 4727,
        "name": "Mejillones en Escabeche Pack de 3 CALVO",
        "price": 3.75,
        "price_kilo": 31.25,
        "slug": "mejillones-en-escabeche-pack-de-3",
        "description": "Mejillones en Escabeche Pack de 3 3 x 40 Gr",
        "image": "https:\/\/cdn-consum.aktiosdigitalservices.com\/tol\/consum\/media\/product\/img\/300x300\/134031.jpg?t=20250226075620"
    },
    {
        "id": 4729,
        "name": "Pechuga de Pollo CONSUM",
        "price": 4.21,
        "price_kilo": 6.99,
        "slug": "pechuga-de-pollo",
        "description": "Pechuga de Pollo",
        "image": "https:\/\/cdn-consum.aktiosdigitalservices.com\/tol\/consum\/media\/product\/img\/300x300\/140814.jpg?t=20250211075644"
    },
    {
        "id": 4730,
        "name": "Cerveza Botella Cristal  Pack de 12 SAN MIGUEL",
        "price": 5.79,
        "price_kilo": 1.93,
        "slug": "cerveza-botella-cristal-pack-de-12",
        "description": "Cerveza Botella Cristal  Pack de 12 12 x 0,25 L",
        "image": "https:\/\/cdn-consum.aktiosdigitalservices.com\/tol\/consum\/media\/product\/img\/300x300\/142380.jpg?t=20250227085631"
    },
    {
        "id": 4733,
        "name": "Croquetas de Cocido Casero con Jam\u00f3n LA COCINERA",
        "price": 4.99,
        "price_kilo": 9.98,
        "slug": "croquetas-de-cocido-casero-con-jamon",
        "description": "Croquetas de Cocido Casero con Jam\u00f3n 500 Gr",
        "image": "https:\/\/cdn-consum.aktiosdigitalservices.com\/tol\/consum\/media\/product\/img\/300x300\/143263.jpg?t=20250320075619"
    },
    {
        "id": 4734,
        "name": "Limpia M\u00e1quinas Lavavajillas FINISH",
        "price": 3.75,
        "price_kilo": 15,
        "slug": "limpia-maquinas-lavavajillas",
        "description": "Limpia M\u00e1quinas Lavavajillas 0,25 L",
        "image": "https:\/\/cdn-consum.aktiosdigitalservices.com\/tol\/consum\/media\/product\/img\/300x300\/145193.jpg?t=20250313075726"
    },
    {
        "id": 4737,
        "name": "Ginebra LARIOS",
        "price": 12.45,
        "price_kilo": 12.45,
        "slug": "ginebra",
        "description": "Ginebra 1 L",
        "image": "https:\/\/cdn-consum.aktiosdigitalservices.com\/tol\/consum\/media\/product\/img\/300x300\/149484.jpg?t=20250311132722"
    },
    {
        "id": 4739,
        "name": "Vino Tinto Crianza D.O.Rioja EL COTO",
        "price": 6.5,
        "price_kilo": 8.67,
        "slug": "vino-tinto-crianza-dorioja",
        "description": "Vino Tinto Crianza D.O.Rioja 0,75 L",
        "image": "https:\/\/cdn-consum.aktiosdigitalservices.com\/tol\/consum\/media\/product\/img\/300x300\/151399.jpg?t=20250303075628"
    },
    {
        "id": 4740,
        "name": "Cerveza Lata. EST.DAMM",
        "price": 0.75,
        "price_kilo": 2.28,
        "slug": "cerveza-lata",
        "description": "Cerveza Lata. 0,33 L",
        "image": "https:\/\/cdn-consum.aktiosdigitalservices.com\/tol\/consum\/media\/product\/img\/300x300\/156349.jpg?t=20250312124707"
    },
    {
        "id": 4741,
        "name": "Leche Entera Brik PULEVA",
        "price": 1.15,
        "price_kilo": 1.15,
        "slug": "leche-entera-brik",
        "description": "Leche Entera Brik 1 L",
        "image": "https:\/\/cdn-consum.aktiosdigitalservices.com\/tol\/consum\/media\/product\/img\/300x300\/157388.jpg?t=20250311103011"
    },
    {
        "id": 4743,
        "name": "Agua Mineral Natural. Botella LANJARON",
        "price": 0.73,
        "price_kilo": 0.49,
        "slug": "agua-mineral-natural-botella",
        "description": "Agua Mineral Natural. Botella 1,5 L",
        "image": "https:\/\/cdn-consum.aktiosdigitalservices.com\/tol\/consum\/media\/product\/img\/300x300\/162925.jpg?t=20250312092738"
    },
    {
        "id": 4744,
        "name": "Vino Blanco Vino de la Tiera de C\u00e1diz A.BARBADILLO",
        "price": 4.5,
        "price_kilo": 6,
        "slug": "vino-blanco-vino-de-la-tiera-de-cadiz",
        "description": "Vino Blanco Vino de la Tiera de C\u00e1diz 0,75 L",
        "image": "https:\/\/cdn-consum.aktiosdigitalservices.com\/tol\/consum\/media\/product\/img\/300x300\/169037.jpg?t=20250311123803"
    },
    {
        "id": 4745,
        "name": "Harina de Trigo Paquete GALLO",
        "price": 1.2,
        "price_kilo": 1.2,
        "slug": "harina-de-trigo-paquete",
        "description": "Harina de Trigo Paquete 1 Kg",
        "image": "https:\/\/cdn-consum.aktiosdigitalservices.com\/tol\/consum\/media\/product\/img\/300x300\/170316.jpg?t=20250312092738"
    },
    {
        "id": 4746,
        "name": "Vino Blanco D.O.Valdepe\u00f1as LOS MOLINOS",
        "price": 2.39,
        "price_kilo": 3.19,
        "slug": "vino-blanco-dovaldepenas",
        "description": "Vino Blanco D.O.Valdepe\u00f1as 0,75 L",
        "image": "https:\/\/cdn-consum.aktiosdigitalservices.com\/tol\/consum\/media\/product\/img\/300x300\/170340.jpg?t=20250311123805"
    },
    {
        "id": 4747,
        "name": "Leche Desnatada Brik PULEVA",
        "price": 1.05,
        "price_kilo": 1.05,
        "slug": "leche-desnatada-brik",
        "description": "Leche Desnatada Brik 1 L",
        "image": "https:\/\/cdn-consum.aktiosdigitalservices.com\/tol\/consum\/media\/product\/img\/300x300\/172023.jpg?t=20250312124712"
    },
    {
        "id": 4748,
        "name": "Actimel L\u00edquido Natural Pack 6 Ud. DANONE",
        "price": 3.79,
        "price_kilo": 6.32,
        "slug": "actimel-liquido-natural-pack-6-ud",
        "description": "Actimel L\u00edquido Natural Pack 6 Ud. 6 x 100 Gr",
        "image": "https:\/\/cdn-consum.aktiosdigitalservices.com\/tol\/consum\/media\/product\/img\/300x300\/174219.jpg?t=20250312124715"
    },
    {
        "id": 4749,
        "name": "Cebolla Seca Malla ",
        "price": 3.9,
        "price_kilo": 1.95,
        "slug": "cebolla-seca-malla",
        "description": "Cebolla Seca Malla 2 Kg",
        "image": "https:\/\/cdn-consum.aktiosdigitalservices.com\/tol\/consum\/media\/product\/img\/300x300\/174490.jpg?t=20250319080109"
    },
    {
        "id": 4752,
        "name": "Cerveza Botella Cristal SAN MIGUEL",
        "price": 1.45,
        "price_kilo": 1.45,
        "slug": "cerveza-botella-cristal",
        "description": "Cerveza Botella Cristal 1 L",
        "image": "https:\/\/cdn-consum.aktiosdigitalservices.com\/tol\/consum\/media\/product\/img\/300x300\/175588.jpg?t=20250315075613"
    },
    {
        "id": 4753,
        "name": "Leche Semidesnatada Brik PULEVA",
        "price": 1.09,
        "price_kilo": 1.09,
        "slug": "leche-semidesnatada-brik",
        "description": "Leche Semidesnatada Brik 1 L",
        "image": "https:\/\/cdn-consum.aktiosdigitalservices.com\/tol\/consum\/media\/product\/img\/300x300\/176974.jpg?t=20250312124717"
    },
    {
        "id": 4754,
        "name": "Boniato Rojo ",
        "price": 0.77,
        "price_kilo": 2.49,
        "slug": "boniato-rojo",
        "description": "Boniato Rojo",
        "image": "https:\/\/cdn-consum.aktiosdigitalservices.com\/tol\/consum\/media\/product\/img\/300x300\/179481.jpg?t=20250312124719"
    },
    {
        "id": 4759,
        "name": "Agua Mineral Natural de Mineralizaci\u00f3n Muy d\u00e9bil BEZOYA",
        "price": 0.74,
        "price_kilo": 0.49,
        "slug": "agua-mineral-natural-de-mineralizacion-muy-debil",
        "description": "Agua Mineral Natural de Mineralizaci\u00f3n Muy d\u00e9bil Bezoya 1,5 L",
        "image": "https:\/\/cdn-consum.aktiosdigitalservices.com\/tol\/consum\/media\/product\/img\/300x300\/200642.jpg?t=20250227085652"
    },
    {
        "id": 4762,
        "name": "Fuet Espetec TARRADELLAS",
        "price": 2.55,
        "price_kilo": 14.17,
        "slug": "fuet-espetec",
        "description": "Fuet Espetec 180 Gr",
        "image": "https:\/\/cdn-consum.aktiosdigitalservices.com\/tol\/consum\/media\/product\/img\/300x300\/201970.jpg?t=20250313075730"
    },
    {
        "id": 4764,
        "name": "Bebida Energ\u00e9tica Lata RED BULL",
        "price": 1.59,
        "price_kilo": 6.36,
        "slug": "bebida-energetica-lata",
        "description": "Bebida Energ\u00e9tica Lata 0,25 L",
        "image": "https:\/\/cdn-consum.aktiosdigitalservices.com\/tol\/consum\/media\/product\/img\/300x300\/202986.jpg?t=20250311164528"
    },
    {
        "id": 4765,
        "name": "Leche Entera Botella ASTURIANA",
        "price": 1.94,
        "price_kilo": 1.29,
        "slug": "leche-entera-botella",
        "description": "Leche Entera Botella 1,5 L",
        "image": "https:\/\/cdn-consum.aktiosdigitalservices.com\/tol\/consum\/media\/product\/img\/300x300\/203562.jpg?t=20250314121217"
    },
    {
        "id": 4766,
        "name": "Leche Semidesnatada Botella ASTURIANA",
        "price": 1.82,
        "price_kilo": 1.21,
        "slug": "leche-semidesnatada-botella",
        "description": "Leche Semidesnatada Botella 1,5 L",
        "image": "https:\/\/cdn-consum.aktiosdigitalservices.com\/tol\/consum\/media\/product\/img\/300x300\/203745.jpg?t=20250314121220"
    },
    {
        "id": 4767,
        "name": "Leche Desnatada Botella ASTURIANA",
        "price": 1.76,
        "price_kilo": 1.17,
        "slug": "leche-desnatada-botella",
        "description": "Leche Desnatada Botella 1,5 L",
        "image": "https:\/\/cdn-consum.aktiosdigitalservices.com\/tol\/consum\/media\/product\/img\/300x300\/203927.jpg?t=20250314121222"
    },
    {
        "id": 4769,
        "name": "Yogur Sabor Lim\u00f3n Pack de 4 Unidades DANONE",
        "price": 0.95,
        "price_kilo": 1.98,
        "slug": "yogur-sabor-limon-pack-de-4-unidades",
        "description": "Yogur Sabor Lim\u00f3n Pack de 4 Unidades 4 x 120 Gr",
        "image": "https:\/\/cdn-consum.aktiosdigitalservices.com\/tol\/consum\/media\/product\/img\/300x300\/204230.jpg?t=20241223075632"
    },
    {
        "id": 4770,
        "name": "Yogur Sabor Fresa Pack de 4 Unidades DANONE",
        "price": 0.95,
        "price_kilo": 1.98,
        "slug": "yogur-sabor-fresa-pack-de-4-unidades",
        "description": "Yogur Sabor Fresa Pack de 4 Unidades 4 x 120 Gr",
        "image": "https:\/\/cdn-consum.aktiosdigitalservices.com\/tol\/consum\/media\/product\/img\/300x300\/204420.jpg?t=20241223075634"
    },
    {
        "id": 4776,
        "name": "Nata L\u00edquida  Montar Brik ASTURIANA",
        "price": 2.59,
        "price_kilo": 5.18,
        "slug": "nata-liquida-montar-brik",
        "description": "Nata L\u00edquida  Montar Brik 0,5 L",
        "image": "https:\/\/cdn-consum.aktiosdigitalservices.com\/tol\/consum\/media\/product\/img\/300x300\/211862.jpg?t=20250311103032"
    },
    {
        "id": 4777,
        "name": "Empanadillas de At\u00fan congeladas 10 Unidades LA COCINERA",
        "price": 4.99,
        "price_kilo": 15.99,
        "slug": "empanadillas-de-atun-congeladas-10-unidades",
        "description": "Empanadillas de At\u00fan congeladas 10 Unidades 312 Gr",
        "image": "https:\/\/cdn-consum.aktiosdigitalservices.com\/tol\/consum\/media\/product\/img\/300x300\/212563.jpg?t=20250218075717"
    },
    {
        "id": 4779,
        "name": "Salchichas Jumbo OSCAR MAYER",
        "price": 2.45,
        "price_kilo": 7,
        "slug": "salchichas-jumbo",
        "description": "Salchichas Jumbo 350 Gr",
        "image": "https:\/\/cdn-consum.aktiosdigitalservices.com\/tol\/consum\/media\/product\/img\/300x300\/213421.jpg?t=20250311164528"
    },
    {
        "id": 4780,
        "name": "Jam\u00f3n Cocido Finas Lonchas TARRADELLAS",
        "price": 2.25,
        "price_kilo": 18,
        "slug": "jamon-cocido-finas-lonchas",
        "description": "Jam\u00f3n Cocido Finas Lonchas 125 Gr",
        "image": "https:\/\/cdn-consum.aktiosdigitalservices.com\/tol\/consum\/media\/product\/img\/300x300\/215632.jpg?t=20241217080943"
    },
    {
        "id": 4781,
        "name": "Habas Baby congeladas FINDUS",
        "price": 5.19,
        "price_kilo": 12.98,
        "slug": "habas-baby-congeladas",
        "description": "Habas Baby congeladas 400 Gr",
        "image": "https:\/\/cdn-consum.aktiosdigitalservices.com\/tol\/consum\/media\/product\/img\/300x300\/216275.jpg?t=20250227085657"
    },
    {
        "id": 4782,
        "name": "Bac\u00f3n en Lonchas OSCAR MAYER",
        "price": 2.29,
        "price_kilo": 15.27,
        "slug": "bacon-en-lonchas",
        "description": "Bac\u00f3n en Lonchas 150 Gr",
        "image": "https:\/\/cdn-consum.aktiosdigitalservices.com\/tol\/consum\/media\/product\/img\/300x300\/216309.jpg?t=20250211080549"
    },
    {
        "id": 4783,
        "name": "Lomos de Merluza congelados PESCANOVA",
        "price": 7.19,
        "price_kilo": 19.97,
        "slug": "lomos-de-merluza-congelados",
        "description": "Lomos de Merluza congelados 360 Gr",
        "image": "https:\/\/cdn-consum.aktiosdigitalservices.com\/tol\/consum\/media\/product\/img\/300x300\/216713.jpg?t=20250311164530"
    },
    {
        "id": 4785,
        "name": "Pollo Limpio CONSUM",
        "price": 6.5,
        "price_kilo": 3.25,
        "slug": "pollo-limpio",
        "description": "Pollo Limpio",
        "image": "https:\/\/cdn-consum.aktiosdigitalservices.com\/tol\/consum\/media\/product\/img\/300x300\/218115.jpg?t=20241217080943"
    },
    {
        "id": 4786,
        "name": "Obleas 16  Unidades BUITONI",
        "price": 1.25,
        "price_kilo": 7.81,
        "slug": "obleas-16-unidades",
        "description": "Obleas 16  Unidades 160 Gr",
        "image": "https:\/\/cdn-consum.aktiosdigitalservices.com\/tol\/consum\/media\/product\/img\/300x300\/219253.jpg?t=20250211080550"
    },
    {
        "id": 4787,
        "name": "Cintas de Bac\u00f3n TARRADELLAS",
        "price": 1.99,
        "price_kilo": 13.27,
        "slug": "cintas-de-bacon",
        "description": "Cintas de Bac\u00f3n 150 Gr",
        "image": "https:\/\/cdn-consum.aktiosdigitalservices.com\/tol\/consum\/media\/product\/img\/300x300\/219477.jpg?t=20241217080943"
    },
    {
        "id": 4789,
        "name": "Muslitos de Pollo CONSUM",
        "price": 2.95,
        "price_kilo": 4.19,
        "slug": "muslitos-de-pollo",
        "description": "Muslitos de Pollo",
        "image": "https:\/\/cdn-consum.aktiosdigitalservices.com\/tol\/consum\/media\/product\/img\/300x300\/220707.jpg?t=20250318080929"
    },
    {
        "id": 4790,
        "name": "Queso Fundido Porciones EL CASERIO",
        "price": 2.99,
        "price_kilo": 11.96,
        "slug": "queso-fundido-porciones",
        "description": "Queso Fundido Porciones 250 Gr",
        "image": "https:\/\/cdn-consum.aktiosdigitalservices.com\/tol\/consum\/media\/product\/img\/300x300\/221309.jpg?t=20250312124727"
    },
    {
        "id": 4791,
        "name": "Contramuslos sin Piel CONSUM",
        "price": 3.16,
        "price_kilo": 4.49,
        "slug": "contramuslos-sin-piel",
        "description": "Contramuslos sin Piel",
        "image": "https:\/\/cdn-consum.aktiosdigitalservices.com\/tol\/consum\/media\/product\/img\/300x300\/221606.jpg?t=20241217080943"
    },
    {
        "id": 4794,
        "name": "Activia Natural Yogur B\u00edfidus Pack 4 Un DANONE",
        "price": 2.69,
        "price_kilo": 5.6,
        "slug": "activia-natural-yogur-bifidus-pack-4-un",
        "description": "Activia Natural Yogur B\u00edfidus Pack 4 Un 4 x 120 Gr",
        "image": "https:\/\/cdn-consum.aktiosdigitalservices.com\/tol\/consum\/media\/product\/img\/300x300\/224642.jpg?t=20250213075641"
    },
    {
        "id": 4795,
        "name": "Carcasas de Pollo CONSUM",
        "price": 1.55,
        "price_kilo": 1.55,
        "slug": "carcasas-de-pollo",
        "description": "Carcasas de Pollo",
        "image": "https:\/\/cdn-consum.aktiosdigitalservices.com\/tol\/consum\/media\/product\/img\/300x300\/224972.jpg?t=20241217080943"
    },
    {
        "id": 4797,
        "name": "Yogur Natural Pack de 8 Unidades DANONE",
        "price": 1.89,
        "price_kilo": 1.97,
        "slug": "yogur-natural-pack-de-8-unidades",
        "description": "Yogur Natural Pack de 8 Unidades 8 x 120 Gr",
        "image": "https:\/\/cdn-consum.aktiosdigitalservices.com\/tol\/consum\/media\/product\/img\/300x300\/227652.jpg?t=20250220075707"
    },
    {
        "id": 4798,
        "name": "Vital\u00ednea 0%0% Sabor Lim\u00f3n DANONE",
        "price": 2.09,
        "price_kilo": 4.35,
        "slug": "vitalinea-00-sabor-limon",
        "description": "Vital\u00ednea 0%0% Sabor Lim\u00f3n 4 x 120 Gr",
        "image": "https:\/\/cdn-consum.aktiosdigitalservices.com\/tol\/consum\/media\/product\/img\/300x300\/227793.jpg?t=20250213075649"
    },
    {
        "id": 4799,
        "name": "Peskitos de Merluza congelados PESCANOVA",
        "price": 3.39,
        "price_kilo": 8.48,
        "slug": "peskitos-de-merluza-congelados",
        "description": "Peskitos de Merluza congelados 400 Gr",
        "image": "https:\/\/cdn-consum.aktiosdigitalservices.com\/tol\/consum\/media\/product\/img\/300x300\/229724.jpg?t=20250312124735"
    },
    {
        "id": 4800,
        "name": "Yogur Natural Azucarado Pack de 8 Unidades DANONE",
        "price": 1.89,
        "price_kilo": 1.97,
        "slug": "yogur-natural-azucarado-pack-de-8-unidades",
        "description": "Yogur Natural Azucarado Pack de 8 Unidades 8 x 120 Gr",
        "image": "https:\/\/cdn-consum.aktiosdigitalservices.com\/tol\/consum\/media\/product\/img\/300x300\/230920.jpg?t=20250220075709"
    },
    {
        "id": 4801,
        "name": "Arroz 3 Delicias Salto Tradicional FINDUS",
        "price": 3.99,
        "price_kilo": 7.98,
        "slug": "arroz-3-delicias-salto-tradicional",
        "description": "Arroz 3 Delicias Salto Tradicional 500 Gr",
        "image": "https:\/\/cdn-consum.aktiosdigitalservices.com\/tol\/consum\/media\/product\/img\/300x300\/231357.jpg?t=20250227085711"
    },
    {
        "id": 4802,
        "name": "Queso Fundido 16 Porciones VACA QUE RIE",
        "price": 2.99,
        "price_kilo": 11.96,
        "slug": "queso-fundido-16-porciones",
        "description": "Queso Fundido 16 Porciones 250 Gr",
        "image": "https:\/\/cdn-consum.aktiosdigitalservices.com\/tol\/consum\/media\/product\/img\/300x300\/231514.jpg?t=20250312155645"
    },
    {
        "id": 4803,
        "name": "Longaniza Imperial ELPOZO 1954",
        "price": 2.95,
        "price_kilo": 11.8,
        "slug": "longaniza-imperial",
        "description": "Longaniza Imperial 230 Gr",
        "image": "https:\/\/cdn-consum.aktiosdigitalservices.com\/tol\/consum\/media\/product\/img\/300x300\/231779.jpg?t=20250227085713"
    },
    {
        "id": 4804,
        "name": "Margarina Vegetal Tarrina LIGERESA",
        "price": 1.79,
        "price_kilo": 7.16,
        "slug": "margarina-vegetal-tarrina",
        "description": "Margarina Vegetal Tarrina 250 Gr",
        "image": "https:\/\/cdn-consum.aktiosdigitalservices.com\/tol\/consum\/media\/product\/img\/300x300\/234807.jpg?t=20250315075615"
    },
    {
        "id": 4805,
        "name": "Salchichas Wieners OSCAR MAYER",
        "price": 1.35,
        "price_kilo": 6.75,
        "slug": "salchichas-wieners",
        "description": "Salchichas Wieners 200 Gr",
        "image": "https:\/\/cdn-consum.aktiosdigitalservices.com\/tol\/consum\/media\/product\/img\/300x300\/235010.jpg?t=20250311164530"
    },
    {
        "id": 4806,
        "name": "Activia Frutas Bosque Yogur B\u00edfidus P-4 ud. DANONE",
        "price": 2,
        "price_kilo": 4.17,
        "slug": "activia-frutas-bosque-yogur-bifidus-p-4-ud",
        "description": "Activia Frutas Bosque Yogur B\u00edfidus P-4 ud. 4 x 120 Gr",
        "image": "https:\/\/cdn-consum.aktiosdigitalservices.com\/tol\/consum\/media\/product\/img\/300x300\/236141.jpg?t=20250312124742"
    },
    {
        "id": 4808,
        "name": "Paninis Jam\u00f3n y Queso congelados PANNINI",
        "price": 2.99,
        "price_kilo": 11.96,
        "slug": "paninis-jamon-y-queso-congelados",
        "description": "Paninis Jam\u00f3n y Queso congelados 250 Gr",
        "image": "https:\/\/cdn-consum.aktiosdigitalservices.com\/tol\/consum\/media\/product\/img\/300x300\/237545.jpg?t=20250227085718"
    },
    {
        "id": 4809,
        "name": "Queso Fundido Light 16 Porciones VACA QUE RIE",
        "price": 2.99,
        "price_kilo": 11.96,
        "slug": "queso-fundido-light-16-porciones",
        "description": "Queso Fundido Light 16 Porciones 250 Gr",
        "image": "https:\/\/cdn-consum.aktiosdigitalservices.com\/tol\/consum\/media\/product\/img\/300x300\/238311.jpg?t=20250312155650"
    },
    {
        "id": 4810,
        "name": "Bitter sin Alcohol Lata KAS",
        "price": 0.99,
        "price_kilo": 3,
        "slug": "bitter-sin-alcohol-lata",
        "description": "Bitter sin Alcohol Lata 0,33 L",
        "image": "https:\/\/cdn-consum.aktiosdigitalservices.com\/tol\/consum\/media\/product\/img\/300x300\/239087.jpg?t=20241217080944"
    },
    {
        "id": 4811,
        "name": "Fres\u00f3n Bandeja ",
        "price": 3,
        "price_kilo": 6,
        "slug": "freson-bandeja",
        "description": "Fres\u00f3n Bandeja 500 Gr",
        "image": "https:\/\/cdn-consum.aktiosdigitalservices.com\/tol\/consum\/media\/product\/img\/300x300\/242081.jpg?t=20250322075700"
    },
    {
        "id": 4813,
        "name": "Bebida Isot\u00f3nica Naranja Lata AQUARIUS",
        "price": 0.95,
        "price_kilo": 2.88,
        "slug": "bebida-isotonica-naranja-lata",
        "description": "Bebida Isot\u00f3nica Naranja Lata 0,33 L",
        "image": "https:\/\/cdn-consum.aktiosdigitalservices.com\/tol\/consum\/media\/product\/img\/300x300\/245415.jpg?t=20250220075713"
    },
    {
        "id": 4815,
        "name": "Sopa Deshidratada de Cebolla Sobre KNORR",
        "price": 0.89,
        "price_kilo": 17.8,
        "slug": "sopa-deshidratada-de-cebolla-sobre",
        "description": "Sopa Deshidratada de Cebolla Sobre 50 Gr",
        "image": "https:\/\/cdn-consum.aktiosdigitalservices.com\/tol\/consum\/media\/product\/img\/300x300\/249730.jpg?t=20250205075658"
    },
    {
        "id": 4817,
        "name": "Tinte N\u00ba5.6 Caoba LLONGUERAS",
        "price": 7.49,
        "price_kilo": 7.49,
        "slug": "tinte-n56-caoba",
        "description": "Tinte N\u00ba5.6 Caoba 1 U",
        "image": "https:\/\/cdn-consum.aktiosdigitalservices.com\/tol\/consum\/media\/product\/img\/300x300\/251694.jpg?t=20250304103804"
    },
    {
        "id": 4819,
        "name": "Cerveza Lata SAN MIGUEL",
        "price": 1.19,
        "price_kilo": 2.38,
        "slug": "cerveza-lata",
        "description": "Cerveza Lata 0,5 L",
        "image": "https:\/\/cdn-consum.aktiosdigitalservices.com\/tol\/consum\/media\/product\/img\/300x300\/256461.jpg?t=20250312155654"
    },
    {
        "id": 4826,
        "name": "Chocolate L\u00edquido a la Taza Brik RAM",
        "price": 2.25,
        "price_kilo": 2.25,
        "slug": "chocolate-liquido-a-la-taza-brik",
        "description": "Chocolate L\u00edquido a la Taza Brik 1 L",
        "image": "https:\/\/cdn-consum.aktiosdigitalservices.com\/tol\/consum\/media\/product\/img\/300x300\/289462.jpg?t=20250313075748"
    },
    {
        "id": 4827,
        "name": "Leche Calcio Desnatada Brik PULEVA",
        "price": 1.59,
        "price_kilo": 1.59,
        "slug": "leche-calcio-desnatada-brik",
        "description": "Leche Calcio Desnatada Brik 1 L",
        "image": "https:\/\/cdn-consum.aktiosdigitalservices.com\/tol\/consum\/media\/product\/img\/300x300\/289512.jpg?t=20250311103042"
    },
    {
        "id": 4828,
        "name": "Salchichas Wieners Queso OSCAR MAYER",
        "price": 1.35,
        "price_kilo": 6.75,
        "slug": "salchichas-wieners-queso",
        "description": "Salchichas Wieners Queso 200 Gr",
        "image": "https:\/\/cdn-consum.aktiosdigitalservices.com\/tol\/consum\/media\/product\/img\/300x300\/294181.jpg?t=20250311164530"
    },
    {
        "id": 4829,
        "name": "Vital\u00ednea 0%0% Sabor Fresa DANONE",
        "price": 2.09,
        "price_kilo": 4.35,
        "slug": "vitalinea-00-sabor-fresa",
        "description": "Vital\u00ednea 0%0% Sabor Fresa 4 x 120 Gr",
        "image": "https:\/\/cdn-consum.aktiosdigitalservices.com\/tol\/consum\/media\/product\/img\/300x300\/294439.jpg?t=20250213075658"
    },
    {
        "id": 4831,
        "name": "Vino Blanco Aguja B. PESCADOR",
        "price": 4.45,
        "price_kilo": 5.93,
        "slug": "vino-blanco-aguja",
        "description": "Vino Blanco Aguja 0,75 L",
        "image": "https:\/\/cdn-consum.aktiosdigitalservices.com\/tol\/consum\/media\/product\/img\/300x300\/300525.jpg?t=20250204075814"
    },
    {
        "id": 4833,
        "name": "Vino Tinto de Mesa Brik DON SIMON",
        "price": 1.6,
        "price_kilo": 1.6,
        "slug": "vino-tinto-de-mesa-brik",
        "description": "Vino Tinto de Mesa Brik 1 L",
        "image": "https:\/\/cdn-consum.aktiosdigitalservices.com\/tol\/consum\/media\/product\/img\/300x300\/300798.jpg?t=20241217080944"
    },
    {
        "id": 4836,
        "name": "Caf\u00e9 Molido Descafeinado BONKA",
        "price": 4.2,
        "price_kilo": 16.8,
        "slug": "cafe-molido-descafeinado",
        "description": "Caf\u00e9 Molido Descafeinado 250 Gr",
        "image": "https:\/\/cdn-consum.aktiosdigitalservices.com\/tol\/consum\/media\/product\/img\/300x300\/300939.jpg?t=20250311103045"
    },
    {
        "id": 4837,
        "name": "Salsa Pimienta Verde Sobre G.BLANCA",
        "price": 1.99,
        "price_kilo": 39.8,
        "slug": "salsa-pimienta-verde-sobre",
        "description": "Salsa Pimienta Verde Sobre 50 Gr",
        "image": "https:\/\/cdn-consum.aktiosdigitalservices.com\/tol\/consum\/media\/product\/img\/300x300\/301614.jpg?t=20241217080944"
    },
    {
        "id": 4838,
        "name": "Arroz Redondo LA FALLERA",
        "price": 1.68,
        "price_kilo": 1.68,
        "slug": "arroz-redondo",
        "description": "Arroz Redondo 1 Kg",
        "image": "https:\/\/cdn-consum.aktiosdigitalservices.com\/tol\/consum\/media\/product\/img\/300x300\/302489.jpg?t=20250204075818"
    },
    {
        "id": 4839,
        "name": "Refresco Cola Botella COCA-COLA",
        "price": 2.1,
        "price_kilo": 1.05,
        "slug": "refresco-cola-botella",
        "description": "Refresco Cola Botella 2 L",
        "image": "https:\/\/cdn-consum.aktiosdigitalservices.com\/tol\/consum\/media\/product\/img\/300x300\/302745.jpg?t=20250319075628"
    },
    {
        "id": 4840,
        "name": "Refresco Naranja Lata FANTA",
        "price": 0.8,
        "price_kilo": 2.42,
        "slug": "refresco-naranja-lata",
        "description": "Refresco Naranja Lata 0,33 L",
        "image": "https:\/\/cdn-consum.aktiosdigitalservices.com\/tol\/consum\/media\/product\/img\/300x300\/302778.jpg?t=20250220075719"
    },
    {
        "id": 4841,
        "name": "Refresco Naranja Botella FANTA",
        "price": 1.85,
        "price_kilo": 0.93,
        "slug": "refresco-naranja-botella",
        "description": "Refresco Naranja Botella 2 L",
        "image": "https:\/\/cdn-consum.aktiosdigitalservices.com\/tol\/consum\/media\/product\/img\/300x300\/302786.jpg?t=20250116075704"
    },
    {
        "id": 4843,
        "name": "Refresco Lim\u00f3n Lata FANTA",
        "price": 0.8,
        "price_kilo": 2.42,
        "slug": "refresco-limon-lata",
        "description": "Refresco Lim\u00f3n Lata 0,33 L",
        "image": "https:\/\/cdn-consum.aktiosdigitalservices.com\/tol\/consum\/media\/product\/img\/300x300\/302885.jpg?t=20250220075721"
    },
    {
        "id": 4844,
        "name": "Refresco Cola Light Lata COCA-COLA",
        "price": 0.92,
        "price_kilo": 2.79,
        "slug": "refresco-cola-light-lata",
        "description": "Refresco Cola Light Lata 0,33 L",
        "image": "https:\/\/cdn-consum.aktiosdigitalservices.com\/tol\/consum\/media\/product\/img\/300x300\/303362.jpg?t=20250227085738"
    },
    {
        "id": 4845,
        "name": "Leche Calcio Entera Brik PULEVA",
        "price": 1.59,
        "price_kilo": 1.59,
        "slug": "leche-calcio-entera-brik",
        "description": "Leche Calcio Entera Brik 1 L",
        "image": "https:\/\/cdn-consum.aktiosdigitalservices.com\/tol\/consum\/media\/product\/img\/300x300\/303370.jpg?t=20250311103050"
    },
    {
        "id": 4846,
        "name": "Refresco Cola Lata PEPSI-COLA",
        "price": 0.5,
        "price_kilo": 1.52,
        "slug": "refresco-cola-lata",
        "description": "Refresco Cola Lata 0,33 L",
        "image": "https:\/\/cdn-consum.aktiosdigitalservices.com\/tol\/consum\/media\/product\/img\/300x300\/303453.jpg?t=20250227085742"
    },
    {
        "id": 4847,
        "name": "T\u00f3nica Lata SCHWEPPES",
        "price": 0.99,
        "price_kilo": 3,
        "slug": "tonica-lata",
        "description": "T\u00f3nica Lata 0,33 L",
        "image": "https:\/\/cdn-consum.aktiosdigitalservices.com\/tol\/consum\/media\/product\/img\/300x300\/303628.jpg?t=20250304103847"
    },
    {
        "id": 4851,
        "name": "Pan Molde S\u00e1ndwich BIMBO",
        "price": 1.99,
        "price_kilo": 2.84,
        "slug": "pan-molde-sandwich",
        "description": "Pan Molde S\u00e1ndwich 700 Gr",
        "image": "https:\/\/cdn-consum.aktiosdigitalservices.com\/tol\/consum\/media\/product\/img\/300x300\/305425.jpg?t=20250313075750"
    },
    {
        "id": 4852,
        "name": "Cuarto Trasero de Pollo CONSUM",
        "price": 2.46,
        "price_kilo": 3.49,
        "slug": "cuarto-trasero-de-pollo",
        "description": "Cuarto Trasero de Pollo",
        "image": "https:\/\/cdn-consum.aktiosdigitalservices.com\/tol\/consum\/media\/product\/img\/300x300\/305474.jpg?t=20241217080944"
    },
    {
        "id": 4853,
        "name": "Caf\u00e9 Molido Natural BONKA",
        "price": 3.4,
        "price_kilo": 13.6,
        "slug": "cafe-molido-natural",
        "description": "Caf\u00e9 Molido Natural 250 Gr",
        "image": "https:\/\/cdn-consum.aktiosdigitalservices.com\/tol\/consum\/media\/product\/img\/300x300\/305870.jpg?t=20250312092739"
    },
    {
        "id": 4854,
        "name": "Cerveza Danesa Lata CARLSBERG",
        "price": 0.89,
        "price_kilo": 2.7,
        "slug": "cerveza-danesa-lata",
        "description": "Cerveza Danesa Lata 0,33 L",
        "image": "https:\/\/cdn-consum.aktiosdigitalservices.com\/tol\/consum\/media\/product\/img\/300x300\/308619.jpg?t=20250312124750"
    },
    {
        "id": 4855,
        "name": "Refresco Lima Lim\u00f3n Lata SEVEN UP",
        "price": 0.59,
        "price_kilo": 1.79,
        "slug": "refresco-lima-limon-lata",
        "description": "Refresco Lima Lim\u00f3n Lata 0,33 L",
        "image": "https:\/\/cdn-consum.aktiosdigitalservices.com\/tol\/consum\/media\/product\/img\/300x300\/308726.jpg?t=20250311132738"
    },
    {
        "id": 4856,
        "name": "Poleo Menta 25 Bolsitas POMPADOUR",
        "price": 2.15,
        "price_kilo": 0.09,
        "slug": "poleo-menta-25-bolsitas",
        "description": "Poleo Menta 25 Bolsitas 25 U",
        "image": "https:\/\/cdn-consum.aktiosdigitalservices.com\/tol\/consum\/media\/product\/img\/300x300\/310664.jpg?t=20250311103100"
    },
    {
        "id": 4857,
        "name": "Manzanilla con An\u00eds 25 Bolsitas POMPADOUR",
        "price": 2.15,
        "price_kilo": 0.09,
        "slug": "manzanilla-con-anis-25-bolsitas",
        "description": "Manzanilla con An\u00eds 25 Bolsitas 25 U",
        "image": "https:\/\/cdn-consum.aktiosdigitalservices.com\/tol\/consum\/media\/product\/img\/300x300\/310672.jpg?t=20250311132740"
    },
    {
        "id": 4858,
        "name": "Vino Tinto Reserva D.O.Valdepe\u00f1as VI\u00d1A ALBALI",
        "price": 3.35,
        "price_kilo": 4.47,
        "slug": "vino-tinto-reserva-dovaldepenas",
        "description": "Vino Tinto Reserva D.O.Valdepe\u00f1as 0,75 L",
        "image": "https:\/\/cdn-consum.aktiosdigitalservices.com\/tol\/consum\/media\/product\/img\/300x300\/311167.jpg?t=20250227085759"
    },
    {
        "id": 4859,
        "name": "Agua Mineral Natural. Botella FONT VELLA",
        "price": 0.65,
        "price_kilo": 0.43,
        "slug": "agua-mineral-natural-botella",
        "description": "Agua Mineral Natural. Botella 1,5 L",
        "image": "https:\/\/cdn-consum.aktiosdigitalservices.com\/tol\/consum\/media\/product\/img\/300x300\/311530.jpg?t=20250227085801"
    },
    {
        "id": 4860,
        "name": "Cerveza Lata MAHOU CLASIC",
        "price": 0.77,
        "price_kilo": 2.33,
        "slug": "cerveza-lata",
        "description": "Cerveza Lata 0,33 L",
        "image": "https:\/\/cdn-consum.aktiosdigitalservices.com\/tol\/consum\/media\/product\/img\/300x300\/311712.jpg?t=20250312124752"
    },
    {
        "id": 4862,
        "name": "Refresco Cola Sin Cafe\u00edna Lata COCA-COLA",
        "price": 0.92,
        "price_kilo": 2.79,
        "slug": "refresco-cola-sin-cafeina-lata",
        "description": "Refresco Cola Sin Cafe\u00edna Lata 0,33 L",
        "image": "https:\/\/cdn-consum.aktiosdigitalservices.com\/tol\/consum\/media\/product\/img\/300x300\/311837.jpg?t=20250227085803"
    },
    {
        "id": 4863,
        "name": "Refresco Cola sin Cafe\u00edna Botella COCA-COLA",
        "price": 2.1,
        "price_kilo": 1.05,
        "slug": "refresco-cola-sin-cafeina-botella",
        "description": "Refresco Cola sin Cafe\u00edna Botella 2 L",
        "image": "https:\/\/cdn-consum.aktiosdigitalservices.com\/tol\/consum\/media\/product\/img\/300x300\/311845.jpg?t=20250319075630"
    },
    {
        "id": 4864,
        "name": "Refresco Lim\u00f3n Botella FANTA",
        "price": 1.85,
        "price_kilo": 0.93,
        "slug": "refresco-limon-botella",
        "description": "Refresco Lim\u00f3n Botella 2 L",
        "image": "https:\/\/cdn-consum.aktiosdigitalservices.com\/tol\/consum\/media\/product\/img\/300x300\/311969.jpg?t=20250212075650"
    },
    {
        "id": 4865,
        "name": "Ginebra BEEFEATER",
        "price": 14.25,
        "price_kilo": 20.36,
        "slug": "ginebra",
        "description": "Ginebra 0,7 L",
        "image": "https:\/\/cdn-consum.aktiosdigitalservices.com\/tol\/consum\/media\/product\/img\/300x300\/313577.jpg?t=20250322075703"
    },
    {
        "id": 4866,
        "name": "Centenario TERRY",
        "price": 9.3,
        "price_kilo": 9.3,
        "slug": "centenario",
        "description": "Centenario 1 L",
        "image": "https:\/\/cdn-consum.aktiosdigitalservices.com\/tol\/consum\/media\/product\/img\/300x300\/315408.jpg?t=20250318075716"
    },
    {
        "id": 4867,
        "name": "Aperitivo de Ma\u00edz Pelotazos Sabor Queso CHEETOS",
        "price": 1.89,
        "price_kilo": 14.54,
        "slug": "aperitivo-de-maiz-pelotazos-sabor-queso",
        "description": "Aperitivo de Ma\u00edz Pelotazos Sabor Queso 130 Gr",
        "image": "https:\/\/cdn-consum.aktiosdigitalservices.com\/tol\/consum\/media\/product\/img\/300x300\/315499.jpg?t=20250313075756"
    },
    {
        "id": 4868,
        "name": "Whisky Scotch WIL.LAWSONS",
        "price": 9.99,
        "price_kilo": 14.27,
        "slug": "whisky-scotch",
        "description": "Whisky Scotch 0,7 L",
        "image": "https:\/\/cdn-consum.aktiosdigitalservices.com\/tol\/consum\/media\/product\/img\/300x300\/315622.jpg?t=20250227085828"
    },
    {
        "id": 4869,
        "name": "Ron NEGRITA",
        "price": 8.75,
        "price_kilo": 12.5,
        "slug": "ron",
        "description": "Ron 0,7 L",
        "image": "https:\/\/cdn-consum.aktiosdigitalservices.com\/tol\/consum\/media\/product\/img\/300x300\/315754.jpg?t=20250318075718"
    },
    {
        "id": 4875,
        "name": "Vino Tinto Crianza D.O.Rioja CUNE",
        "price": 6.95,
        "price_kilo": 9.27,
        "slug": "vino-tinto-crianza-dorioja",
        "description": "Vino Tinto Crianza D.O.Rioja 0,75 L",
        "image": "https:\/\/cdn-consum.aktiosdigitalservices.com\/tol\/consum\/media\/product\/img\/300x300\/318303.jpg?t=20250312092739"
    },
    {
        "id": 4876,
        "name": "Vino Tinto Joven D.O.Valdepe\u00f1as LOS MOLINOS",
        "price": 2.39,
        "price_kilo": 3.19,
        "slug": "vino-tinto-joven-dovaldepenas",
        "description": "Vino Tinto Joven D.O.Valdepe\u00f1as 0,75 L",
        "image": "https:\/\/cdn-consum.aktiosdigitalservices.com\/tol\/consum\/media\/product\/img\/300x300\/318808.jpg?t=20250311123827"
    },
    {
        "id": 4877,
        "name": "Galletas Creme Tropical GULLON",
        "price": 2.95,
        "price_kilo": 3.69,
        "slug": "galletas-creme-tropical",
        "description": "Galletas Creme Tropical 800 Gr",
        "image": "https:\/\/cdn-consum.aktiosdigitalservices.com\/tol\/consum\/media\/product\/img\/300x300\/318840.jpg?t=20250312155701"
    },
    {
        "id": 4880,
        "name": "Cerveza Holandesa Lata HEINEKEN",
        "price": 0.86,
        "price_kilo": 2.61,
        "slug": "cerveza-holandesa-lata",
        "description": "Cerveza Holandesa Lata 0,33 L",
        "image": "https:\/\/cdn-consum.aktiosdigitalservices.com\/tol\/consum\/media\/product\/img\/300x300\/319400.jpg?t=20250227085852"
    },
    {
        "id": 4881,
        "name": "Bebida Isot\u00f3nica Lim\u00f3n Lata AQUARIUS",
        "price": 0.95,
        "price_kilo": 2.88,
        "slug": "bebida-isotonica-limon-lata",
        "description": "Bebida Isot\u00f3nica Lim\u00f3n Lata 0,33 L",
        "image": "https:\/\/cdn-consum.aktiosdigitalservices.com\/tol\/consum\/media\/product\/img\/300x300\/319640.jpg?t=20250220075808"
    },
    {
        "id": 4883,
        "name": "Vino Blanco de Mesa Brik DON SIMON",
        "price": 1.6,
        "price_kilo": 1.6,
        "slug": "vino-blanco-de-mesa-brik",
        "description": "Vino Blanco de Mesa Brik 1 L",
        "image": "https:\/\/cdn-consum.aktiosdigitalservices.com\/tol\/consum\/media\/product\/img\/300x300\/320754.jpg?t=20241217080946"
    },
    {
        "id": 4888,
        "name": "Vino Rosado Aguja V.T.Castilla y Le\u00f3n PE\u00d1ASCAL",
        "price": 3.95,
        "price_kilo": 5.27,
        "slug": "vino-rosado-aguja-vtcastilla-y-leon",
        "description": "Vino Rosado Aguja V.T.Castilla y Le\u00f3n 0,75 L",
        "image": "https:\/\/cdn-consum.aktiosdigitalservices.com\/tol\/consum\/media\/product\/img\/300x300\/324848.jpg?t=20250304104023"
    },
    {
        "id": 4890,
        "name": "Laca NELLY",
        "price": 2.15,
        "price_kilo": 1.72,
        "slug": "laca",
        "description": "Laca 125 ml",
        "image": "https:\/\/cdn-consum.aktiosdigitalservices.com\/tol\/consum\/media\/product\/img\/300x300\/327247.jpg?t=20241217080946"
    },
    {
        "id": 4891,
        "name": "Penne Rigate Caja BARILLA",
        "price": 1.69,
        "price_kilo": 3.38,
        "slug": "penne-rigate-caja",
        "description": "Penne Rigate Caja 500 Gr",
        "image": "https:\/\/cdn-consum.aktiosdigitalservices.com\/tol\/consum\/media\/product\/img\/300x300\/328203.jpg?t=20250227085855"
    },
    {
        "id": 4892,
        "name": "Vino Tinto Reserva D.O.Utiel-Requena V.ENTERIZO",
        "price": 4.99,
        "price_kilo": 6.65,
        "slug": "vino-tinto-reserva-doutiel-requena",
        "description": "Vino Tinto Reserva D.O.Utiel-Requena 0,75 L",
        "image": "https:\/\/cdn-consum.aktiosdigitalservices.com\/tol\/consum\/media\/product\/img\/300x300\/328567.jpg?t=20250220075811"
    },
    {
        "id": 4893,
        "name": "Tila 25 Bolsitas POMPADOUR",
        "price": 2.15,
        "price_kilo": 0.09,
        "slug": "tila-25-bolsitas",
        "description": "Tila 25 Bolsitas 25 U",
        "image": "https:\/\/cdn-consum.aktiosdigitalservices.com\/tol\/consum\/media\/product\/img\/300x300\/329276.jpg?t=20250311132747"
    },
    {
        "id": 4896,
        "name": "Raviolis en Salsa Bote HERO",
        "price": 2.99,
        "price_kilo": 7.12,
        "slug": "raviolis-en-salsa-bote",
        "description": "Raviolis en Salsa Bote 420 Gr",
        "image": "https:\/\/cdn-consum.aktiosdigitalservices.com\/tol\/consum\/media\/product\/img\/300x300\/330555.jpg?t=20241217080946"
    },
    {
        "id": 4897,
        "name": "Spaghetti Caja BARILLA",
        "price": 1.69,
        "price_kilo": 3.38,
        "slug": "spaghetti-caja",
        "description": "Spaghetti Caja 500 Gr",
        "image": "https:\/\/cdn-consum.aktiosdigitalservices.com\/tol\/consum\/media\/product\/img\/300x300\/330829.jpg?t=20250312092739"
    },
    {
        "id": 4898,
        "name": "Lim\u00f3n ",
        "price": 0.53,
        "price_kilo": 2.19,
        "slug": "limon",
        "description": "Lim\u00f3n",
        "image": "https:\/\/cdn-consum.aktiosdigitalservices.com\/tol\/consum\/media\/product\/img\/300x300\/332130.jpg?t=20250322075704"
    },
    {
        "id": 4900,
        "name": "Mayonesa Tarro cristal HELLMANN'S",
        "price": 2.65,
        "price_kilo": 5.89,
        "slug": "mayonesa-tarro-cristal",
        "description": "Mayonesa Tarro cristal 450 ml",
        "image": "https:\/\/cdn-consum.aktiosdigitalservices.com\/tol\/consum\/media\/product\/img\/300x300\/332643.jpg?t=20250227085903"
    },
    {
        "id": 4902,
        "name": "Cerveza Extra Lata VOLL DAMM",
        "price": 1.02,
        "price_kilo": 3.09,
        "slug": "cerveza-extra-lata",
        "description": "Cerveza Extra Lata 0,33 L",
        "image": "https:\/\/cdn-consum.aktiosdigitalservices.com\/tol\/consum\/media\/product\/img\/300x300\/336073.jpg?t=20250228075655"
    },
    {
        "id": 4903,
        "name": "Cocido Madrile\u00f1o Bote LITORAL",
        "price": 2.99,
        "price_kilo": 7.04,
        "slug": "cocido-madrileno-bote",
        "description": "Cocido Madrile\u00f1o Bote 425 Gr",
        "image": "https:\/\/cdn-consum.aktiosdigitalservices.com\/tol\/consum\/media\/product\/img\/300x300\/336180.jpg?t=20250312092739"
    },
    {
        "id": 4905,
        "name": "Salvado All Bran KELLOGG'S",
        "price": 3.99,
        "price_kilo": 10.64,
        "slug": "salvado-all-bran",
        "description": "Salvado All Bran 375 Gr",
        "image": "https:\/\/cdn-consum.aktiosdigitalservices.com\/tol\/consum\/media\/product\/img\/300x300\/337493.jpg?t=20250312092739"
    },
    {
        "id": 4906,
        "name": "Sopinstant Verdura Caja G.BLANCA",
        "price": 1.45,
        "price_kilo": 3.02,
        "slug": "sopinstant-verdura-caja",
        "description": "Sopinstant Verdura Caja 48 Gr",
        "image": "https:\/\/cdn-consum.aktiosdigitalservices.com\/tol\/consum\/media\/product\/img\/300x300\/337956.jpg?t=20241217080947"
    },
    {
        "id": 4907,
        "name": "Caf\u00e9 Molido Mezcla 70\/30 BONKA",
        "price": 3.4,
        "price_kilo": 13.6,
        "slug": "cafe-molido-mezcla-70-30",
        "description": "Caf\u00e9 Molido Mezcla 70\/30 250 Gr",
        "image": "https:\/\/cdn-consum.aktiosdigitalservices.com\/tol\/consum\/media\/product\/img\/300x300\/338319.jpg?t=20250311103151"
    },
    {
        "id": 4909,
        "name": "Caldo de Carne Deshidratado 16 Pastillas KNORR",
        "price": 1.65,
        "price_kilo": 10.31,
        "slug": "caldo-de-carne-deshidratado-16-pastillas",
        "description": "Caldo de Carne Deshidratado 16 Pastillas 160 Gr",
        "image": "https:\/\/cdn-consum.aktiosdigitalservices.com\/tol\/consum\/media\/product\/img\/300x300\/339747.jpg?t=20250312092739"
    },
    {
        "id": 4910,
        "name": "Refresco Cola Zero Lata PEPSI-COLA",
        "price": 0.5,
        "price_kilo": 1.52,
        "slug": "refresco-cola-zero-lata",
        "description": "Refresco Cola Zero Lata 0,33 L",
        "image": "https:\/\/cdn-consum.aktiosdigitalservices.com\/tol\/consum\/media\/product\/img\/300x300\/340315.jpg?t=20250311132753"
    },
    {
        "id": 4912,
        "name": "Sardinas Picantonas Lata ALBO",
        "price": 2,
        "price_kilo": 23.53,
        "slug": "sardinas-picantonas-lata",
        "description": "Sardinas Picantonas Lata 85 Gr",
        "image": "https:\/\/cdn-consum.aktiosdigitalservices.com\/tol\/consum\/media\/product\/img\/300x300\/340653.jpg?t=20250313075802"
    },
    {
        "id": 4913,
        "name": "Chocolate Puro VALOR",
        "price": 4.95,
        "price_kilo": 16.5,
        "slug": "chocolate-puro",
        "description": "Chocolate Puro 300 Gr",
        "image": "https:\/\/cdn-consum.aktiosdigitalservices.com\/tol\/consum\/media\/product\/img\/300x300\/344358.jpg?t=20250311132755"
    },
    {
        "id": 4914,
        "name": "Chocolate Puro con Almendras VALOR",
        "price": 4.95,
        "price_kilo": 19.8,
        "slug": "chocolate-puro-con-almendras",
        "description": "Chocolate Puro con Almendras 250 Gr",
        "image": "https:\/\/cdn-consum.aktiosdigitalservices.com\/tol\/consum\/media\/product\/img\/300x300\/344366.jpg?t=20250313075804"
    },
    {
        "id": 4915,
        "name": "Bombones Caja Roja NESTLE",
        "price": 12.95,
        "price_kilo": 32.54,
        "slug": "bombones-caja-roja",
        "description": "Bombones Caja Roja 398 Gr",
        "image": "https:\/\/cdn-consum.aktiosdigitalservices.com\/tol\/consum\/media\/product\/img\/300x300\/344630.jpg?t=20250311132800"
    },
    {
        "id": 4916,
        "name": "Leche Condensada LA LECHERA",
        "price": 3.35,
        "price_kilo": 4.53,
        "slug": "leche-condensada",
        "description": "Leche Condensada 740 Gr",
        "image": "https:\/\/cdn-consum.aktiosdigitalservices.com\/tol\/consum\/media\/product\/img\/300x300\/346106.jpg?t=20250311103204"
    },
    {
        "id": 4917,
        "name": "Cacao Instant\u00e1neo NESQUIK",
        "price": 3.95,
        "price_kilo": 10.13,
        "slug": "cacao-instantaneo",
        "description": "Cacao Instant\u00e1neo 390 Gr",
        "image": "https:\/\/cdn-consum.aktiosdigitalservices.com\/tol\/consum\/media\/product\/img\/300x300\/348235.jpg?t=20250319075638"
    },
    {
        "id": 4919,
        "name": "Caf\u00e9 Soluble Natural Tarro NESCAFE",
        "price": 7.85,
        "price_kilo": 39.25,
        "slug": "cafe-soluble-natural-tarro",
        "description": "Caf\u00e9 Soluble Natural Tarro 200 Gr",
        "image": "https:\/\/cdn-consum.aktiosdigitalservices.com\/tol\/consum\/media\/product\/img\/300x300\/350165.jpg?t=20250312155705"
    },
    {
        "id": 4920,
        "name": "Caf\u00e9 Soluble Natural Tarro NESCAFE",
        "price": 4.95,
        "price_kilo": 49.5,
        "slug": "cafe-soluble-natural-tarro",
        "description": "Caf\u00e9 Soluble Natural Tarro 100 Gr",
        "image": "https:\/\/cdn-consum.aktiosdigitalservices.com\/tol\/consum\/media\/product\/img\/300x300\/350173.jpg?t=20250317075613"
    },
    {
        "id": 4921,
        "name": "Caf\u00e9 Descafeinado Soluble NESCAFE",
        "price": 7.85,
        "price_kilo": 39.25,
        "slug": "cafe-descafeinado-soluble",
        "description": "Caf\u00e9 Descafeinado Soluble 200 Gr",
        "image": "https:\/\/cdn-consum.aktiosdigitalservices.com\/tol\/consum\/media\/product\/img\/300x300\/350223.jpg?t=20250312155707"
    },
    {
        "id": 4922,
        "name": "Caf\u00e9 Descafeinado Soluble NESCAFE",
        "price": 4.95,
        "price_kilo": 49.5,
        "slug": "cafe-descafeinado-soluble",
        "description": "Caf\u00e9 Descafeinado Soluble 100 Gr",
        "image": "https:\/\/cdn-consum.aktiosdigitalservices.com\/tol\/consum\/media\/product\/img\/300x300\/350231.jpg?t=20250317075615"
    },
    {
        "id": 4924,
        "name": "Caf\u00e9 Molido Natural MARCILLA",
        "price": 4.29,
        "price_kilo": 17.16,
        "slug": "cafe-molido-natural",
        "description": "Caf\u00e9 Molido Natural 250 Gr",
        "image": "https:\/\/cdn-consum.aktiosdigitalservices.com\/tol\/consum\/media\/product\/img\/300x300\/353565.jpg?t=20250311103223"
    },
    {
        "id": 4925,
        "name": "Caf\u00e9 Molido Mezcla 50\/50 MARCILLA",
        "price": 4.29,
        "price_kilo": 17.16,
        "slug": "cafe-molido-mezcla-50-50",
        "description": "Caf\u00e9 Molido Mezcla 50\/50 250 Gr",
        "image": "https:\/\/cdn-consum.aktiosdigitalservices.com\/tol\/consum\/media\/product\/img\/300x300\/353748.jpg?t=20250312092739"
    },
    {
        "id": 4926,
        "name": "Huevo Kinder Sorpresa Unidad KINDER",
        "price": 1.41,
        "price_kilo": 7.05,
        "slug": "huevo-kinder-sorpresa-unidad",
        "description": "Huevo Kinder Sorpresa Unidad 20 Gr",
        "image": "https:\/\/cdn-consum.aktiosdigitalservices.com\/tol\/consum\/media\/product\/img\/300x300\/354266.jpg?t=20250311132815"
    },
    {
        "id": 4927,
        "name": "Preparado de Cuajada 4 Sobres ROYAL",
        "price": 1.45,
        "price_kilo": 3.02,
        "slug": "preparado-de-cuajada-4-sobres",
        "description": "Preparado de Cuajada 4 Sobres 48 Gr",
        "image": "https:\/\/cdn-consum.aktiosdigitalservices.com\/tol\/consum\/media\/product\/img\/300x300\/356154.jpg?t=20250311103234"
    },
    {
        "id": 4928,
        "name": "Flan de Vainilla 8 Unidades ROYAL",
        "price": 1.8,
        "price_kilo": 9.68,
        "slug": "flan-de-vainilla-8-unidades",
        "description": "Flan de Vainilla 8 Unidades 186 Gr",
        "image": "https:\/\/cdn-consum.aktiosdigitalservices.com\/tol\/consum\/media\/product\/img\/300x300\/356162.jpg?t=20250313075809"
    },
    {
        "id": 4931,
        "name": "Caf\u00e9 Descafeinado Soluble NESCAFE",
        "price": 1.5,
        "price_kilo": 7.5,
        "slug": "cafe-descafeinado-soluble",
        "description": "Caf\u00e9 Descafeinado Soluble 20 Gr",
        "image": "https:\/\/cdn-consum.aktiosdigitalservices.com\/tol\/consum\/media\/product\/img\/300x300\/357640.jpg?t=20250311132817"
    },
    {
        "id": 4934,
        "name": "Valencianas 12 Unidades DULCESOL",
        "price": 1.99,
        "price_kilo": 5.69,
        "slug": "valencianas-12-unidades",
        "description": "Valencianas 12 Unidades 350 Gr",
        "image": "https:\/\/cdn-consum.aktiosdigitalservices.com\/tol\/consum\/media\/product\/img\/300x300\/360347.jpg?t=20250320075627"
    },
    {
        "id": 4938,
        "name": "Spaghettini al Huevo Paquete GALLO",
        "price": 1.77,
        "price_kilo": 3.93,
        "slug": "spaghettini-al-huevo-paquete",
        "description": "Spaghettini al Huevo Paquete 450 Gr",
        "image": "https:\/\/cdn-consum.aktiosdigitalservices.com\/tol\/consum\/media\/product\/img\/300x300\/361832.jpg?t=20250319075641"
    },
    {
        "id": 4940,
        "name": "Maccheroni Rayado al Huevo Paquete GALLO",
        "price": 1.77,
        "price_kilo": 3.93,
        "slug": "maccheroni-rayado-al-huevo-paquete",
        "description": "Maccheroni Rayado al Huevo Paquete 450 Gr",
        "image": "https:\/\/cdn-consum.aktiosdigitalservices.com\/tol\/consum\/media\/product\/img\/300x300\/361873.jpg?t=20250319075643"
    },
    {
        "id": 4941,
        "name": "Caldo de Pescado Deshidratado12 Pastillas KNORR",
        "price": 1.65,
        "price_kilo": 13.75,
        "slug": "caldo-de-pescado-deshidratado12-pastillas",
        "description": "Caldo de Pescado Deshidratado12 Pastillas 120 Gr",
        "image": "https:\/\/cdn-consum.aktiosdigitalservices.com\/tol\/consum\/media\/product\/img\/300x300\/363754.jpg?t=20250319075643"
    },
    {
        "id": 4943,
        "name": "Sopa Deshidratada Pollo y Fideos Sobre G.BLANCA",
        "price": 0.85,
        "price_kilo": 11.97,
        "slug": "sopa-deshidratada-pollo-y-fideos-sobre",
        "description": "Sopa Deshidratada Pollo y Fideos Sobre 71 Gr",
        "image": "https:\/\/cdn-consum.aktiosdigitalservices.com\/tol\/consum\/media\/product\/img\/300x300\/364323.jpg?t=20250206090005"
    },
    {
        "id": 4944,
        "name": "Sopa Deshidratada Ave y Fideos Sobre G.BLANCA",
        "price": 0.85,
        "price_kilo": 11.18,
        "slug": "sopa-deshidratada-ave-y-fideos-sobre",
        "description": "Sopa Deshidratada Ave y Fideos Sobre 76 Gr",
        "image": "https:\/\/cdn-consum.aktiosdigitalservices.com\/tol\/consum\/media\/product\/img\/300x300\/364331.jpg?t=20241217080947"
    },
    {
        "id": 4945,
        "name": "Sopa Deshidratada Ternera  Estrellitas G.BLANCA",
        "price": 0.85,
        "price_kilo": 11.49,
        "slug": "sopa-deshidratada-ternera-estrellitas",
        "description": "Sopa Deshidratada Ternera  Estrellitas 74 Gr",
        "image": "https:\/\/cdn-consum.aktiosdigitalservices.com\/tol\/consum\/media\/product\/img\/300x300\/364380.jpg?t=20241217080947"
    },
    {
        "id": 4946,
        "name": "Chocolate Crujiente CRUNCH",
        "price": 1.99,
        "price_kilo": 19.9,
        "slug": "chocolate-crujiente",
        "description": "Chocolate Crujiente 100 Gr",
        "image": "https:\/\/cdn-consum.aktiosdigitalservices.com\/tol\/consum\/media\/product\/img\/300x300\/364786.jpg?t=20250311132820"
    },
    {
        "id": 4947,
        "name": "Caldo de Pollo Deshidratado 12 Pastillas AVECREM",
        "price": 1.85,
        "price_kilo": 15.42,
        "slug": "caldo-de-pollo-deshidratado-12-pastillas",
        "description": "Caldo de Pollo Deshidratado 12 Pastillas 120 Gr",
        "image": "https:\/\/cdn-consum.aktiosdigitalservices.com\/tol\/consum\/media\/product\/img\/300x300\/366112.jpg?t=20250206090010"
    },
    {
        "id": 4948,
        "name": "Agua Mineral con Gas Botella Vidrio VICHY",
        "price": 1.49,
        "price_kilo": 1.49,
        "slug": "agua-mineral-con-gas-botella-vidrio",
        "description": "Agua Mineral con Gas Botella Vidrio 1 L",
        "image": "https:\/\/cdn-consum.aktiosdigitalservices.com\/tol\/consum\/media\/product\/img\/300x300\/366807.jpg?t=20250111075648"
    },
    {
        "id": 4951,
        "name": "Manzanilla 25 Bolsitas POMPADOUR",
        "price": 2.15,
        "price_kilo": 0.09,
        "slug": "manzanilla-25-bolsitas",
        "description": "Manzanilla 25 Bolsitas 25 U",
        "image": "https:\/\/cdn-consum.aktiosdigitalservices.com\/tol\/consum\/media\/product\/img\/300x300\/368563.jpg?t=20250311132822"
    },
    {
        "id": 4952,
        "name": "Sopinstant Champi\u00f1\u00f3n Caja G.BLANCA",
        "price": 1.45,
        "price_kilo": 24.79,
        "slug": "sopinstant-champinon-caja",
        "description": "Sopinstant Champi\u00f1\u00f3n Caja 58,5 Gr",
        "image": "https:\/\/cdn-consum.aktiosdigitalservices.com\/tol\/consum\/media\/product\/img\/300x300\/369132.jpg?t=20241217080948"
    },
    {
        "id": 4953,
        "name": "Sopinstant Esp\u00e1rragos Caja G.BLANCA",
        "price": 1.45,
        "price_kilo": 25.44,
        "slug": "sopinstant-esparragos-caja",
        "description": "Sopinstant Esp\u00e1rragos Caja 54 Gr",
        "image": "https:\/\/cdn-consum.aktiosdigitalservices.com\/tol\/consum\/media\/product\/img\/300x300\/369140.jpg?t=20241217080948"
    },
    {
        "id": 4954,
        "name": "Gaseosa. Botella LA CASERA",
        "price": 1.25,
        "price_kilo": 0.83,
        "slug": "gaseosa-botella",
        "description": "Gaseosa. Botella 1,5 L",
        "image": "https:\/\/cdn-consum.aktiosdigitalservices.com\/tol\/consum\/media\/product\/img\/300x300\/371120.jpg?t=20250312124807"
    },
    {
        "id": 4955,
        "name": "Fabada Asturiana Bote LITORAL",
        "price": 2.3,
        "price_kilo": 5.47,
        "slug": "fabada-asturiana-bote",
        "description": "Fabada Asturiana Bote 435 Gr",
        "image": "https:\/\/cdn-consum.aktiosdigitalservices.com\/tol\/consum\/media\/product\/img\/300x300\/372219.jpg?t=20250227085932"
    },
    {
        "id": 4956,
        "name": "C.Semi Nevada P3 D.O.Cava FREIXENET",
        "price": 7.99,
        "price_kilo": 13.32,
        "slug": "csemi-nevada-p3-docava",
        "description": "C.Semi Nevada P3 D.O.Cava 3 x 0,2 L",
        "image": "https:\/\/cdn-consum.aktiosdigitalservices.com\/tol\/consum\/media\/product\/img\/300x300\/373449.jpg?t=20250225075655"
    },
    {
        "id": 4957,
        "name": "Cerveza Lata SAN MIGUEL",
        "price": 0.74,
        "price_kilo": 2.24,
        "slug": "cerveza-lata",
        "description": "Cerveza Lata 0,33 L",
        "image": "https:\/\/cdn-consum.aktiosdigitalservices.com\/tol\/consum\/media\/product\/img\/300x300\/373498.jpg?t=20250312124812"
    },
    {
        "id": 4958,
        "name": "Huesitos Multipack 10 Unidades HUESITOS",
        "price": 2.59,
        "price_kilo": 12.95,
        "slug": "huesitos-multipack-10-unidades",
        "description": "Huesitos Multipack 10 Unidades 10 x 20 Gr",
        "image": "https:\/\/cdn-consum.aktiosdigitalservices.com\/tol\/consum\/media\/product\/img\/300x300\/373829.jpg?t=20250311132828"
    },
    {
        "id": 4959,
        "name": "Kit Kat Pack de 3 NESTLE",
        "price": 2.69,
        "price_kilo": 21.61,
        "slug": "kit-kat-pack-de-3",
        "description": "Kit Kat Pack de 3 3 x 41,5 Gr",
        "image": "https:\/\/cdn-consum.aktiosdigitalservices.com\/tol\/consum\/media\/product\/img\/300x300\/373902.jpg?t=20250321075633"
    },
    {
        "id": 4961,
        "name": "Aceite de Oliva 0,4\u00ba Botella CARBONELL",
        "price": 5.49,
        "price_kilo": 5.49,
        "slug": "aceite-de-oliva-04-botella",
        "description": "Aceite de Oliva 0,4\u00ba Botella 1 L",
        "image": "https:\/\/cdn-consum.aktiosdigitalservices.com\/tol\/consum\/media\/product\/img\/300x300\/379271.jpg?t=20250313075816"
    },
    {
        "id": 4962,
        "name": "Bombones Caja Roja NESTLE",
        "price": 6.95,
        "price_kilo": 35.1,
        "slug": "bombones-caja-roja",
        "description": "Bombones Caja Roja 198 Gr",
        "image": "https:\/\/cdn-consum.aktiosdigitalservices.com\/tol\/consum\/media\/product\/img\/300x300\/380212.jpg?t=20250311132835"
    },
    {
        "id": 4963,
        "name": "Mostaza Dij\u00f3n Originale Frasco MAILLE",
        "price": 3.65,
        "price_kilo": 16.98,
        "slug": "mostaza-dijon-originale-frasco",
        "description": "Mostaza Dij\u00f3n Originale Frasco 215 Gr",
        "image": "https:\/\/cdn-consum.aktiosdigitalservices.com\/tol\/consum\/media\/product\/img\/300x300\/382226.jpg?t=20241217080948"
    },
    {
        "id": 4964,
        "name": "Tarrito 3 Frutas HERO",
        "price": 1.4,
        "price_kilo": 7.37,
        "slug": "tarrito-3-frutas",
        "description": "Tarrito 3 Frutas 190 Gr",
        "image": "https:\/\/cdn-consum.aktiosdigitalservices.com\/tol\/consum\/media\/product\/img\/300x300\/384693.jpg?t=20250311132837"
    },
    {
        "id": 4965,
        "name": "Mejillones en Escabeche 8\/12 Piezas CALVO",
        "price": 4.69,
        "price_kilo": 67.97,
        "slug": "mejillones-en-escabeche-8-12-piezas",
        "description": "Mejillones en Escabeche 8\/12 Piezas 69 Gr",
        "image": "https:\/\/cdn-consum.aktiosdigitalservices.com\/tol\/consum\/media\/product\/img\/300x300\/384792.jpg?t=20250227085939"
    },
    {
        "id": 4968,
        "name": "Kinder Bueno KINDER",
        "price": 1.25,
        "price_kilo": 2.91,
        "slug": "kinder-bueno",
        "description": "Kinder Bueno 43 Gr",
        "image": "https:\/\/cdn-consum.aktiosdigitalservices.com\/tol\/consum\/media\/product\/img\/300x300\/391151.jpg?t=20250311132840"
    },
    {
        "id": 4969,
        "name": "Vino espumoso Semi Seco DUBOIS",
        "price": 3.45,
        "price_kilo": 4.6,
        "slug": "vino-espumoso-semi-seco",
        "description": "Vino espumoso Semi Seco 0,75 L",
        "image": "https:\/\/cdn-consum.aktiosdigitalservices.com\/tol\/consum\/media\/product\/img\/300x300\/392209.jpg?t=20250225075657"
    },
    {
        "id": 4972,
        "name": "Tarrito Lenguado con Bechamel HERO",
        "price": 1.75,
        "price_kilo": 7.45,
        "slug": "tarrito-lenguado-con-bechamel",
        "description": "Tarrito Lenguado con Bechamel 235 Gr",
        "image": "https:\/\/cdn-consum.aktiosdigitalservices.com\/tol\/consum\/media\/product\/img\/300x300\/396622.jpg?t=20250311132843"
    },
    {
        "id": 4973,
        "name": "Tarrito Verdura con Jam\u00f3n y Ternera HERO",
        "price": 1.75,
        "price_kilo": 7.45,
        "slug": "tarrito-verdura-con-jamon-y-ternera",
        "description": "Tarrito Verdura con Jam\u00f3n y Ternera 235 Gr",
        "image": "https:\/\/cdn-consum.aktiosdigitalservices.com\/tol\/consum\/media\/product\/img\/300x300\/396648.jpg?t=20250311132845"
    },
    {
        "id": 4974,
        "name": "Tarrito Arroz con Pollo HERO",
        "price": 1.75,
        "price_kilo": 7.45,
        "slug": "tarrito-arroz-con-pollo",
        "description": "Tarrito Arroz con Pollo 235 Gr",
        "image": "https:\/\/cdn-consum.aktiosdigitalservices.com\/tol\/consum\/media\/product\/img\/300x300\/396663.jpg?t=20250311132847"
    },
    {
        "id": 4975,
        "name": "Tarrito Verduras con Pollo y Ternera HERO",
        "price": 1.75,
        "price_kilo": 7.45,
        "slug": "tarrito-verduras-con-pollo-y-ternera",
        "description": "Tarrito Verduras con Pollo y Ternera 235 Gr",
        "image": "https:\/\/cdn-consum.aktiosdigitalservices.com\/tol\/consum\/media\/product\/img\/300x300\/396671.jpg?t=20250311132849"
    },
    {
        "id": 4977,
        "name": "Cerveza Holandesa Pack de 6 Botellas HEINEKEN",
        "price": 3.59,
        "price_kilo": 2.39,
        "slug": "cerveza-holandesa-pack-de-6-botellas",
        "description": "Cerveza Holandesa Pack de 6 Botellas 6 x 0,25 L",
        "image": "https:\/\/cdn-consum.aktiosdigitalservices.com\/tol\/consum\/media\/product\/img\/300x300\/398321.jpg?t=20250312124814"
    },
    {
        "id": 4980,
        "name": "Detergente L\u00edquido Prendas Delicadas PERLAN",
        "price": 3.25,
        "price_kilo": 0.13,
        "slug": "detergente-liquido-prendas-delicadas",
        "description": "Detergente L\u00edquido Prendas Delicadas 25 Lv",
        "image": "https:\/\/cdn-consum.aktiosdigitalservices.com\/tol\/consum\/media\/product\/img\/300x300\/401356.jpg?t=20250204075915"
    },
    {
        "id": 4984,
        "name": "Dent\u00edfrico Antisarro Blanqueador COLGATE",
        "price": 1.99,
        "price_kilo": 2.65,
        "slug": "dentifrico-antisarro-blanqueador",
        "description": "Dent\u00edfrico Antisarro Blanqueador 75 ml",
        "image": "https:\/\/cdn-consum.aktiosdigitalservices.com\/tol\/consum\/media\/product\/img\/300x300\/404277.jpg?t=20250206090045"
    },
    {
        "id": 4985,
        "name": "Protector Labial LIPOSAN",
        "price": 2.89,
        "price_kilo": 2.89,
        "slug": "protector-labial",
        "description": "Protector Labial 1 U",
        "image": "https:\/\/cdn-consum.aktiosdigitalservices.com\/tol\/consum\/media\/product\/img\/300x300\/405076.jpg?t=20250206090048"
    },
    {
        "id": 4987,
        "name": "Desodorante Roll-On Brisa MUM",
        "price": 2.45,
        "price_kilo": 4.9,
        "slug": "desodorante-roll-on-brisa",
        "description": "Desodorante Roll-On Brisa 50 ml",
        "image": "https:\/\/cdn-consum.aktiosdigitalservices.com\/tol\/consum\/media\/product\/img\/300x300\/405845.jpg?t=20250304104223"
    },
    {
        "id": 4988,
        "name": "Rosquilletas VELARTE",
        "price": 1.03,
        "price_kilo": 11.44,
        "slug": "rosquilletas",
        "description": "Rosquilletas 90 Gr",
        "image": "https:\/\/cdn-consum.aktiosdigitalservices.com\/tol\/consum\/media\/product\/img\/300x300\/407114.jpg?t=20250311103315"
    },
    {
        "id": 4994,
        "name": "Crema Revitalift D\u00eda Antiarrugas m\u00e1s Firmeza L'OREAL",
        "price": 8.25,
        "price_kilo": 16.5,
        "slug": "crema-revitalift-dia-antiarrugas-mas-firmeza",
        "description": "Crema Revitalift D\u00eda Antiarrugas m\u00e1s Firmeza 50 ml",
        "image": "https:\/\/cdn-consum.aktiosdigitalservices.com\/tol\/consum\/media\/product\/img\/300x300\/413393.jpg?t=20250227085950"
    },
    {
        "id": 4998,
        "name": "Tarrito Zanahoria y Arroz con Caldo de Ave HERO",
        "price": 1.75,
        "price_kilo": 7.45,
        "slug": "tarrito-zanahoria-y-arroz-con-caldo-de-ave",
        "description": "Tarrito Zanahoria y Arroz con Caldo de Ave 235 Gr",
        "image": "https:\/\/cdn-consum.aktiosdigitalservices.com\/tol\/consum\/media\/product\/img\/300x300\/414870.jpg?t=20250311132852"
    },
    {
        "id": 4999,
        "name": "Desodorante Roll-On Original Sensitive BYLY",
        "price": 1.9,
        "price_kilo": 3.8,
        "slug": "desodorante-roll-on-original-sensitive",
        "description": "Desodorante Roll-On Original Sensitive 50 ml",
        "image": "https:\/\/cdn-consum.aktiosdigitalservices.com\/tol\/consum\/media\/product\/img\/300x300\/415042.jpg?t=20241217080949"
    },
    {
        "id": 5002,
        "name": "Dent\u00edfrico Antimanchas DENIVIT",
        "price": 2.3,
        "price_kilo": 4.6,
        "slug": "dentifrico-antimanchas",
        "description": "Dent\u00edfrico Antimanchas 50 ml",
        "image": "https:\/\/cdn-consum.aktiosdigitalservices.com\/tol\/consum\/media\/product\/img\/300x300\/416628.jpg?t=20250311123844"
    },
    {
        "id": 5006,
        "name": "Crema Revitalift Noche Antiarrugas m\u00e1s Firmeza L'OREAL",
        "price": 8.25,
        "price_kilo": 16.5,
        "slug": "crema-revitalift-noche-antiarrugas-mas-firmeza",
        "description": "Crema Revitalift Noche Antiarrugas m\u00e1s Firmeza 50 ml",
        "image": "https:\/\/cdn-consum.aktiosdigitalservices.com\/tol\/consum\/media\/product\/img\/300x300\/417790.jpg?t=20250312092739"
    },
    {
        "id": 5008,
        "name": "Dent\u00edfrico Blanco Original KEMPHOR",
        "price": 2.25,
        "price_kilo": 3,
        "slug": "dentifrico-blanco-original",
        "description": "Dent\u00edfrico Blanco Original 75 ml",
        "image": "https:\/\/cdn-consum.aktiosdigitalservices.com\/tol\/consum\/media\/product\/img\/300x300\/418798.jpg?t=20241217080949"
    },
    {
        "id": 5012,
        "name": "Lej\u00eda Multiusos CONEJO",
        "price": 2.99,
        "price_kilo": 1.5,
        "slug": "lejia-multiusos",
        "description": "Lej\u00eda Multiusos 2 L",
        "image": "https:\/\/cdn-consum.aktiosdigitalservices.com\/tol\/consum\/media\/product\/img\/300x300\/419069.jpg?t=20250204075920"
    },
    {
        "id": 5015,
        "name": "Crema Protectora Beb\u00e9 Acci\u00f3n R\u00e1pida JOHNSON",
        "price": 4.55,
        "price_kilo": 4.55,
        "slug": "crema-protectora-bebe-accion-rapida",
        "description": "Crema Protectora Beb\u00e9 Acci\u00f3n R\u00e1pida 100 ml",
        "image": "https:\/\/cdn-consum.aktiosdigitalservices.com\/tol\/consum\/media\/product\/img\/300x300\/421545.jpg?t=20250312155711"
    },
    {
        "id": 5017,
        "name": "Maquinilla Basculante Slalom Plus Desechable GILLETTE",
        "price": 2.89,
        "price_kilo": 0.58,
        "slug": "maquinilla-basculante-slalom-plus-desechable",
        "description": "Maquinilla Basculante Slalom Plus Desechable 5 U",
        "image": "https:\/\/cdn-consum.aktiosdigitalservices.com\/tol\/consum\/media\/product\/img\/300x300\/423822.jpg?t=20241217080949"
    },
    {
        "id": 5022,
        "name": "Contorno Ojos Revitalift Antiarrugas m\u00e1s Firmeza L'OREAL",
        "price": 8.55,
        "price_kilo": 57,
        "slug": "contorno-ojos-revitalift-antiarrugas-mas-firmeza",
        "description": "Contorno Ojos Revitalift Antiarrugas m\u00e1s Firmeza 15 ml",
        "image": "https:\/\/cdn-consum.aktiosdigitalservices.com\/tol\/consum\/media\/product\/img\/300x300\/426809.jpg?t=20250227085954"
    },
    {
        "id": 5024,
        "name": "Desodorante Roll-On Tacto Puro N.B PALMOLIVE",
        "price": 1.99,
        "price_kilo": 3.98,
        "slug": "desodorante-roll-on-tacto-puro-nb",
        "description": "Desodorante Roll-On Tacto Puro N.B 50 ml",
        "image": "https:\/\/cdn-consum.aktiosdigitalservices.com\/tol\/consum\/media\/product\/img\/300x300\/428136.jpg?t=20241217080949"
    },
    {
        "id": 5025,
        "name": "Desodorante Spray HENO PRAVIA",
        "price": 3.25,
        "price_kilo": 1.3,
        "slug": "desodorante-spray",
        "description": "Desodorante Spray 250 ml",
        "image": "https:\/\/cdn-consum.aktiosdigitalservices.com\/tol\/consum\/media\/product\/img\/300x300\/437095.jpg?t=20250312092739"
    },
    {
        "id": 5030,
        "name": "Tinte N\u00ba3 Casta\u00f1o Oscuro EXCELLENCE",
        "price": 8.9,
        "price_kilo": 8.9,
        "slug": "tinte-n3-castano-oscuro",
        "description": "Tinte N\u00ba3 Casta\u00f1o Oscuro 1 U",
        "image": "https:\/\/cdn-consum.aktiosdigitalservices.com\/tol\/consum\/media\/product\/img\/300x300\/441139.jpg?t=20241217080949"
    },
    {
        "id": 5031,
        "name": "Tinte N\u00ba4 Casta\u00f1o EXCELLENCE",
        "price": 8.9,
        "price_kilo": 8.9,
        "slug": "tinte-n4-castano",
        "description": "Tinte N\u00ba4 Casta\u00f1o 1 U",
        "image": "https:\/\/cdn-consum.aktiosdigitalservices.com\/tol\/consum\/media\/product\/img\/300x300\/441147.jpg?t=20241217080949"
    },
    {
        "id": 5032,
        "name": "Tinte N\u00ba5 Casta\u00f1o Claro EXCELLENCE",
        "price": 8.9,
        "price_kilo": 8.9,
        "slug": "tinte-n5-castano-claro",
        "description": "Tinte N\u00ba5 Casta\u00f1o Claro 1 U",
        "image": "https:\/\/cdn-consum.aktiosdigitalservices.com\/tol\/consum\/media\/product\/img\/300x300\/441162.jpg?t=20241217080949"
    },
    {
        "id": 5033,
        "name": "Tinte N\u00ba6 Rubio Oscuro EXCELLENCE",
        "price": 8.9,
        "price_kilo": 8.9,
        "slug": "tinte-n6-rubio-oscuro",
        "description": "Tinte N\u00ba6 Rubio Oscuro 1 U",
        "image": "https:\/\/cdn-consum.aktiosdigitalservices.com\/tol\/consum\/media\/product\/img\/300x300\/441188.jpg?t=20241217080949"
    },
    {
        "id": 5034,
        "name": "Tinte N\u00ba7 Rubio EXCELLENCE",
        "price": 8.9,
        "price_kilo": 8.9,
        "slug": "tinte-n7-rubio",
        "description": "Tinte N\u00ba7 Rubio 1 U",
        "image": "https:\/\/cdn-consum.aktiosdigitalservices.com\/tol\/consum\/media\/product\/img\/300x300\/441204.jpg?t=20250311164531"
    },
    {
        "id": 5035,
        "name": "Tinte N\u00ba8 Rubio Claro EXCELLENCE",
        "price": 8.9,
        "price_kilo": 8.9,
        "slug": "tinte-n8-rubio-claro",
        "description": "Tinte N\u00ba8 Rubio Claro 1 U",
        "image": "https:\/\/cdn-consum.aktiosdigitalservices.com\/tol\/consum\/media\/product\/img\/300x300\/441220.jpg?t=20241217080949"
    },
    {
        "id": 5036,
        "name": "Tinte N\u00ba7.1 Rubio Ceniza EXCELLENCE",
        "price": 8.9,
        "price_kilo": 8.9,
        "slug": "tinte-n71-rubio-ceniza",
        "description": "Tinte N\u00ba7.1 Rubio Ceniza 1 U",
        "image": "https:\/\/cdn-consum.aktiosdigitalservices.com\/tol\/consum\/media\/product\/img\/300x300\/441345.jpg?t=20250311164531"
    },
    {
        "id": 5037,
        "name": "Tinte N\u00ba8.1 Claro Ceniza EXCELLENCE",
        "price": 8.9,
        "price_kilo": 8.9,
        "slug": "tinte-n81-claro-ceniza",
        "description": "Tinte N\u00ba8.1 Claro Ceniza 1 U",
        "image": "https:\/\/cdn-consum.aktiosdigitalservices.com\/tol\/consum\/media\/product\/img\/300x300\/441360.jpg?t=20241217080949"
    },
    {
        "id": 5038,
        "name": "Tinte N\u00ba9 Rubio Muy Claro EXCELLENCE",
        "price": 8.9,
        "price_kilo": 8.9,
        "slug": "tinte-n9-rubio-muy-claro",
        "description": "Tinte N\u00ba9 Rubio Muy Claro 1 U",
        "image": "https:\/\/cdn-consum.aktiosdigitalservices.com\/tol\/consum\/media\/product\/img\/300x300\/441378.jpg?t=20241217080949"
    },
    {
        "id": 5039,
        "name": "Tinte N\u00ba9.1 Rubio Muy Claro Ceniza EXCELLENCE",
        "price": 8.9,
        "price_kilo": 8.9,
        "slug": "tinte-n91-rubio-muy-claro-ceniza",
        "description": "Tinte N\u00ba9.1 Rubio Muy Claro Ceniza 1 U",
        "image": "https:\/\/cdn-consum.aktiosdigitalservices.com\/tol\/consum\/media\/product\/img\/300x300\/441394.jpg?t=20241217080949"
    },
    {
        "id": 5040,
        "name": "Tinte N.7.3 Rubio Dorado EXCELLENCE",
        "price": 8.9,
        "price_kilo": 8.9,
        "slug": "tinte-n73-rubio-dorado",
        "description": "Tinte N.7.3 Rubio Dorado 1 U",
        "image": "https:\/\/cdn-consum.aktiosdigitalservices.com\/tol\/consum\/media\/product\/img\/300x300\/441402.jpg?t=20250311164531"
    },
    {
        "id": 5041,
        "name": "Gazpacho Original ALVALLE",
        "price": 3.99,
        "price_kilo": 3.99,
        "slug": "gazpacho-original",
        "description": "Gazpacho Original 1 L",
        "image": "https:\/\/cdn-consum.aktiosdigitalservices.com\/tol\/consum\/media\/product\/img\/300x300\/441618.jpg?t=20250320075630"
    },
    {
        "id": 5044,
        "name": "Crema Antiarrugas Q10 de D\u00eda NIVEA",
        "price": 9.59,
        "price_kilo": 19.18,
        "slug": "crema-antiarrugas-q10-de-dia",
        "description": "Crema Antiarrugas Q10 de D\u00eda 50 ml",
        "image": "https:\/\/cdn-consum.aktiosdigitalservices.com\/tol\/consum\/media\/product\/img\/300x300\/442418.jpg?t=20250313075821"
    },
    {
        "id": 5045,
        "name": "N\u00e9ctar Naranja Botella Pet GRANINI",
        "price": 3.19,
        "price_kilo": 3.19,
        "slug": "nectar-naranja-botella-pet",
        "description": "N\u00e9ctar Naranja Botella Pet 1 L",
        "image": "https:\/\/cdn-consum.aktiosdigitalservices.com\/tol\/consum\/media\/product\/img\/300x300\/444554.jpg?t=20250101080050"
    },
    {
        "id": 5046,
        "name": "Queso Rallado Filatto Bolsa EL CASERIO",
        "price": 1,
        "price_kilo": 12.5,
        "slug": "queso-rallado-filatto-bolsa",
        "description": "Queso Rallado Filatto Bolsa 80 Gr",
        "image": "https:\/\/cdn-consum.aktiosdigitalservices.com\/tol\/consum\/media\/product\/img\/300x300\/445957.jpg?t=20250227085959"
    },
    {
        "id": 5052,
        "name": "Friegasuelos Cera ASEVI",
        "price": 2.19,
        "price_kilo": 2.19,
        "slug": "friegasuelos-cera",
        "description": "Friegasuelos Cera 1 L",
        "image": "https:\/\/cdn-consum.aktiosdigitalservices.com\/tol\/consum\/media\/product\/img\/300x300\/448852.jpg?t=20241217080949"
    },
    {
        "id": 5055,
        "name": "Aperitivo Frito Pandilla Sabor Queso CHEETOS",
        "price": 1.89,
        "price_kilo": 25.2,
        "slug": "aperitivo-frito-pandilla-sabor-queso",
        "description": "Aperitivo Frito Pandilla Sabor Queso 75 Gr",
        "image": "https:\/\/cdn-consum.aktiosdigitalservices.com\/tol\/consum\/media\/product\/img\/300x300\/455873.jpg?t=20250313075824"
    },
    {
        "id": 5058,
        "name": "Bastoncillos JOHNSON",
        "price": 1.99,
        "price_kilo": 0.02,
        "slug": "bastoncillos",
        "description": "Bastoncillos 100 U",
        "image": "https:\/\/cdn-consum.aktiosdigitalservices.com\/tol\/consum\/media\/product\/img\/300x300\/461210.jpg?t=20250312155714"
    },
    {
        "id": 5060,
        "name": "Tampones Digital Super OB",
        "price": 6.19,
        "price_kilo": 0.19,
        "slug": "tampones-digital-super",
        "description": "Tampones Digital Super 32 U",
        "image": "https:\/\/cdn-consum.aktiosdigitalservices.com\/tol\/consum\/media\/product\/img\/300x300\/464560.jpg?t=20250312155718"
    },
    {
        "id": 5062,
        "name": "Vino Tinto Crianza D.O.Cari\u00f1ena MONAST.VI\u00d1AS",
        "price": 3.59,
        "price_kilo": 4.78,
        "slug": "vino-tinto-crianza-docarinena",
        "description": "Vino Tinto Crianza D.O.Cari\u00f1ena 0,75 L",
        "image": "https:\/\/cdn-consum.aktiosdigitalservices.com\/tol\/consum\/media\/product\/img\/300x300\/465021.jpg?t=20250227090003"
    },
    {
        "id": 5063,
        "name": "Cerveza Botella Cristal Pack-6 MAHOU CLASIC",
        "price": 3.69,
        "price_kilo": 2.46,
        "slug": "cerveza-botella-cristal-pack-6",
        "description": "Cerveza Botella Cristal Pack-6 6 x 0,25 L",
        "image": "https:\/\/cdn-consum.aktiosdigitalservices.com\/tol\/consum\/media\/product\/img\/300x300\/465690.jpg?t=20250205075746"
    },
    {
        "id": 5064,
        "name": "Cerveza Lata 5 Estrellas MAHOU 5 ESTR",
        "price": 0.85,
        "price_kilo": 2.58,
        "slug": "cerveza-lata-5-estrellas",
        "description": "Cerveza Lata 5 Estrellas 0,33 L",
        "image": "https:\/\/cdn-consum.aktiosdigitalservices.com\/tol\/consum\/media\/product\/img\/300x300\/465708.jpg?t=20250321075635"
    },
    {
        "id": 5065,
        "name": "Cerveza Botella Cristal MAHOU CLASIC",
        "price": 1.89,
        "price_kilo": 1.89,
        "slug": "cerveza-botella-cristal",
        "description": "Cerveza Botella Cristal 1 L",
        "image": "https:\/\/cdn-consum.aktiosdigitalservices.com\/tol\/consum\/media\/product\/img\/300x300\/465716.jpg?t=20250228075658"
    },
    {
        "id": 5066,
        "name": "Cerveza Americana Lata BUDWEISER",
        "price": 0.74,
        "price_kilo": 2.24,
        "slug": "cerveza-americana-lata",
        "description": "Cerveza Americana Lata 0,33 L",
        "image": "https:\/\/cdn-consum.aktiosdigitalservices.com\/tol\/consum\/media\/product\/img\/300x300\/465740.jpg?t=20250227090006"
    },
    {
        "id": 5074,
        "name": "Batido de Cacao Botella CACAOLAT",
        "price": 2.5,
        "price_kilo": 2.5,
        "slug": "batido-de-cacao-botella",
        "description": "Batido de Cacao Botella 1 L",
        "image": "https:\/\/cdn-consum.aktiosdigitalservices.com\/tol\/consum\/media\/product\/img\/300x300\/479055.jpg?t=20250312124818"
    },
    {
        "id": 5078,
        "name": "Caldo de Pollo Deshidratado24Pastillas AVECREM",
        "price": 2.95,
        "price_kilo": 12.29,
        "slug": "caldo-de-pollo-deshidratado24pastillas",
        "description": "Caldo de Pollo Deshidratado24Pastillas 240 Gr",
        "image": "https:\/\/cdn-consum.aktiosdigitalservices.com\/tol\/consum\/media\/product\/img\/300x300\/485300.jpg?t=20250109093202"
    },
    {
        "id": 5079,
        "name": "Antical Pastillas CALGON",
        "price": 8.99,
        "price_kilo": 0.6,
        "slug": "antical-pastillas",
        "description": "Antical Pastillas 15 U",
        "image": "https:\/\/cdn-consum.aktiosdigitalservices.com\/tol\/consum\/media\/product\/img\/300x300\/485565.jpg?t=20250227090011"
    },
    {
        "id": 5080,
        "name": "Chocolate 70% Cacao Excellence LINDT",
        "price": 4.49,
        "price_kilo": 44.9,
        "slug": "chocolate-70-cacao-excellence",
        "description": "Chocolate 70% Cacao Excellence 100 Gr",
        "image": "https:\/\/cdn-consum.aktiosdigitalservices.com\/tol\/consum\/media\/product\/img\/300x300\/487595.jpg?t=20250311132855"
    },
    {
        "id": 5081,
        "name": "Mandarina Granel ",
        "price": 0.3,
        "price_kilo": 2.39,
        "slug": "mandarina-granel",
        "description": "Mandarina Granel",
        "image": "https:\/\/cdn-consum.aktiosdigitalservices.com\/tol\/consum\/media\/product\/img\/300x300\/489831.jpg?t=20250322075706"
    },
    {
        "id": 5083,
        "name": "Pizza 4 Quesos TARRADELLAS",
        "price": 3.19,
        "price_kilo": 8.18,
        "slug": "pizza-4-quesos",
        "description": "Pizza 4 Quesos 390 Gr",
        "image": "https:\/\/cdn-consum.aktiosdigitalservices.com\/tol\/consum\/media\/product\/img\/300x300\/500652.jpg?t=20241217080950"
    },
    {
        "id": 5084,
        "name": "Vino Tinto Crianza D.O.Rioja LAGUNILLA",
        "price": 7.49,
        "price_kilo": 9.99,
        "slug": "vino-tinto-crianza-dorioja",
        "description": "Vino Tinto Crianza D.O.Rioja 0,75 L",
        "image": "https:\/\/cdn-consum.aktiosdigitalservices.com\/tol\/consum\/media\/product\/img\/300x300\/502963.jpg?t=20250227090019"
    },
    {
        "id": 5085,
        "name": "Pizza Jam\u00f3n y Queso TARRADELLAS",
        "price": 3.19,
        "price_kilo": 7.88,
        "slug": "pizza-jamon-y-queso",
        "description": "Pizza Jam\u00f3n y Queso 405 Gr",
        "image": "https:\/\/cdn-consum.aktiosdigitalservices.com\/tol\/consum\/media\/product\/img\/300x300\/505552.jpg?t=20241217080950"
    },
    {
        "id": 5087,
        "name": "Mejillones en Escabeche 13\/18 Piezas CALVO",
        "price": 2.49,
        "price_kilo": 36.09,
        "slug": "mejillones-en-escabeche-13-18-piezas",
        "description": "Mejillones en Escabeche 13\/18 Piezas 69 Gr",
        "image": "https:\/\/cdn-consum.aktiosdigitalservices.com\/tol\/consum\/media\/product\/img\/300x300\/521815.jpg?t=20250319075646"
    },
    {
        "id": 5093,
        "name": "Tortitas de Arroz Integral Paquete BICENTURY",
        "price": 1.85,
        "price_kilo": 14.23,
        "slug": "tortitas-de-arroz-integral-paquete",
        "description": "Tortitas de Arroz Integral Paquete 130 Gr",
        "image": "https:\/\/cdn-consum.aktiosdigitalservices.com\/tol\/consum\/media\/product\/img\/300x300\/551606.jpg?t=20250312092740"
    },
    {
        "id": 5094,
        "name": "Nata L\u00edquida Cocinar Espesa Botell\u00edn PRESIDENT",
        "price": 2.09,
        "price_kilo": 8.36,
        "slug": "nata-liquida-cocinar-espesa-botellin",
        "description": "Nata L\u00edquida Cocinar Espesa Botell\u00edn 250 ml",
        "image": "https:\/\/cdn-consum.aktiosdigitalservices.com\/tol\/consum\/media\/product\/img\/300x300\/553768.jpg?t=20250311103337"
    },
    {
        "id": 5095,
        "name": "Mini Tostas Rectangulares ORTIZ",
        "price": 1.88,
        "price_kilo": 18.8,
        "slug": "mini-tostas-rectangulares",
        "description": "Mini Tostas Rectangulares 100 Gr",
        "image": "https:\/\/cdn-consum.aktiosdigitalservices.com\/tol\/consum\/media\/product\/img\/300x300\/570812.jpg?t=20250311164534"
    },
    {
        "id": 5096,
        "name": "Confitura Diet Ar\u00e1ndano y Frambuesa HERO",
        "price": 2.99,
        "price_kilo": 10.68,
        "slug": "confitura-diet-arandano-y-frambuesa",
        "description": "Confitura Diet Ar\u00e1ndano y Frambuesa 280 Gr",
        "image": "https:\/\/cdn-consum.aktiosdigitalservices.com\/tol\/consum\/media\/product\/img\/300x300\/575431.jpg?t=20250311132902"
    },
    {
        "id": 5098,
        "name": "Pan Maxi Burger 4 Unidades BIMBO",
        "price": 2.17,
        "price_kilo": 7.48,
        "slug": "pan-maxi-burger-4-unidades",
        "description": "Pan Maxi Burger 4 Unidades 290 Gr",
        "image": "https:\/\/cdn-consum.aktiosdigitalservices.com\/tol\/consum\/media\/product\/img\/300x300\/575837.jpg?t=20250322075708"
    },
    {
        "id": 5099,
        "name": "Cacao en Polvo a la Taza VALOR",
        "price": 3.75,
        "price_kilo": 7.5,
        "slug": "cacao-en-polvo-a-la-taza",
        "description": "Cacao en Polvo a la Taza 500 Gr",
        "image": "https:\/\/cdn-consum.aktiosdigitalservices.com\/tol\/consum\/media\/product\/img\/300x300\/583096.jpg?t=20250320075637"
    },
    {
        "id": 5100,
        "name": "Leche Calcio Semidesnatada Brik PULEVA",
        "price": 1.59,
        "price_kilo": 1.59,
        "slug": "leche-calcio-semidesnatada-brik",
        "description": "Leche Calcio Semidesnatada Brik 1 L",
        "image": "https:\/\/cdn-consum.aktiosdigitalservices.com\/tol\/consum\/media\/product\/img\/300x300\/584482.jpg?t=20250311103347"
    },
    {
        "id": 5101,
        "name": "Batido Sabor Vainilla Botella CHOLECK",
        "price": 1.89,
        "price_kilo": 1.89,
        "slug": "batido-sabor-vainilla-botella",
        "description": "Batido Sabor Vainilla Botella 1 L",
        "image": "https:\/\/cdn-consum.aktiosdigitalservices.com\/tol\/consum\/media\/product\/img\/300x300\/591610.jpg?t=20250320075639"
    },
    {
        "id": 5102,
        "name": "Horchata de Chufa Botella CHUFI",
        "price": 1.89,
        "price_kilo": 1.89,
        "slug": "horchata-de-chufa-botella",
        "description": "Horchata de Chufa Botella 1 L",
        "image": "https:\/\/cdn-consum.aktiosdigitalservices.com\/tol\/consum\/media\/product\/img\/300x300\/591636.jpg?t=20250320075642"
    },
    {
        "id": 5104,
        "name": "Batido de Cacao Botella CHOLECK",
        "price": 1.89,
        "price_kilo": 1.89,
        "slug": "batido-de-cacao-botella",
        "description": "Batido de Cacao Botella 1 L",
        "image": "https:\/\/cdn-consum.aktiosdigitalservices.com\/tol\/consum\/media\/product\/img\/300x300\/596601.jpg?t=20250320075644"
    },
    {
        "id": 5105,
        "name": "Gelatina Neutra ROYAL",
        "price": 2.35,
        "price_kilo": 11.75,
        "slug": "gelatina-neutra",
        "description": "Gelatina Neutra 20 Gr",
        "image": "https:\/\/cdn-consum.aktiosdigitalservices.com\/tol\/consum\/media\/product\/img\/300x300\/597518.jpg?t=20250311164534"
    },
    {
        "id": 5106,
        "name": "Cerveza Trigo Alemana Botella PAULANER",
        "price": 1.99,
        "price_kilo": 3.98,
        "slug": "cerveza-trigo-alemana-botella",
        "description": "Cerveza Trigo Alemana Botella 0,5 L",
        "image": "https:\/\/cdn-consum.aktiosdigitalservices.com\/tol\/consum\/media\/product\/img\/300x300\/597807.jpg?t=20250227090035"
    },
    {
        "id": 5107,
        "name": "Filetes Pechuga de Pollo CONSUM",
        "price": 4.79,
        "price_kilo": 7.95,
        "slug": "filetes-pechuga-de-pollo",
        "description": "Filetes Pechuga de Pollo",
        "image": "https:\/\/cdn-consum.aktiosdigitalservices.com\/tol\/consum\/media\/product\/img\/300x300\/601609.jpg?t=20241217080952"
    },
    {
        "id": 5108,
        "name": "Desodorante Roll-On Men Dry Impact NIVEA",
        "price": 1.6,
        "price_kilo": 3.2,
        "slug": "desodorante-roll-on-men-dry-impact",
        "description": "Desodorante Roll-On Men Dry Impact 50 ml",
        "image": "https:\/\/cdn-consum.aktiosdigitalservices.com\/tol\/consum\/media\/product\/img\/300x300\/612440.jpg?t=20250319075648"
    },
    {
        "id": 5109,
        "name": "Filtros para Cafetera 1x4 MELITTA",
        "price": 2.45,
        "price_kilo": 0.06,
        "slug": "filtros-para-cafetera-1x4",
        "description": "Filtros para Cafetera 1x4 40 U",
        "image": "https:\/\/cdn-consum.aktiosdigitalservices.com\/tol\/consum\/media\/product\/img\/300x300\/612572.jpg?t=20241217080952"
    },
    {
        "id": 5110,
        "name": "Desodorante Roll-On Dry Comfort NIVEA",
        "price": 2.35,
        "price_kilo": 4.7,
        "slug": "desodorante-roll-on-dry-comfort",
        "description": "Desodorante Roll-On Dry Comfort 50 ml",
        "image": "https:\/\/cdn-consum.aktiosdigitalservices.com\/tol\/consum\/media\/product\/img\/300x300\/617464.jpg?t=20250206090150"
    },
    {
        "id": 5113,
        "name": "Desodorante Stick Ice Blue WILLIAMS",
        "price": 2.6,
        "price_kilo": 3.47,
        "slug": "desodorante-stick-ice-blue",
        "description": "Desodorante Stick Ice Blue 75 ml",
        "image": "https:\/\/cdn-consum.aktiosdigitalservices.com\/tol\/consum\/media\/product\/img\/300x300\/624171.jpg?t=20250204075929"
    },
    {
        "id": 5115,
        "name": "Arroz Redondo Extra D.O. Valencia Paquete DACSA",
        "price": 1.87,
        "price_kilo": 1.87,
        "slug": "arroz-redondo-extra-do-valencia-paquete",
        "description": "Arroz Redondo Extra D.O. Valencia Paquete 1 Kg",
        "image": "https:\/\/cdn-consum.aktiosdigitalservices.com\/tol\/consum\/media\/product\/img\/300x300\/654459.jpg?t=20250103080002"
    },
    {
        "id": 5116,
        "name": "Caramelos con Palo Bolsa 10 Unidades CHUPA-CHUPS",
        "price": 1.99,
        "price_kilo": 16.58,
        "slug": "caramelos-con-palo-bolsa-10-unidades",
        "description": "Caramelos con Palo Bolsa 10 Unidades 120 Gr",
        "image": "https:\/\/cdn-consum.aktiosdigitalservices.com\/tol\/consum\/media\/product\/img\/300x300\/682716.jpg?t=20250311123906"
    },
    {
        "id": 5117,
        "name": "Caramelos Toffe WERTHERS",
        "price": 1.95,
        "price_kilo": 14.44,
        "slug": "caramelos-toffe",
        "description": "Caramelos Toffe 135 Gr",
        "image": "https:\/\/cdn-consum.aktiosdigitalservices.com\/tol\/consum\/media\/product\/img\/300x300\/682823.jpg?t=20250311123909"
    },
    {
        "id": 5120,
        "name": "Nuggets congelados LA COCINERA",
        "price": 4.99,
        "price_kilo": 14.26,
        "slug": "nuggets-congelados",
        "description": "Nuggets congelados 350 Gr",
        "image": "https:\/\/cdn-consum.aktiosdigitalservices.com\/tol\/consum\/media\/product\/img\/300x300\/698910.jpg?t=20250320075648"
    },
    {
        "id": 5121,
        "name": "After Shave B\u00e1lsamo Piel Sensible NIVEA",
        "price": 5.95,
        "price_kilo": 5.95,
        "slug": "after-shave-balsamo-piel-sensible",
        "description": "After Shave B\u00e1lsamo Piel Sensible 100 ml",
        "image": "https:\/\/cdn-consum.aktiosdigitalservices.com\/tol\/consum\/media\/product\/img\/300x300\/710087.jpg?t=20250313075828"
    },
    {
        "id": 5122,
        "name": "Pasta Oriental Pollo Bolsa MAGGI",
        "price": 0.8,
        "price_kilo": 11.27,
        "slug": "pasta-oriental-pollo-bolsa",
        "description": "Pasta Oriental Pollo Bolsa 71 Gr",
        "image": "https:\/\/cdn-consum.aktiosdigitalservices.com\/tol\/consum\/media\/product\/img\/300x300\/710343.jpg?t=20250312092740"
    },
    {
        "id": 5124,
        "name": "Leche Desnatada Brik ASTURIANA",
        "price": 1.04,
        "price_kilo": 1.04,
        "slug": "leche-desnatada-brik",
        "description": "Leche Desnatada Brik 1 L",
        "image": "https:\/\/cdn-consum.aktiosdigitalservices.com\/tol\/consum\/media\/product\/img\/300x300\/735340.jpg?t=20250311103413"
    },
    {
        "id": 5125,
        "name": "Leche Semidesnatada Brik ASTURIANA",
        "price": 1.09,
        "price_kilo": 1.09,
        "slug": "leche-semidesnatada-brik",
        "description": "Leche Semidesnatada Brik 1 L",
        "image": "https:\/\/cdn-consum.aktiosdigitalservices.com\/tol\/consum\/media\/product\/img\/300x300\/735399.jpg?t=20250311103416"
    },
    {
        "id": 5126,
        "name": "Leche Entera Brik ASTURIANA",
        "price": 1.19,
        "price_kilo": 1.19,
        "slug": "leche-entera-brik",
        "description": "Leche Entera Brik 1 L",
        "image": "https:\/\/cdn-consum.aktiosdigitalservices.com\/tol\/consum\/media\/product\/img\/300x300\/735423.jpg?t=20250311103418"
    },
    {
        "id": 5128,
        "name": "Laca Cabello Normal NELLY",
        "price": 2.35,
        "price_kilo": 0.59,
        "slug": "laca-cabello-normal",
        "description": "Laca Cabello Normal 400 ml",
        "image": "https:\/\/cdn-consum.aktiosdigitalservices.com\/tol\/consum\/media\/product\/img\/300x300\/756049.jpg?t=20241217080953"
    },
    {
        "id": 5130,
        "name": "Nata L\u00edquida Cocinar Slim PULEVA",
        "price": 1.29,
        "price_kilo": 6.45,
        "slug": "nata-liquida-cocinar-slim",
        "description": "Nata L\u00edquida Cocinar Slim 200 ml",
        "image": "https:\/\/cdn-consum.aktiosdigitalservices.com\/tol\/consum\/media\/product\/img\/300x300\/761239.jpg?t=20250313075832"
    },
    {
        "id": 5131,
        "name": "Gaseosa Lata LA CASERA",
        "price": 0.52,
        "price_kilo": 1.58,
        "slug": "gaseosa-lata",
        "description": "Gaseosa Lata 0,33 L",
        "image": "https:\/\/cdn-consum.aktiosdigitalservices.com\/tol\/consum\/media\/product\/img\/300x300\/764779.jpg?t=20250311132913"
    },
    {
        "id": 5133,
        "name": "Limpiahogar Antical VIAKAL",
        "price": 2.99,
        "price_kilo": 5.98,
        "slug": "limpiahogar-antical",
        "description": "Limpiahogar Antical 0,5 L",
        "image": "https:\/\/cdn-consum.aktiosdigitalservices.com\/tol\/consum\/media\/product\/img\/300x300\/784660.jpg?t=20250312092740"
    },
    {
        "id": 5134,
        "name": "Chocoswing Galleta MILKA",
        "price": 3.79,
        "price_kilo": 12.64,
        "slug": "chocoswing-galleta",
        "description": "Chocoswing Galleta 300 Gr",
        "image": "https:\/\/cdn-consum.aktiosdigitalservices.com\/tol\/consum\/media\/product\/img\/300x300\/791368.jpg?t=20250311132915"
    },
    {
        "id": 5135,
        "name": "Vital\u00ednea 0%0% Natural Edulcorado DANONE",
        "price": 2.09,
        "price_kilo": 4.35,
        "slug": "vitalinea-00-natural-edulcorado",
        "description": "Vital\u00ednea 0%0% Natural Edulcorado 4 x 120 Gr",
        "image": "https:\/\/cdn-consum.aktiosdigitalservices.com\/tol\/consum\/media\/product\/img\/300x300\/798405.jpg?t=20250213075716"
    },
    {
        "id": 5136,
        "name": "Activia 0% Natural Yogur B\u00edfidus P-4 ud. DANONE",
        "price": 2.69,
        "price_kilo": 5.6,
        "slug": "activia-0-natural-yogur-bifidus-p-4-ud",
        "description": "Activia 0% Natural Yogur B\u00edfidus P-4 ud. 4 x 120 Gr",
        "image": "https:\/\/cdn-consum.aktiosdigitalservices.com\/tol\/consum\/media\/product\/img\/300x300\/798447.jpg?t=20250213075718"
    },
    {
        "id": 5140,
        "name": "Estropajos Fibra Verde Frotaspon Duplo SPONTEX",
        "price": 2.45,
        "price_kilo": 1.23,
        "slug": "estropajos-fibra-verde-frotaspon-duplo",
        "description": "Estropajos Fibra Verde Frotaspon Duplo 2 U",
        "image": "https:\/\/cdn-consum.aktiosdigitalservices.com\/tol\/consum\/media\/product\/img\/300x300\/819581.jpg?t=20250227090059"
    },
    {
        "id": 5141,
        "name": "Chocolate con Leche y Almendras VALOR",
        "price": 4.95,
        "price_kilo": 19.8,
        "slug": "chocolate-con-leche-y-almendras",
        "description": "Chocolate con Leche y Almendras 250 Gr",
        "image": "https:\/\/cdn-consum.aktiosdigitalservices.com\/tol\/consum\/media\/product\/img\/300x300\/825307.jpg?t=20250313075835"
    },
    {
        "id": 5142,
        "name": "Cacao Soluble 6 Raciones Individuales COLA CAO",
        "price": 2.89,
        "price_kilo": 26.76,
        "slug": "cacao-soluble-6-raciones-individuales",
        "description": "Cacao Soluble 6 Raciones Individuales 108 Gr",
        "image": "https:\/\/cdn-consum.aktiosdigitalservices.com\/tol\/consum\/media\/product\/img\/300x300\/825505.jpg?t=20250311132922"
    },
    {
        "id": 5149,
        "name": "Galletas Tostada FLORA",
        "price": 2.99,
        "price_kilo": 6.64,
        "slug": "galletas-tostada",
        "description": "Galletas Tostada 450 Gr",
        "image": "https:\/\/cdn-consum.aktiosdigitalservices.com\/tol\/consum\/media\/product\/img\/300x300\/845867.jpg?t=20250311132924"
    },
    {
        "id": 5151,
        "name": "Hojas de Boldo 20 Bolsitas POMPADOUR",
        "price": 2.79,
        "price_kilo": 0.14,
        "slug": "hojas-de-boldo-20-bolsitas",
        "description": "Hojas de Boldo 20 Bolsitas 20 U",
        "image": "https:\/\/cdn-consum.aktiosdigitalservices.com\/tol\/consum\/media\/product\/img\/300x300\/860536.jpg?t=20250312155727"
    },
    {
        "id": 5152,
        "name": "Infusi\u00f3n de Hinojo 20 Bolsitas POMPADOUR",
        "price": 2.79,
        "price_kilo": 0.14,
        "slug": "infusion-de-hinojo-20-bolsitas",
        "description": "Infusi\u00f3n de Hinojo 20 Bolsitas 20 U",
        "image": "https:\/\/cdn-consum.aktiosdigitalservices.com\/tol\/consum\/media\/product\/img\/300x300\/860643.jpg?t=20250312155729"
    },
    {
        "id": 5153,
        "name": "Refresco Naranja sin Gas Lata TRINA",
        "price": 0.66,
        "price_kilo": 2,
        "slug": "refresco-naranja-sin-gas-lata",
        "description": "Refresco Naranja sin Gas Lata 0,33 L",
        "image": "https:\/\/cdn-consum.aktiosdigitalservices.com\/tol\/consum\/media\/product\/img\/300x300\/860932.jpg?t=20250227090104"
    },
    {
        "id": 5154,
        "name": "Refresco Lim\u00f3n sin Gas Lata TRINA",
        "price": 0.66,
        "price_kilo": 2,
        "slug": "refresco-limon-sin-gas-lata",
        "description": "Refresco Lim\u00f3n sin Gas Lata 0,33 L",
        "image": "https:\/\/cdn-consum.aktiosdigitalservices.com\/tol\/consum\/media\/product\/img\/300x300\/860940.jpg?t=20250227090106"
    },
    {
        "id": 5156,
        "name": "Sopinstant Crema y Pollo Caja G.BLANCA",
        "price": 1.45,
        "price_kilo": 23.02,
        "slug": "sopinstant-crema-y-pollo-caja",
        "description": "Sopinstant Crema y Pollo Caja 63 Gr",
        "image": "https:\/\/cdn-consum.aktiosdigitalservices.com\/tol\/consum\/media\/product\/img\/300x300\/862870.jpg?t=20241217080953"
    },
    {
        "id": 5157,
        "name": "Suisse Chololate Pack de 6 Unidades NESQUIK",
        "price": 1.85,
        "price_kilo": 5.14,
        "slug": "suisse-chololate-pack-de-6-unidades",
        "description": "Suisse Chololate Pack de 6 Unidades 6 x 60 Gr",
        "image": "https:\/\/cdn-consum.aktiosdigitalservices.com\/tol\/consum\/media\/product\/img\/300x300\/866327.jpg?t=20250101080115"
    },
    {
        "id": 5160,
        "name": "Vino Tinto Crianza D.O.Utiel-Requena V.ENTERIZO",
        "price": 2.75,
        "price_kilo": 3.67,
        "slug": "vino-tinto-crianza-doutiel-requena",
        "description": "Vino Tinto Crianza D.O.Utiel-Requena 0,75 L",
        "image": "https:\/\/cdn-consum.aktiosdigitalservices.com\/tol\/consum\/media\/product\/img\/300x300\/904540.jpg?t=20250312092740"
    },
    {
        "id": 5161,
        "name": "Vino Tinto Joven D.O.Utiel-Requena V.ENTERIZO",
        "price": 2.2,
        "price_kilo": 2.93,
        "slug": "vino-tinto-joven-doutiel-requena",
        "description": "Vino Tinto Joven D.O.Utiel-Requena 0,75 L",
        "image": "https:\/\/cdn-consum.aktiosdigitalservices.com\/tol\/consum\/media\/product\/img\/300x300\/913546.jpg?t=20250227090114"
    },
    {
        "id": 5164,
        "name": "Pelota de Cocido CONSUM",
        "price": 1.66,
        "price_kilo": 8.29,
        "slug": "pelota-de-cocido",
        "description": "Pelota de Cocido",
        "image": "https:\/\/cdn-consum.aktiosdigitalservices.com\/tol\/consum\/media\/product\/img\/300x300\/922567.jpg?t=20250101080119"
    },
    {
        "id": 5169,
        "name": "Preparado para Cocido DADYMA",
        "price": 7.99,
        "price_kilo": 7.99,
        "slug": "preparado-para-cocido",
        "description": "Preparado para Cocido",
        "image": "https:\/\/cdn-consum.aktiosdigitalservices.com\/tol\/consum\/media\/product\/img\/300x300\/927541.jpg?t=20250121075806"
    },
    {
        "id": 5171,
        "name": "Fartons Tradicionales Paquete 6 Unidades. POLO",
        "price": 1.3,
        "price_kilo": 10.83,
        "slug": "fartons-tradicionales-paquete-6-unidades",
        "description": "Fartons Tradicionales Paquete 6 Unidades.120 Gr",
        "image": "https:\/\/cdn-consum.aktiosdigitalservices.com\/tol\/consum\/media\/product\/img\/300x300\/931972.jpg?t=20250312092740"
    },
    {
        "id": 5174,
        "name": "Queso Burgo de Arias Pack de 3 Unidades ARIAS",
        "price": 3.19,
        "price_kilo": 14.77,
        "slug": "queso-burgo-de-arias-pack-de-3-unidades",
        "description": "Queso Burgo de Arias Pack de 3 Unidades 3 x 72 Gr",
        "image": "https:\/\/cdn-consum.aktiosdigitalservices.com\/tol\/consum\/media\/product\/img\/300x300\/937243.jpg?t=20250206090235"
    },
    {
        "id": 5175,
        "name": "Queso Rallado 4 Quesos 100% Natural EL CASERIO",
        "price": 2.99,
        "price_kilo": 24.92,
        "slug": "queso-rallado-4-quesos-100-natural",
        "description": "Queso Rallado 4 Quesos 100% Natural 120 Gr",
        "image": "https:\/\/cdn-consum.aktiosdigitalservices.com\/tol\/consum\/media\/product\/img\/300x300\/938209.jpg?t=20250312124846"
    },
    {
        "id": 5176,
        "name": "Confitura Diet Melocot\u00f3n HERO",
        "price": 2.69,
        "price_kilo": 9.61,
        "slug": "confitura-diet-melocoton",
        "description": "Confitura Diet Melocot\u00f3n 280 Gr",
        "image": "https:\/\/cdn-consum.aktiosdigitalservices.com\/tol\/consum\/media\/product\/img\/300x300\/941096.jpg?t=20250311103458"
    },
    {
        "id": 5177,
        "name": "Jud\u00edas Finas Frasco BONDUELLE",
        "price": 3.19,
        "price_kilo": 8.86,
        "slug": "judias-finas-frasco",
        "description": "Jud\u00edas Finas Frasco 360 Gr",
        "image": "https:\/\/cdn-consum.aktiosdigitalservices.com\/tol\/consum\/media\/product\/img\/300x300\/941401.jpg?t=20250318075750"
    },
    {
        "id": 5178,
        "name": "Crema de Almendras ALMENDRINA",
        "price": 6.99,
        "price_kilo": 7.77,
        "slug": "crema-de-almendras",
        "description": "Crema de Almendras 900 Gr",
        "image": "https:\/\/cdn-consum.aktiosdigitalservices.com\/tol\/consum\/media\/product\/img\/300x300\/942227.jpg?t=20250311103501"
    },
    {
        "id": 5179,
        "name": "Malta Molida MIGUELETE",
        "price": 1.75,
        "price_kilo": 3.5,
        "slug": "malta-molida",
        "description": "Malta Molida 500 Gr",
        "image": "https:\/\/cdn-consum.aktiosdigitalservices.com\/tol\/consum\/media\/product\/img\/300x300\/942508.jpg?t=20250311103502"
    },
    {
        "id": 5180,
        "name": "Tomate Troceado Lata BELTORO",
        "price": 1.45,
        "price_kilo": 3.72,
        "slug": "tomate-troceado-lata",
        "description": "Tomate Troceado Lata 390 Gr",
        "image": "https:\/\/cdn-consum.aktiosdigitalservices.com\/tol\/consum\/media\/product\/img\/300x300\/946293.jpg?t=20250320075659"
    },
    {
        "id": 5181,
        "name": "Tomate Frito Frasco SOLIS",
        "price": 1.49,
        "price_kilo": 4.14,
        "slug": "tomate-frito-frasco",
        "description": "Tomate Frito Frasco 360 Gr",
        "image": "https:\/\/cdn-consum.aktiosdigitalservices.com\/tol\/consum\/media\/product\/img\/300x300\/946301.jpg?t=20250312092740"
    },
    {
        "id": 5182,
        "name": "Turr\u00f3n Viena Pack de 6 MEIVEL",
        "price": 2.55,
        "price_kilo": 14.17,
        "slug": "turron-viena-pack-de-6",
        "description": "Turr\u00f3n Viena Pack de 6 6 x 30 Gr",
        "image": "https:\/\/cdn-consum.aktiosdigitalservices.com\/tol\/consum\/media\/product\/img\/300x300\/947739.jpg?t=20250320075701"
    },
    {
        "id": 5183,
        "name": "Gasificante Especial Para Boller\u00eda LA BANDERA",
        "price": 0.55,
        "price_kilo": 1.39,
        "slug": "gasificante-especial-para-bolleria",
        "description": "Gasificante Especial Para Boller\u00eda 39,5 Gr",
        "image": "https:\/\/cdn-consum.aktiosdigitalservices.com\/tol\/consum\/media\/product\/img\/300x300\/948513.jpg?t=20250311103509"
    },
    {
        "id": 5185,
        "name": "Tomate Frito Lata HIDA",
        "price": 1.75,
        "price_kilo": 4.38,
        "slug": "tomate-frito-lata",
        "description": "Tomate Frito Lata 400 Gr",
        "image": "https:\/\/cdn-consum.aktiosdigitalservices.com\/tol\/consum\/media\/product\/img\/300x300\/951371.jpg?t=20241217080955"
    },
    {
        "id": 5186,
        "name": "Pisto con Verduras Lata HIDA",
        "price": 1.99,
        "price_kilo": 4.98,
        "slug": "pisto-con-verduras-lata",
        "description": "Pisto con Verduras Lata 400 Gr",
        "image": "https:\/\/cdn-consum.aktiosdigitalservices.com\/tol\/consum\/media\/product\/img\/300x300\/951389.jpg?t=20250213075726"
    },
    {
        "id": 5187,
        "name": "Abrillantador Lavavajillas FINISH",
        "price": 4.9,
        "price_kilo": 9.8,
        "slug": "abrillantador-lavavajillas",
        "description": "Abrillantador Lavavajillas 0,5 L",
        "image": "https:\/\/cdn-consum.aktiosdigitalservices.com\/tol\/consum\/media\/product\/img\/300x300\/956300.jpg?t=20250227090122"
    },
    {
        "id": 5188,
        "name": "Limpi\u00f3n Lavadoras OCHOSA\/ASEVI",
        "price": 1.99,
        "price_kilo": 1.99,
        "slug": "limpion-lavadoras",
        "description": "Limpi\u00f3n Lavadoras 1 Kg",
        "image": "https:\/\/cdn-consum.aktiosdigitalservices.com\/tol\/consum\/media\/product\/img\/300x300\/959411.jpg?t=20241217080955"
    },
    {
        "id": 5189,
        "name": "Galletas Artinata ARTIACH",
        "price": 2.55,
        "price_kilo": 12.14,
        "slug": "galletas-artinata",
        "description": "Galletas Artinata 210 Gr",
        "image": "https:\/\/cdn-consum.aktiosdigitalservices.com\/tol\/consum\/media\/product\/img\/300x300\/959452.jpg?t=20250311103511"
    },
    {
        "id": 5190,
        "name": "Barra R\u00fastica ",
        "price": 0.86,
        "price_kilo": 3.51,
        "slug": "barra-rustica",
        "description": "Barra R\u00fastica 245 Gr",
        "image": "https:\/\/cdn-consum.aktiosdigitalservices.com\/tol\/consum\/media\/product\/img\/300x300\/959945.jpg?t=20250107075615"
    },
    {
        "id": 5191,
        "name": "Cebolla Seca Malla Tubo ",
        "price": 2.4,
        "price_kilo": 2.4,
        "slug": "cebolla-seca-malla-tubo",
        "description": "Cebolla Seca Malla Tubo 1 Kg",
        "image": "https:\/\/cdn-consum.aktiosdigitalservices.com\/tol\/consum\/media\/product\/img\/300x300\/961342.jpg?t=20250318080931"
    },
    {
        "id": 5192,
        "name": "S\u00e9mola de Arroz Paquete REX",
        "price": 0.99,
        "price_kilo": 1.98,
        "slug": "semola-de-arroz-paquete",
        "description": "S\u00e9mola de Arroz Paquete 500 Gr",
        "image": "https:\/\/cdn-consum.aktiosdigitalservices.com\/tol\/consum\/media\/product\/img\/300x300\/965504.jpg?t=20250228075712"
    },
    {
        "id": 5193,
        "name": "Tomate en Rama ",
        "price": 0.34,
        "price_kilo": 2.29,
        "slug": "tomate-en-rama",
        "description": "Tomate en Rama",
        "image": "https:\/\/cdn-consum.aktiosdigitalservices.com\/tol\/consum\/media\/product\/img\/300x300\/968953.jpg?t=20250322075722"
    },
    {
        "id": 5194,
        "name": "Leche Calcio Semidesnatada Pascual MOVIT",
        "price": 1.59,
        "price_kilo": 1.59,
        "slug": "leche-calcio-semidesnatada-pascual",
        "description": "Leche Calcio Semidesnatada Pascual 1 L",
        "image": "https:\/\/cdn-consum.aktiosdigitalservices.com\/tol\/consum\/media\/product\/img\/300x300\/972844.jpg?t=20250311103518"
    },
    {
        "id": 5195,
        "name": "Leche Calcio Desnatada Pascual MOVIT",
        "price": 1.59,
        "price_kilo": 1.59,
        "slug": "leche-calcio-desnatada-pascual",
        "description": "Leche Calcio Desnatada Pascual 1 L",
        "image": "https:\/\/cdn-consum.aktiosdigitalservices.com\/tol\/consum\/media\/product\/img\/300x300\/972869.jpg?t=20250311103521"
    },
    {
        "id": 5197,
        "name": "Filete Primera A de A\u00f1ojo CONSUM",
        "price": 5.9,
        "price_kilo": 19.65,
        "slug": "filete-primera-a-de-anojo",
        "description": "Filete Primera A de A\u00f1ojo",
        "image": "https:\/\/cdn-consum.aktiosdigitalservices.com\/tol\/consum\/media\/product\/img\/300x300\/991567.jpg?t=20250312124856"
    },
    {
        "id": 5200,
        "name": "Vino Tinto Selecci\u00f3n Oro Vino de la Tierra Castill BERBERANA",
        "price": 4.89,
        "price_kilo": 6.52,
        "slug": "vino-tinto-seleccion-oro-vino-de-la-tierra-castill",
        "description": "Vino Tinto Selecci\u00f3n Oro Vino de la Tierra Castill 0,75 L",
        "image": "https:\/\/cdn-consum.aktiosdigitalservices.com\/tol\/consum\/media\/product\/img\/300x300\/1075100.jpg?t=20250227090139"
    },
    {
        "id": 5201,
        "name": "T\u00e9 Verde 25 Bolsitas POMPADOUR",
        "price": 2.79,
        "price_kilo": 0.11,
        "slug": "te-verde-25-bolsitas",
        "description": "T\u00e9 Verde 25 Bolsitas 25 U",
        "image": "https:\/\/cdn-consum.aktiosdigitalservices.com\/tol\/consum\/media\/product\/img\/300x300\/1178698.jpg?t=20250311133003"
    },
    {
        "id": 5202,
        "name": "Cerveza sin Alcohol 0,0 Pack de 6 Botellas SAN MIGUEL",
        "price": 3.36,
        "price_kilo": 2.24,
        "slug": "cerveza-sin-alcohol-00-pack-de-6-botellas",
        "description": "Cerveza sin Alcohol 0,0 Pack de 6 Botellas 6 x 0,25 L",
        "image": "https:\/\/cdn-consum.aktiosdigitalservices.com\/tol\/consum\/media\/product\/img\/300x300\/1185743.jpg?t=20250227090141"
    },
    {
        "id": 5204,
        "name": "Agua Mineral Natural Tap\u00f3n Rosca FONT VELLA",
        "price": 0.67,
        "price_kilo": 1.34,
        "slug": "agua-mineral-natural-tapon-rosca",
        "description": "Agua Mineral Natural Tap\u00f3n Rosca 0,5 L",
        "image": "https:\/\/cdn-consum.aktiosdigitalservices.com\/tol\/consum\/media\/product\/img\/300x300\/1191998.jpg?t=20250204080007"
    },
    {
        "id": 5205,
        "name": "Agua Mineral Natural FONT VELLA",
        "price": 0.54,
        "price_kilo": 1.64,
        "slug": "agua-mineral-natural",
        "description": "Agua Mineral Natural 0,33 L",
        "image": "https:\/\/cdn-consum.aktiosdigitalservices.com\/tol\/consum\/media\/product\/img\/300x300\/1192004.jpg?t=20250227090143"
    },
    {
        "id": 5206,
        "name": "Cerveza Original Botella DESPERADOS",
        "price": 1.49,
        "price_kilo": 4.52,
        "slug": "cerveza-original-botella",
        "description": "Cerveza Original Botella 0,33 L",
        "image": "https:\/\/cdn-consum.aktiosdigitalservices.com\/tol\/consum\/media\/product\/img\/300x300\/1202464.jpg?t=20250227090145"
    },
    {
        "id": 5207,
        "name": "Tarrito Ternera con Zanahoria Baby HERO",
        "price": 1.75,
        "price_kilo": 7.45,
        "slug": "tarrito-ternera-con-zanahoria-baby",
        "description": "Tarrito Ternera con Zanahoria Baby 235 Gr",
        "image": "https:\/\/cdn-consum.aktiosdigitalservices.com\/tol\/consum\/media\/product\/img\/300x300\/1230390.jpg?t=20250311133006"
    },
    {
        "id": 5208,
        "name": "Chocolate 85% Cacao Excellence LINDT",
        "price": 4.99,
        "price_kilo": 49.9,
        "slug": "chocolate-85-cacao-excellence",
        "description": "Chocolate 85% Cacao Excellence 100 Gr",
        "image": "https:\/\/cdn-consum.aktiosdigitalservices.com\/tol\/consum\/media\/product\/img\/300x300\/1368042.jpg?t=20250311133012"
    },
    {
        "id": 5209,
        "name": "Refresco Naranja Botella FANTA",
        "price": 1.49,
        "price_kilo": 2.98,
        "slug": "refresco-naranja-botella",
        "description": "Refresco Naranja Botella 0,5 L",
        "image": "https:\/\/cdn-consum.aktiosdigitalservices.com\/tol\/consum\/media\/product\/img\/300x300\/1405828.jpg?t=20250228075726"
    },
    {
        "id": 5210,
        "name": "Aceitunas Manzanilla sin Hueso  Bolsa JOLCA",
        "price": 0.95,
        "price_kilo": 12.67,
        "slug": "aceitunas-manzanilla-sin-hueso-bolsa",
        "description": "Aceitunas Manzanilla sin Hueso  Bolsa 75 Gr",
        "image": "https:\/\/cdn-consum.aktiosdigitalservices.com\/tol\/consum\/media\/product\/img\/300x300\/1414812.jpg?t=20250318075807"
    },
    {
        "id": 5211,
        "name": "Pizza Mediterr\u00e1nea TARRADELLAS",
        "price": 3.19,
        "price_kilo": 7.78,
        "slug": "pizza-mediterranea",
        "description": "Pizza Mediterr\u00e1nea 410 Gr",
        "image": "https:\/\/cdn-consum.aktiosdigitalservices.com\/tol\/consum\/media\/product\/img\/300x300\/1439116.jpg?t=20241217080956"
    },
    {
        "id": 5214,
        "name": "Leche Fresca Entera Botella PULEVA",
        "price": 2.5,
        "price_kilo": 1.67,
        "slug": "leche-fresca-entera-botella",
        "description": "Leche Fresca Entera Botella 1,5 L",
        "image": "https:\/\/cdn-consum.aktiosdigitalservices.com\/tol\/consum\/media\/product\/img\/300x300\/1463843.jpg?t=20250313075902"
    },
    {
        "id": 5216,
        "name": "Preparado L\u00e1cteo Omega 3 PULEVA",
        "price": 1.69,
        "price_kilo": 1.69,
        "slug": "preparado-lacteo-omega-3",
        "description": "Preparado L\u00e1cteo Omega 3 1 L",
        "image": "https:\/\/cdn-consum.aktiosdigitalservices.com\/tol\/consum\/media\/product\/img\/300x300\/1509256.jpg?t=20250319075707"
    },
    {
        "id": 5217,
        "name": "Chicles Stick Sabor Hierbabuena TRIDENT",
        "price": 1.1,
        "price_kilo": 8.15,
        "slug": "chicles-stick-sabor-hierbabuena",
        "description": "Chicles Stick Sabor Hierbabuena 13,5 Gr",
        "image": "https:\/\/cdn-consum.aktiosdigitalservices.com\/tol\/consum\/media\/product\/img\/300x300\/1531003.jpg?t=20250311123959"
    },
    {
        "id": 5218,
        "name": "Dent\u00edfrico Protecci\u00f3n Diaria SENSODYNE",
        "price": 2.99,
        "price_kilo": 3.99,
        "slug": "dentifrico-proteccion-diaria",
        "description": "Dent\u00edfrico Protecci\u00f3n Diaria 75 ml",
        "image": "https:\/\/cdn-consum.aktiosdigitalservices.com\/tol\/consum\/media\/product\/img\/300x300\/1659077.jpg?t=20250227090156"
    },
    {
        "id": 5219,
        "name": "Preparado L\u00e1cteo Folic B Semidesnatado FLORA",
        "price": 1.99,
        "price_kilo": 1.99,
        "slug": "preparado-lacteo-folic-b-semidesnatado",
        "description": "Preparado L\u00e1cteo Folic B Semidesnatado 1 L",
        "image": "https:\/\/cdn-consum.aktiosdigitalservices.com\/tol\/consum\/media\/product\/img\/300x300\/1686070.jpg?t=20250311103559"
    },
    {
        "id": 5221,
        "name": "Longaniza Extra CONSUM",
        "price": 3.1,
        "price_kilo": 6.89,
        "slug": "longaniza-extra",
        "description": "Longaniza Extra",
        "image": "https:\/\/cdn-consum.aktiosdigitalservices.com\/tol\/consum\/media\/product\/img\/300x300\/1714799.jpg?t=20250225075730"
    },
    {
        "id": 5224,
        "name": "Cerveza sin Alcohol Lata MAHOU",
        "price": 0.75,
        "price_kilo": 2.27,
        "slug": "cerveza-sin-alcohol-lata",
        "description": "Cerveza sin Alcohol Lata 0,33 L",
        "image": "https:\/\/cdn-consum.aktiosdigitalservices.com\/tol\/consum\/media\/product\/img\/300x300\/1793942.jpg?t=20250205075843"
    },
    {
        "id": 5229,
        "name": "Kiwi verde ",
        "price": 0.43,
        "price_kilo": 3.59,
        "slug": "kiwi-verde",
        "description": "Kiwi verde",
        "image": "https:\/\/cdn-consum.aktiosdigitalservices.com\/tol\/consum\/media\/product\/img\/300x300\/1934918.jpg?t=20250322075742"
    },
    {
        "id": 5230,
        "name": "Crema de Camembert Tarrina PRESIDENT",
        "price": 1.95,
        "price_kilo": 15.6,
        "slug": "crema-de-camembert-tarrina",
        "description": "Crema de Camembert Tarrina 125 Gr",
        "image": "https:\/\/cdn-consum.aktiosdigitalservices.com\/tol\/consum\/media\/product\/img\/300x300\/2000362.jpg?t=20250227090202"
    },
    {
        "id": 5231,
        "name": "Sobrasada Tradicional ZAGAL",
        "price": 2.85,
        "price_kilo": 14.25,
        "slug": "sobrasada-tradicional",
        "description": "Sobrasada Tradicional 200 Gr",
        "image": "https:\/\/cdn-consum.aktiosdigitalservices.com\/tol\/consum\/media\/product\/img\/300x300\/2013290.jpg?t=20250206090351"
    },
    {
        "id": 5232,
        "name": "Comida Seca Perros Ultima de Pollo y Verdura ULTIMA",
        "price": 13.45,
        "price_kilo": 4.48,
        "slug": "comida-seca-perros-ultima-de-pollo-y-verdura",
        "description": "Comida Seca Perros Ultima de Pollo y Verdura 3 Kg",
        "image": "https:\/\/cdn-consum.aktiosdigitalservices.com\/tol\/consum\/media\/product\/img\/300x300\/2037653.jpg?t=20250227090203"
    },
    {
        "id": 5233,
        "name": "Lim\u00f3n Malla ",
        "price": 1.79,
        "price_kilo": 1.79,
        "slug": "limon-malla",
        "description": "Lim\u00f3n Malla 1 Kg",
        "image": "https:\/\/cdn-consum.aktiosdigitalservices.com\/tol\/consum\/media\/product\/img\/300x300\/2124360.jpg?t=20250318075821"
    },
    {
        "id": 5234,
        "name": "Cogollos 3 Unidades Peso Aprox. 330  Gr. ",
        "price": 1.19,
        "price_kilo": 3.61,
        "slug": "cogollos-3-unidades-peso-aprox-330-gr",
        "description": "Cogollos 3 Unidades Peso Aprox. 330  Gr. 0,33 Kg",
        "image": "https:\/\/cdn-consum.aktiosdigitalservices.com\/tol\/consum\/media\/product\/img\/300x300\/2124386.jpg?t=20250312124925"
    },
    {
        "id": 5235,
        "name": "Activia 00% con Pi\u00f1a B\u00edfidus Desnatado P-4ud DANONE",
        "price": 2,
        "price_kilo": 4.17,
        "slug": "activia-00-con-pina-bifidus-desnatado-p-4ud",
        "description": "Activia 00% con Pi\u00f1a B\u00edfidus Desnatado P-4ud 4 x 120 Gr",
        "image": "https:\/\/cdn-consum.aktiosdigitalservices.com\/tol\/consum\/media\/product\/img\/300x300\/2154441.jpg?t=20250312124928"
    },
    {
        "id": 5236,
        "name": "Brocheta de Pollo CONSUM",
        "price": 2.89,
        "price_kilo": 9.03,
        "slug": "brocheta-de-pollo",
        "description": "Brocheta de Pollo 320 Gr",
        "image": "https:\/\/cdn-consum.aktiosdigitalservices.com\/tol\/consum\/media\/product\/img\/300x300\/2160893.jpg?t=20250318075824"
    },
    {
        "id": 5240,
        "name": "Galletas Mini con gotas de Chocolate CHIPS AHOY",
        "price": 1.99,
        "price_kilo": 12.44,
        "slug": "galletas-mini-con-gotas-de-chocolate",
        "description": "Galletas Mini con gotas de Chocolate 160 Gr",
        "image": "https:\/\/cdn-consum.aktiosdigitalservices.com\/tol\/consum\/media\/product\/img\/300x300\/2366466.jpg?t=20250311103615"
    },
    {
        "id": 5245,
        "name": "Az\u00facar Blanco Paquete AZUCARERA",
        "price": 1.1,
        "price_kilo": 1.1,
        "slug": "azucar-blanco-paquete",
        "description": "Az\u00facar Blanco Paquete 1 Kg",
        "image": "https:\/\/cdn-consum.aktiosdigitalservices.com\/tol\/consum\/media\/product\/img\/300x300\/2453884.jpg?t=20250312092741"
    },
    {
        "id": 5246,
        "name": "Comida H\u00fameda Gatos Gourmet Gold Pollo GOURMET",
        "price": 0.89,
        "price_kilo": 10.47,
        "slug": "comida-humeda-gatos-gourmet-gold-pollo",
        "description": "Comida H\u00fameda Gatos Gourmet Gold Pollo 85 Gr",
        "image": "https:\/\/cdn-consum.aktiosdigitalservices.com\/tol\/consum\/media\/product\/img\/300x300\/2536688.jpg?t=20250227090210"
    },
    {
        "id": 5247,
        "name": "Comida H\u00fameda Gatos Gourmet Gold Pescado GOURMET",
        "price": 0.89,
        "price_kilo": 10.47,
        "slug": "comida-humeda-gatos-gourmet-gold-pescado",
        "description": "Comida H\u00fameda Gatos Gourmet Gold Pescado 85 Gr",
        "image": "https:\/\/cdn-consum.aktiosdigitalservices.com\/tol\/consum\/media\/product\/img\/300x300\/2536704.jpg?t=20250207075737"
    },
    {
        "id": 5248,
        "name": "Agua Mineral Natural Tap\u00f3n Sport AQUAREL",
        "price": 0.52,
        "price_kilo": 1.58,
        "slug": "agua-mineral-natural-tapon-sport",
        "description": "Agua Mineral Natural Tap\u00f3n Sport 0,33 L",
        "image": "https:\/\/cdn-consum.aktiosdigitalservices.com\/tol\/consum\/media\/product\/img\/300x300\/2569838.jpg?t=20250204080030"
    },
    {
        "id": 5249,
        "name": "Agua Mineral Natural Garrafa AQUAREL",
        "price": 1.79,
        "price_kilo": 0.36,
        "slug": "agua-mineral-natural-garrafa",
        "description": "Agua Mineral Natural Garrafa 5 L",
        "image": "https:\/\/cdn-consum.aktiosdigitalservices.com\/tol\/consum\/media\/product\/img\/300x300\/2569861.jpg?t=20250204080031"
    },
    {
        "id": 5250,
        "name": "Agua Mineral Natural Botella AQUAREL",
        "price": 0.45,
        "price_kilo": 0.3,
        "slug": "agua-mineral-natural-botella",
        "description": "Agua Mineral Natural Botella 1,5 L",
        "image": "https:\/\/cdn-consum.aktiosdigitalservices.com\/tol\/consum\/media\/product\/img\/300x300\/2569879.jpg?t=20250227090211"
    },
    {
        "id": 5251,
        "name": "Ajos Secos Malla ",
        "price": 1.85,
        "price_kilo": 7.4,
        "slug": "ajos-secos-malla",
        "description": "Ajos Secos Malla 250 Gr",
        "image": "https:\/\/cdn-consum.aktiosdigitalservices.com\/tol\/consum\/media\/product\/img\/300x300\/2600815.jpg?t=20250207075741"
    },
    {
        "id": 5252,
        "name": "Br\u00f3coli Manojo ",
        "price": 1.49,
        "price_kilo": 2.98,
        "slug": "brocoli-manojo",
        "description": "Br\u00f3coli Manojo 500 Gr",
        "image": "https:\/\/cdn-consum.aktiosdigitalservices.com\/tol\/consum\/media\/product\/img\/300x300\/2600823.jpg?t=20250312124935"
    },
    {
        "id": 5253,
        "name": "Pizza Carbonara TARRADELLAS",
        "price": 3.19,
        "price_kilo": 7.98,
        "slug": "pizza-carbonara",
        "description": "Pizza Carbonara 400 Gr",
        "image": "https:\/\/cdn-consum.aktiosdigitalservices.com\/tol\/consum\/media\/product\/img\/300x300\/2633238.jpg?t=20241217080957"
    },
    {
        "id": 5254,
        "name": "Caf\u00e9 Creme Express Molido MARCILLA",
        "price": 4.95,
        "price_kilo": 19.8,
        "slug": "cafe-creme-express-molido",
        "description": "Caf\u00e9 Creme Express Molido 250 Gr",
        "image": "https:\/\/cdn-consum.aktiosdigitalservices.com\/tol\/consum\/media\/product\/img\/300x300\/2633303.jpg?t=20250312155807"
    },
    {
        "id": 5255,
        "name": "Tortas de Gazpacho Paquete PASTOR",
        "price": 0.62,
        "price_kilo": 3.44,
        "slug": "tortas-de-gazpacho-paquete",
        "description": "Tortas de Gazpacho Paquete 180 Gr",
        "image": "https:\/\/cdn-consum.aktiosdigitalservices.com\/tol\/consum\/media\/product\/img\/300x300\/2659480.jpg?t=20250322075747"
    },
    {
        "id": 5256,
        "name": "Crema Antiarrugas Q10 de Noche NIVEA",
        "price": 9.59,
        "price_kilo": 19.18,
        "slug": "crema-antiarrugas-q10-de-noche",
        "description": "Crema Antiarrugas Q10 de Noche 50 ml",
        "image": "https:\/\/cdn-consum.aktiosdigitalservices.com\/tol\/consum\/media\/product\/img\/300x300\/2659803.jpg?t=20250313075915"
    },
    {
        "id": 5257,
        "name": "Bolsa de Serr\u00edn 1 kg A.LEVANTE",
        "price": 0.75,
        "price_kilo": 0.75,
        "slug": "bolsa-de-serrin-1-kg",
        "description": "Bolsa de Serr\u00edn 1 kg 1 U",
        "image": "https:\/\/cdn-consum.aktiosdigitalservices.com\/tol\/consum\/media\/product\/img\/300x300\/2700029.jpg?t=20250207075744"
    },
    {
        "id": 5258,
        "name": "Muesli sin Az\u00facar ALPEN",
        "price": 4.89,
        "price_kilo": 8.73,
        "slug": "muesli-sin-azucar",
        "description": "Muesli sin Az\u00facar 560 Gr",
        "image": "https:\/\/cdn-consum.aktiosdigitalservices.com\/tol\/consum\/media\/product\/img\/300x300\/2715118.jpg?t=20250311103627"
    },
    {
        "id": 5259,
        "name": "H\u00e9lices Ensaladas Paquete GALLO",
        "price": 1.78,
        "price_kilo": 3.96,
        "slug": "helices-ensaladas-paquete",
        "description": "H\u00e9lices Ensaladas Paquete 450 Gr",
        "image": "https:\/\/cdn-consum.aktiosdigitalservices.com\/tol\/consum\/media\/product\/img\/300x300\/2717163.jpg?t=20250319075716"
    },
    {
        "id": 5262,
        "name": "Caf\u00e9 Natural Molido Solidario OXFAM",
        "price": 3.89,
        "price_kilo": 15.56,
        "slug": "cafe-natural-molido-solidario",
        "description": "Caf\u00e9 Natural Molido Solidario 250 Gr",
        "image": "https:\/\/cdn-consum.aktiosdigitalservices.com\/tol\/consum\/media\/product\/img\/300x300\/2725885.jpg?t=20250312155809"
    },
    {
        "id": 5264,
        "name": "Crema Age Perfect Noche L'OREAL",
        "price": 9.99,
        "price_kilo": 19.98,
        "slug": "crema-age-perfect-noche",
        "description": "Crema Age Perfect Noche 50 ml",
        "image": "https:\/\/cdn-consum.aktiosdigitalservices.com\/tol\/consum\/media\/product\/img\/300x300\/2826436.jpg?t=20250206090404"
    },
    {
        "id": 5265,
        "name": "Crema Age Perfect D\u00eda L'OREAL",
        "price": 9.99,
        "price_kilo": 19.98,
        "slug": "crema-age-perfect-dia",
        "description": "Crema Age Perfect D\u00eda 50 ml",
        "image": "https:\/\/cdn-consum.aktiosdigitalservices.com\/tol\/consum\/media\/product\/img\/300x300\/2826568.jpg?t=20250206090406"
    },
    {
        "id": 5266,
        "name": "Pan Molde Sin Corteza BIMBO",
        "price": 2.35,
        "price_kilo": 5.22,
        "slug": "pan-molde-sin-corteza",
        "description": "Pan Molde Sin Corteza 450 Gr",
        "image": "https:\/\/cdn-consum.aktiosdigitalservices.com\/tol\/consum\/media\/product\/img\/300x300\/2842854.jpg?t=20250313075918"
    },
    {
        "id": 5269,
        "name": "T\u00f3nica Botella SCHWEPPES",
        "price": 1.79,
        "price_kilo": 1.79,
        "slug": "tonica-botella",
        "description": "T\u00f3nica Botella 1 L",
        "image": "https:\/\/cdn-consum.aktiosdigitalservices.com\/tol\/consum\/media\/product\/img\/300x300\/2972354.jpg?t=20250312155813"
    },
    {
        "id": 5270,
        "name": "Caf\u00e9 Grano Natural BONKA",
        "price": 8.95,
        "price_kilo": 17.9,
        "slug": "cafe-grano-natural",
        "description": "Caf\u00e9 Grano Natural 500 Gr",
        "image": "https:\/\/cdn-consum.aktiosdigitalservices.com\/tol\/consum\/media\/product\/img\/300x300\/3000072.jpg?t=20250311103635"
    },
    {
        "id": 5272,
        "name": "Burger Americana 2 Unidades ROLER",
        "price": 3.99,
        "price_kilo": 13.3,
        "slug": "burger-americana-2-unidades",
        "description": "Burger Americana 2 Unidades 300 Gr",
        "image": "https:\/\/cdn-consum.aktiosdigitalservices.com\/tol\/consum\/media\/product\/img\/300x300\/3053253.jpg?t=20250318075833"
    },
    {
        "id": 5274,
        "name": "Vino Tino Reserva D.O.Mancha ESTOLA",
        "price": 3.99,
        "price_kilo": 5.32,
        "slug": "vino-tino-reserva-domancha",
        "description": "Vino Tino Reserva D.O.Mancha 0,75 L",
        "image": "https:\/\/cdn-consum.aktiosdigitalservices.com\/tol\/consum\/media\/product\/img\/300x300\/3068137.jpg?t=20250220075948"
    },
    {
        "id": 5275,
        "name": "Vino Blanco D.O.Alicante MARINA ALTA",
        "price": 4.95,
        "price_kilo": 6.6,
        "slug": "vino-blanco-doalicante",
        "description": "Vino Blanco D.O.Alicante 0,75 L",
        "image": "https:\/\/cdn-consum.aktiosdigitalservices.com\/tol\/consum\/media\/product\/img\/300x300\/3087517.jpg?t=20241217080957"
    },
    {
        "id": 5277,
        "name": "Morcilla de Burgos MARI PAZ",
        "price": 1.58,
        "price_kilo": 5.96,
        "slug": "morcilla-de-burgos",
        "description": "Morcilla de Burgos 265 Gr",
        "image": "https:\/\/cdn-consum.aktiosdigitalservices.com\/tol\/consum\/media\/product\/img\/300x300\/3189669.jpg?t=20241217080957"
    },
    {
        "id": 5279,
        "name": "Allioli Mortero CHOVI",
        "price": 1.45,
        "price_kilo": 8.06,
        "slug": "allioli-mortero",
        "description": "Allioli Mortero 180 ml",
        "image": "https:\/\/cdn-consum.aktiosdigitalservices.com\/tol\/consum\/media\/product\/img\/300x300\/3233954.jpg?t=20250312124947"
    },
    {
        "id": 5280,
        "name": "Refresco Cola Bipack Indivisible COCA-COLA",
        "price": 4,
        "price_kilo": 1,
        "slug": "refresco-cola-bipack-indivisible",
        "description": "Refresco Cola Bipack Indivisible 2 x 2 L",
        "image": "https:\/\/cdn-consum.aktiosdigitalservices.com\/tol\/consum\/media\/product\/img\/300x300\/3278231.jpg?t=20250319075722"
    },
    {
        "id": 5281,
        "name": "Desodorante Spray Normal LACTOVIT",
        "price": 2.5,
        "price_kilo": 1.25,
        "slug": "desodorante-spray-normal",
        "description": "Desodorante Spray Normal 200 ml",
        "image": "https:\/\/cdn-consum.aktiosdigitalservices.com\/tol\/consum\/media\/product\/img\/300x300\/3301942.jpg?t=20250227090223"
    },
    {
        "id": 5284,
        "name": "Solomillo de Cerdo CONSUM",
        "price": 4.4,
        "price_kilo": 8.8,
        "slug": "solomillo-de-cerdo",
        "description": "Solomillo de Cerdo",
        "image": "https:\/\/cdn-consum.aktiosdigitalservices.com\/tol\/consum\/media\/product\/img\/300x300\/3339975.jpg?t=20241231075709"
    },
    {
        "id": 5285,
        "name": "Filete Lomo de Cerdo CONSUM",
        "price": 3.6,
        "price_kilo": 7.19,
        "slug": "filete-lomo-de-cerdo",
        "description": "Filete Lomo de Cerdo",
        "image": "https:\/\/cdn-consum.aktiosdigitalservices.com\/tol\/consum\/media\/product\/img\/300x300\/3339983.jpg?t=20241231075710"
    },
    {
        "id": 5286,
        "name": "Cerveza sin Alcohol 0,0 Lata SAN MIGUEL",
        "price": 0.73,
        "price_kilo": 2.21,
        "slug": "cerveza-sin-alcohol-00-lata",
        "description": "Cerveza sin Alcohol 0,0 Lata 0,33 L",
        "image": "https:\/\/cdn-consum.aktiosdigitalservices.com\/tol\/consum\/media\/product\/img\/300x300\/3347358.jpg?t=20250227090226"
    },
    {
        "id": 5287,
        "name": "Chuleta Lomo de Cerdo CONSUM",
        "price": 3.64,
        "price_kilo": 6.59,
        "slug": "chuleta-lomo-de-cerdo",
        "description": "Chuleta Lomo de Cerdo",
        "image": "https:\/\/cdn-consum.aktiosdigitalservices.com\/tol\/consum\/media\/product\/img\/300x300\/3347499.jpg?t=20241231075712"
    },
    {
        "id": 5289,
        "name": "Costilla de Cerdo CONSUM",
        "price": 4.81,
        "price_kilo": 7.99,
        "slug": "costilla-de-cerdo",
        "description": "Costilla de Cerdo",
        "image": "https:\/\/cdn-consum.aktiosdigitalservices.com\/tol\/consum\/media\/product\/img\/300x300\/3347556.jpg?t=20241231075716"
    },
    {
        "id": 5290,
        "name": "Filetes Panceta de Cerdo CONSUM",
        "price": 3.5,
        "price_kilo": 6.99,
        "slug": "filetes-panceta-de-cerdo",
        "description": "Filetes Panceta de Cerdo",
        "image": "https:\/\/cdn-consum.aktiosdigitalservices.com\/tol\/consum\/media\/product\/img\/300x300\/3347564.jpg?t=20241231075718"
    },
    {
        "id": 5291,
        "name": "Estofado de Cerdo CONSUM",
        "price": 3.45,
        "price_kilo": 6.25,
        "slug": "estofado-de-cerdo",
        "description": "Estofado de Cerdo",
        "image": "https:\/\/cdn-consum.aktiosdigitalservices.com\/tol\/consum\/media\/product\/img\/300x300\/3347606.jpg?t=20241231075720"
    },
    {
        "id": 5292,
        "name": "Pata de Cerdo CONSUM",
        "price": 2.92,
        "price_kilo": 6.49,
        "slug": "pata-de-cerdo",
        "description": "Pata de Cerdo",
        "image": "https:\/\/cdn-consum.aktiosdigitalservices.com\/tol\/consum\/media\/product\/img\/300x300\/3347663.jpg?t=20241231075722"
    },
    {
        "id": 5295,
        "name": "Galletas Fibra FLORA",
        "price": 1.95,
        "price_kilo": 10.54,
        "slug": "galletas-fibra",
        "description": "Galletas Fibra 185 Gr",
        "image": "https:\/\/cdn-consum.aktiosdigitalservices.com\/tol\/consum\/media\/product\/img\/300x300\/3368420.jpg?t=20250311103643"
    },
    {
        "id": 5296,
        "name": "Uva Blanca sin Semillas ",
        "price": 2.59,
        "price_kilo": 5.18,
        "slug": "uva-blanca-sin-semillas",
        "description": "Uva Blanca sin Semillas 500 Gr",
        "image": "https:\/\/cdn-consum.aktiosdigitalservices.com\/tol\/consum\/media\/product\/img\/300x300\/3401502.jpg?t=20250318080932"
    },
    {
        "id": 5297,
        "name": "Leche Condensada LA LECHERA",
        "price": 3.55,
        "price_kilo": 7.89,
        "slug": "leche-condensada",
        "description": "Leche Condensada 450 Gr",
        "image": "https:\/\/cdn-consum.aktiosdigitalservices.com\/tol\/consum\/media\/product\/img\/300x300\/3434826.jpg?t=20250311103647"
    },
    {
        "id": 5298,
        "name": "Enjuague Bucal Mentol LISTERINE",
        "price": 5.35,
        "price_kilo": 1.07,
        "slug": "enjuague-bucal-mentol",
        "description": "Enjuague Bucal Mentol 500 ml",
        "image": "https:\/\/cdn-consum.aktiosdigitalservices.com\/tol\/consum\/media\/product\/img\/300x300\/3499043.jpg?t=20250227090230"
    },
    {
        "id": 5299,
        "name": "Tinte N\u00ba9 Rubio Claro Clarisimo LLONGUERAS",
        "price": 7.49,
        "price_kilo": 7.49,
        "slug": "tinte-n9-rubio-claro-clarisimo",
        "description": "Tinte N\u00ba9 Rubio Claro Clarisimo 1 U",
        "image": "https:\/\/cdn-consum.aktiosdigitalservices.com\/tol\/consum\/media\/product\/img\/300x300\/3507001.jpg?t=20250304104617"
    },
    {
        "id": 5300,
        "name": "Tinte N\u00ba8 Rubio LLONGUERAS",
        "price": 7.49,
        "price_kilo": 7.49,
        "slug": "tinte-n8-rubio",
        "description": "Tinte N\u00ba8 Rubio 1 U",
        "image": "https:\/\/cdn-consum.aktiosdigitalservices.com\/tol\/consum\/media\/product\/img\/300x300\/3507019.jpg?t=20250311164534"
    },
    {
        "id": 5302,
        "name": "Espuma Rizos Style FRUCTIS",
        "price": 3.49,
        "price_kilo": 1.16,
        "slug": "espuma-rizos-style",
        "description": "Espuma Rizos Style 300 ml",
        "image": "https:\/\/cdn-consum.aktiosdigitalservices.com\/tol\/consum\/media\/product\/img\/300x300\/3715232.jpg?t=20250206090427"
    },
    {
        "id": 5304,
        "name": "Queso Fresco Cassoleta Tarrina GRANJA RINYA",
        "price": 2.69,
        "price_kilo": 10.76,
        "slug": "queso-fresco-cassoleta-tarrina",
        "description": "Queso Fresco Cassoleta Tarrina 250 Gr",
        "image": "https:\/\/cdn-consum.aktiosdigitalservices.com\/tol\/consum\/media\/product\/img\/300x300\/3779436.jpg?t=20250206090431"
    },
    {
        "id": 5305,
        "name": "Preparado Arroz al Horno EMBUENA",
        "price": 5.22,
        "price_kilo": 7.99,
        "slug": "preparado-arroz-al-horno",
        "description": "Preparado Arroz al Horno",
        "image": "https:\/\/cdn-consum.aktiosdigitalservices.com\/tol\/consum\/media\/product\/img\/300x300\/3817145.jpg?t=20250313075922"
    },
    {
        "id": 5306,
        "name": "Bebida Isot\u00f3nica Ice Storm Botella POWERADE",
        "price": 1.49,
        "price_kilo": 2.98,
        "slug": "bebida-isotonica-ice-storm-botella",
        "description": "Bebida Isot\u00f3nica Ice Storm Botella 0,5 L",
        "image": "https:\/\/cdn-consum.aktiosdigitalservices.com\/tol\/consum\/media\/product\/img\/300x300\/3913001.jpg?t=20250227090237"
    },
    {
        "id": 5312,
        "name": "Pizza Jam\u00f3n y Queso Pack de 2 Unidades TARRADELLAS",
        "price": 3.19,
        "price_kilo": 7.25,
        "slug": "pizza-jamon-y-queso-pack-de-2-unidades",
        "description": "Pizza Jam\u00f3n y Queso Pack de 2 Unidades 2 x 220 Gr",
        "image": "https:\/\/cdn-consum.aktiosdigitalservices.com\/tol\/consum\/media\/product\/img\/300x300\/4222840.jpg?t=20241217080958"
    },
    {
        "id": 5313,
        "name": "Queso Fresco 0% Pack de 3 Unidades ARIAS",
        "price": 3.19,
        "price_kilo": 14.77,
        "slug": "queso-fresco-0-pack-de-3-unidades",
        "description": "Queso Fresco 0% Pack de 3 Unidades 3 x 72 Gr",
        "image": "https:\/\/cdn-consum.aktiosdigitalservices.com\/tol\/consum\/media\/product\/img\/300x300\/4237582.jpg?t=20250206090438"
    },
    {
        "id": 5315,
        "name": "Protegeslip Flexiform CAREFREE",
        "price": 1.65,
        "price_kilo": 0.06,
        "slug": "protegeslip-flexiform",
        "description": "Protegeslip Flexiform 30 U",
        "image": "https:\/\/cdn-consum.aktiosdigitalservices.com\/tol\/consum\/media\/product\/img\/300x300\/4360475.jpg?t=20250227090238"
    },
    {
        "id": 5316,
        "name": "Pechuga de Pavo Fin\u00edssimas CAMPOFR\u00cdO",
        "price": 1.95,
        "price_kilo": 16.96,
        "slug": "pechuga-de-pavo-finissimas",
        "description": "Pechuga de Pavo Fin\u00edssimas 115 Gr",
        "image": "https:\/\/cdn-consum.aktiosdigitalservices.com\/tol\/consum\/media\/product\/img\/300x300\/4382800.jpg?t=20250206090444"
    },
    {
        "id": 5317,
        "name": "Jam\u00f3n Cocido Fin\u00edssimas CAMPOFR\u00cdO",
        "price": 1.95,
        "price_kilo": 16.96,
        "slug": "jamon-cocido-finissimas",
        "description": "Jam\u00f3n Cocido Fin\u00edssimas 115 Gr",
        "image": "https:\/\/cdn-consum.aktiosdigitalservices.com\/tol\/consum\/media\/product\/img\/300x300\/4382818.jpg?t=20250206090447"
    },
    {
        "id": 5318,
        "name": "Gel Fijador Wet Look Fuerte FRUCTIS",
        "price": 2.75,
        "price_kilo": 1.1,
        "slug": "gel-fijador-wet-look-fuerte",
        "description": "Gel Fijador Wet Look Fuerte 250 ml",
        "image": "https:\/\/cdn-consum.aktiosdigitalservices.com\/tol\/consum\/media\/product\/img\/300x300\/4451027.jpg?t=20250312155826"
    },
    {
        "id": 5319,
        "name": "Apio Verde Manojo ",
        "price": 1.39,
        "price_kilo": 2.32,
        "slug": "apio-verde-manojo",
        "description": "Apio Verde Manojo Peso Aproximado 700 gr",
        "image": "https:\/\/cdn-consum.aktiosdigitalservices.com\/tol\/consum\/media\/product\/img\/300x300\/4461810.jpg?t=20250215075645"
    },
    {
        "id": 5320,
        "name": "Zanahoria Tierna Bolsa ",
        "price": 0.89,
        "price_kilo": 1.78,
        "slug": "zanahoria-tierna-bolsa",
        "description": "Zanahoria Tierna Bolsa 500 Gr",
        "image": "https:\/\/cdn-consum.aktiosdigitalservices.com\/tol\/consum\/media\/product\/img\/300x300\/4501375.jpg?t=20250103080204"
    },
    {
        "id": 5321,
        "name": "Zanahoria de Mesa Bolsa ",
        "price": 1.1,
        "price_kilo": 1.1,
        "slug": "zanahoria-de-mesa-bolsa",
        "description": "Zanahoria de Mesa Bolsa 1 Kg",
        "image": "https:\/\/cdn-consum.aktiosdigitalservices.com\/tol\/consum\/media\/product\/img\/300x300\/4501508.jpg?t=20250218075942"
    },
    {
        "id": 5322,
        "name": "Yogolino de Fresa Pack de 4 NESTLE",
        "price": 2.79,
        "price_kilo": 6.98,
        "slug": "yogolino-de-fresa-pack-de-4",
        "description": "Yogolino de Fresa Pack de 4 4 x 100 Gr",
        "image": "https:\/\/cdn-consum.aktiosdigitalservices.com\/tol\/consum\/media\/product\/img\/300x300\/4507455.jpg?t=20250313075928"
    },
    {
        "id": 5323,
        "name": "Carrillada de Cerdo CONSUM",
        "price": 5.5,
        "price_kilo": 13.75,
        "slug": "carrillada-de-cerdo",
        "description": "Carrillada de Cerdo",
        "image": "https:\/\/cdn-consum.aktiosdigitalservices.com\/tol\/consum\/media\/product\/img\/300x300\/4532016.jpg?t=20250318080932"
    },
    {
        "id": 5324,
        "name": "Bifrutas Tropical Pack de 3 BIFRUTAS",
        "price": 2.52,
        "price_kilo": 2.55,
        "slug": "bifrutas-tropical-pack-de-3",
        "description": "Bifrutas Tropical Pack de 3 3 x 330 ml",
        "image": "https:\/\/cdn-consum.aktiosdigitalservices.com\/tol\/consum\/media\/product\/img\/300x300\/4534566.jpg?t=20250312092741"
    },
    {
        "id": 5328,
        "name": "Vino Tinto Reserva D.O.Utiel-Requena HOYA CADENAS",
        "price": 4.15,
        "price_kilo": 5.53,
        "slug": "vino-tinto-reserva-doutiel-requena",
        "description": "Vino Tinto Reserva D.O.Utiel-Requena 0,75 L",
        "image": "https:\/\/cdn-consum.aktiosdigitalservices.com\/tol\/consum\/media\/product\/img\/300x300\/4558771.jpg?t=20250227090245"
    },
    {
        "id": 5329,
        "name": "Vino Tinto Joven D.O. Alicante CAST.LIRIA",
        "price": 3.1,
        "price_kilo": 4.13,
        "slug": "vino-tinto-joven-do-alicante",
        "description": "Vino Tinto Joven D.O. Alicante 0,75 L",
        "image": "https:\/\/cdn-consum.aktiosdigitalservices.com\/tol\/consum\/media\/product\/img\/300x300\/4558797.jpg?t=20250206090504"
    },
    {
        "id": 5330,
        "name": "Vino Blanco D.O. Utiel Requena CAST.LIRIA",
        "price": 3.1,
        "price_kilo": 4.13,
        "slug": "vino-blanco-do-utiel-requena",
        "description": "Vino Blanco D.O. Utiel Requena 0,75 L",
        "image": "https:\/\/cdn-consum.aktiosdigitalservices.com\/tol\/consum\/media\/product\/img\/300x300\/4558821.jpg?t=20250206090509"
    },
    {
        "id": 5332,
        "name": "Chocolate Extrafino Lacasitos LACASA",
        "price": 2.49,
        "price_kilo": 24.9,
        "slug": "chocolate-extrafino-lacasitos",
        "description": "Chocolate Extrafino Lacasitos 100 Gr",
        "image": "https:\/\/cdn-consum.aktiosdigitalservices.com\/tol\/consum\/media\/product\/img\/300x300\/4796793.jpg?t=20250311133043"
    },
    {
        "id": 5333,
        "name": "Queso Oveja Cu\u00f1a FLOR ESGUEVA",
        "price": 6.23,
        "price_kilo": 24.92,
        "slug": "queso-oveja-cuna",
        "description": "Queso Oveja Cu\u00f1a 250 Gr",
        "image": "https:\/\/cdn-consum.aktiosdigitalservices.com\/tol\/consum\/media\/product\/img\/300x300\/4908406.jpg?t=20250227090246"
    },
    {
        "id": 5334,
        "name": "Jam\u00f3n Cocido Bonnatur ARGAL",
        "price": 2.19,
        "price_kilo": 16.85,
        "slug": "jamon-cocido-bonnatur",
        "description": "Jam\u00f3n Cocido Bonnatur 130 Gr",
        "image": "https:\/\/cdn-consum.aktiosdigitalservices.com\/tol\/consum\/media\/product\/img\/300x300\/4954442.jpg?t=20250312155831"
    },
    {
        "id": 5335,
        "name": "Nata L\u00edquida Cocinar Brik ASTURIANA",
        "price": 2.59,
        "price_kilo": 5.18,
        "slug": "nata-liquida-cocinar-brik",
        "description": "Nata L\u00edquida Cocinar Brik 0,5 L",
        "image": "https:\/\/cdn-consum.aktiosdigitalservices.com\/tol\/consum\/media\/product\/img\/300x300\/4990735.jpg?t=20250311103710"
    },
    {
        "id": 5337,
        "name": "Chuletas Palo\/Ri\u00f1onada CONSUM",
        "price": 14.5,
        "price_kilo": 28.99,
        "slug": "chuletas-palo-rinonada",
        "description": "Chuletas Palo\/Ri\u00f1onada - Servicio todos los d\u00edas excepto lunes y martes",
        "image": "https:\/\/cdn-consum.aktiosdigitalservices.com\/tol\/consum\/media\/product\/img\/300x300\/5018221.jpg?t=20241217080959"
    },
    {
        "id": 5340,
        "name": "T\u00f3nico Facial Puntos Negros CLEAN&CLEAR",
        "price": 4.99,
        "price_kilo": 2.5,
        "slug": "tonico-facial-puntos-negros",
        "description": "T\u00f3nico Facial Puntos Negros 200 ml",
        "image": "https:\/\/cdn-consum.aktiosdigitalservices.com\/tol\/consum\/media\/product\/img\/300x300\/5135124.jpg?t=20250312155833"
    },
    {
        "id": 5343,
        "name": "Gallina para Caldo CONSUM",
        "price": 2.21,
        "price_kilo": 4.9,
        "slug": "gallina-para-caldo",
        "description": "Gallina para Caldo",
        "image": "https:\/\/cdn-consum.aktiosdigitalservices.com\/tol\/consum\/media\/product\/img\/300x300\/5154539.jpg?t=20241217080959"
    },
    {
        "id": 5346,
        "name": "Alas de Pollo CONSUM",
        "price": 3.53,
        "price_kilo": 4.7,
        "slug": "alas-de-pollo",
        "description": "Alas de Pollo",
        "image": "https:\/\/cdn-consum.aktiosdigitalservices.com\/tol\/consum\/media\/product\/img\/300x300\/5336235.jpg?t=20241217080959"
    },
    {
        "id": 5347,
        "name": "Pollo Troceado CONSUM",
        "price": 3.68,
        "price_kilo": 4.09,
        "slug": "pollo-troceado",
        "description": "Pollo Troceado",
        "image": "https:\/\/cdn-consum.aktiosdigitalservices.com\/tol\/consum\/media\/product\/img\/300x300\/5336268.jpg?t=20241217080959"
    },
    {
        "id": 5348,
        "name": "Espinazo de Cerdo CONSUM",
        "price": 1.25,
        "price_kilo": 4.99,
        "slug": "espinazo-de-cerdo",
        "description": "Espinazo de Cerdo",
        "image": "https:\/\/cdn-consum.aktiosdigitalservices.com\/tol\/consum\/media\/product\/img\/300x300\/5437884.jpg?t=20241231075728"
    },
    {
        "id": 5351,
        "name": "Galletas Integrales Marie Lu FONTANEDA",
        "price": 3.75,
        "price_kilo": 7.21,
        "slug": "galletas-integrales-marie-lu",
        "description": "Galletas Integrales Marie Lu 520 Gr",
        "image": "https:\/\/cdn-consum.aktiosdigitalservices.com\/tol\/consum\/media\/product\/img\/300x300\/5501978.jpg?t=20250311133047"
    },
    {
        "id": 5352,
        "name": "Special K con Frutas Rojas KELLOGG'S",
        "price": 4.19,
        "price_kilo": 13.97,
        "slug": "special-k-con-frutas-rojas",
        "description": "Special K con Frutas Rojas 300 Gr",
        "image": "https:\/\/cdn-consum.aktiosdigitalservices.com\/tol\/consum\/media\/product\/img\/300x300\/5513478.jpg?t=20250311103715"
    },
    {
        "id": 5353,
        "name": "Anillos a la Romana sin Gluten PESCANOVA",
        "price": 3.69,
        "price_kilo": 9.23,
        "slug": "anillos-a-la-romana-sin-gluten",
        "description": "Anillos a la Romana sin Gluten 400 Gr",
        "image": "https:\/\/cdn-consum.aktiosdigitalservices.com\/tol\/consum\/media\/product\/img\/300x300\/5524400.jpg?t=20250213075809"
    },
    {
        "id": 5354,
        "name": "Berenjena Negra ",
        "price": 0.77,
        "price_kilo": 1.99,
        "slug": "berenjena-negra",
        "description": "Berenjena Negra",
        "image": "https:\/\/cdn-consum.aktiosdigitalservices.com\/tol\/consum\/media\/product\/img\/300x300\/5526686.jpg?t=20250322075756"
    },
    {
        "id": 5355,
        "name": "Calabac\u00edn Verde ",
        "price": 0.8,
        "price_kilo": 1.75,
        "slug": "calabacin-verde",
        "description": "Calabac\u00edn Verde",
        "image": "https:\/\/cdn-consum.aktiosdigitalservices.com\/tol\/consum\/media\/product\/img\/300x300\/5526694.jpg?t=20250322075759"
    },
    {
        "id": 5356,
        "name": "Cous Cous Mediano Caja GALLO",
        "price": 2,
        "price_kilo": 4,
        "slug": "cous-cous-mediano-caja",
        "description": "Cous Cous Mediano Caja 500 Gr",
        "image": "https:\/\/cdn-consum.aktiosdigitalservices.com\/tol\/consum\/media\/product\/img\/300x300\/5535125.jpg?t=20250319075732"
    },
    {
        "id": 5357,
        "name": "Rooibos con Vainilla 20 Bolsitas POMPADOUR",
        "price": 2.35,
        "price_kilo": 0.12,
        "slug": "rooibos-con-vainilla-20-bolsitas",
        "description": "Rooibos con Vainilla 20 Bolsitas 20 U",
        "image": "https:\/\/cdn-consum.aktiosdigitalservices.com\/tol\/consum\/media\/product\/img\/300x300\/5542378.jpg?t=20250312155840"
    },
    {
        "id": 5360,
        "name": "Refresco Naranja Zero Botella FANTA",
        "price": 1.85,
        "price_kilo": 0.93,
        "slug": "refresco-naranja-zero-botella",
        "description": "Refresco Naranja Zero Botella 2 L",
        "image": "https:\/\/cdn-consum.aktiosdigitalservices.com\/tol\/consum\/media\/product\/img\/300x300\/5547518.jpg?t=20250227090302"
    },
    {
        "id": 5361,
        "name": "Refresco Naranja Zero Lata FANTA",
        "price": 0.75,
        "price_kilo": 2.27,
        "slug": "refresco-naranja-zero-lata",
        "description": "Refresco Naranja Zero Lata 0,33 L",
        "image": "https:\/\/cdn-consum.aktiosdigitalservices.com\/tol\/consum\/media\/product\/img\/300x300\/5547526.jpg?t=20250227090304"
    },
    {
        "id": 5364,
        "name": "Leche Condensada Desnatada LA LECHERA",
        "price": 3.55,
        "price_kilo": 7.89,
        "slug": "leche-condensada-desnatada",
        "description": "Leche Condensada Desnatada 450 Gr",
        "image": "https:\/\/cdn-consum.aktiosdigitalservices.com\/tol\/consum\/media\/product\/img\/300x300\/5743596.jpg?t=20250311103727"
    },
    {
        "id": 5366,
        "name": "Pechuga de Pavo Fileteada CONSUM",
        "price": 4.25,
        "price_kilo": 8.49,
        "slug": "pechuga-de-pavo-fileteada",
        "description": "Pechuga de Pavo Fileteada",
        "image": "https:\/\/cdn-consum.aktiosdigitalservices.com\/tol\/consum\/media\/product\/img\/300x300\/5848916.jpg?t=20250318075852"
    },
    {
        "id": 5372,
        "name": "Cintas de Bac\u00f3n Pack de 2 Unidades MONELLS",
        "price": 2.05,
        "price_kilo": 10.25,
        "slug": "cintas-de-bacon-pack-de-2-unidades",
        "description": "Cintas de Bac\u00f3n Pack de 2 Unidades 2 x 100 Gr",
        "image": "https:\/\/cdn-consum.aktiosdigitalservices.com\/tol\/consum\/media\/product\/img\/300x300\/5948591.jpg?t=20250227090310"
    },
    {
        "id": 5373,
        "name": "Contramuslos de Pollo Deshuesados CONSUM",
        "price": 4.08,
        "price_kilo": 7.39,
        "slug": "contramuslos-de-pollo-deshuesados",
        "description": "Contramuslos de Pollo Deshuesados",
        "image": "https:\/\/cdn-consum.aktiosdigitalservices.com\/tol\/consum\/media\/product\/img\/300x300\/5948997.jpg?t=20241217080959"
    },
    {
        "id": 5377,
        "name": "Galleta Chips Chocolate sin Az\u00facares GULLON ZERO",
        "price": 1.99,
        "price_kilo": 15.92,
        "slug": "galleta-chips-chocolate-sin-azucares",
        "description": "Galleta Chips Chocolate sin Az\u00facares 125 Gr",
        "image": "https:\/\/cdn-consum.aktiosdigitalservices.com\/tol\/consum\/media\/product\/img\/300x300\/6013148.jpg?t=20250312155847"
    },
    {
        "id": 5378,
        "name": "Galletas Fibra sin Az\u00facares GULLON ZERO",
        "price": 1.55,
        "price_kilo": 9.12,
        "slug": "galletas-fibra-sin-azucares",
        "description": "Galletas Fibra sin Az\u00facares 170 Gr",
        "image": "https:\/\/cdn-consum.aktiosdigitalservices.com\/tol\/consum\/media\/product\/img\/300x300\/6013155.jpg?t=20250311103735"
    },
    {
        "id": 5380,
        "name": "Vino Tinto Crianza D.O.Valencia BARON TURIS",
        "price": 2.99,
        "price_kilo": 3.99,
        "slug": "vino-tinto-crianza-dovalencia",
        "description": "Vino Tinto Crianza D.O.Valencia 0,75 L",
        "image": "https:\/\/cdn-consum.aktiosdigitalservices.com\/tol\/consum\/media\/product\/img\/300x300\/7001274.jpg?t=20241217080959"
    },
    {
        "id": 5386,
        "name": "Pamplon\u00e9s y Salchich\u00f3n Extra GOIKOA",
        "price": 3.15,
        "price_kilo": 17.5,
        "slug": "pamplones-y-salchichon-extra",
        "description": "Pamplon\u00e9s y Salchich\u00f3n Extra 2 x 45 Gr",
        "image": "https:\/\/cdn-consum.aktiosdigitalservices.com\/tol\/consum\/media\/product\/img\/300x300\/7002132.jpg?t=20250206090549"
    },
    {
        "id": 5387,
        "name": "Caf\u00e9 Molido Espress VALIENTE",
        "price": 5.55,
        "price_kilo": 22.2,
        "slug": "cafe-molido-espress",
        "description": "Caf\u00e9 Molido Espress 250 Gr",
        "image": "https:\/\/cdn-consum.aktiosdigitalservices.com\/tol\/consum\/media\/product\/img\/300x300\/7002165.jpg?t=20250311103737"
    },
    {
        "id": 5388,
        "name": "Caf\u00e9 Molido Hogar VALIENTE",
        "price": 4.9,
        "price_kilo": 19.6,
        "slug": "cafe-molido-hogar",
        "description": "Caf\u00e9 Molido Hogar 250 Gr",
        "image": "https:\/\/cdn-consum.aktiosdigitalservices.com\/tol\/consum\/media\/product\/img\/300x300\/7002173.jpg?t=20250311103738"
    },
    {
        "id": 5389,
        "name": "Caf\u00e9 100% Colombia Molido VALIENTE",
        "price": 5.4,
        "price_kilo": 21.6,
        "slug": "cafe-100-colombia-molido",
        "description": "Caf\u00e9 100% Colombia Molido 250 Gr",
        "image": "https:\/\/cdn-consum.aktiosdigitalservices.com\/tol\/consum\/media\/product\/img\/300x300\/7002178.jpg?t=20250320075745"
    },
    {
        "id": 5392,
        "name": "Vino Blanco de Mesa Brik ROIXELA",
        "price": 0.9,
        "price_kilo": 0.9,
        "slug": "vino-blanco-de-mesa-brik",
        "description": "Vino Blanco de Mesa Brik 1 L",
        "image": "https:\/\/cdn-consum.aktiosdigitalservices.com\/tol\/consum\/media\/product\/img\/300x300\/7003051.jpg?t=20241217081000"
    },
    {
        "id": 5393,
        "name": "Vino Rosado de Mesa Brik ROIXELA",
        "price": 1.05,
        "price_kilo": 1.05,
        "slug": "vino-rosado-de-mesa-brik",
        "description": "Vino Rosado de Mesa Brik 1 L",
        "image": "https:\/\/cdn-consum.aktiosdigitalservices.com\/tol\/consum\/media\/product\/img\/300x300\/7003069.jpg?t=20241217081000"
    },
    {
        "id": 5394,
        "name": "Vino Tinto de Mesa Brik ROIXELA",
        "price": 1.05,
        "price_kilo": 1.05,
        "slug": "vino-tinto-de-mesa-brik",
        "description": "Vino Tinto de Mesa Brik 1 L",
        "image": "https:\/\/cdn-consum.aktiosdigitalservices.com\/tol\/consum\/media\/product\/img\/300x300\/7003080.jpg?t=20241217081000"
    },
    {
        "id": 5395,
        "name": "Vermut Rojo VIDAL",
        "price": 2.7,
        "price_kilo": 2.7,
        "slug": "vermut-rojo",
        "description": "Vermut Rojo 1 L",
        "image": "https:\/\/cdn-consum.aktiosdigitalservices.com\/tol\/consum\/media\/product\/img\/300x300\/7003192.jpg?t=20241217081000"
    },
    {
        "id": 5396,
        "name": "Filete de Merluza congelada del Cabo Baby PESCANOVA",
        "price": 4.99,
        "price_kilo": 12.48,
        "slug": "filete-de-merluza-congelada-del-cabo-baby",
        "description": "Filete de Merluza congelada del Cabo Baby 400 Gr",
        "image": "https:\/\/cdn-consum.aktiosdigitalservices.com\/tol\/consum\/media\/product\/img\/300x300\/7003346.jpg?t=20250301075723"
    },
    {
        "id": 5397,
        "name": "Acondicionador Cabello Natural ANIAN",
        "price": 1.55,
        "price_kilo": 1.55,
        "slug": "acondicionador-cabello-natural",
        "description": "Acondicionador Cabello Natural 1000 ml",
        "image": "https:\/\/cdn-consum.aktiosdigitalservices.com\/tol\/consum\/media\/product\/img\/300x300\/7003767.jpg?t=20250312092741"
    },
    {
        "id": 5398,
        "name": "Cilantro Bandeja EL DULZE",
        "price": 1.25,
        "price_kilo": 6.25,
        "slug": "cilantro-bandeja",
        "description": "Cilantro Bandeja 20 Gr",
        "image": "https:\/\/cdn-consum.aktiosdigitalservices.com\/tol\/consum\/media\/product\/img\/300x300\/7004138.jpg?t=20241217081000"
    },
    {
        "id": 5400,
        "name": "Preparado L\u00e1cteo Max Crecimiento y Desarrollo PULEVA",
        "price": 1.79,
        "price_kilo": 1.79,
        "slug": "preparado-lacteo-max-crecimiento-y-desarrollo",
        "description": "Preparado L\u00e1cteo Max Crecimiento y Desarrollo 1 L",
        "image": "https:\/\/cdn-consum.aktiosdigitalservices.com\/tol\/consum\/media\/product\/img\/300x300\/7005507.jpg?t=20250311103745"
    },
    {
        "id": 5401,
        "name": "Desodorante Spray Men Dry Impact NIVEA",
        "price": 3.15,
        "price_kilo": 1.58,
        "slug": "desodorante-spray-men-dry-impact",
        "description": "Desodorante Spray Men Dry Impact 200 ml",
        "image": "https:\/\/cdn-consum.aktiosdigitalservices.com\/tol\/consum\/media\/product\/img\/300x300\/7006521.jpg?t=20250206090558"
    },
    {
        "id": 5403,
        "name": "Cereales Fitness Chocolate con Leche NESTLE",
        "price": 4.25,
        "price_kilo": 11.33,
        "slug": "cereales-fitness-chocolate-con-leche",
        "description": "Cereales Fitness Chocolate con Leche 375 Gr",
        "image": "https:\/\/cdn-consum.aktiosdigitalservices.com\/tol\/consum\/media\/product\/img\/300x300\/7006992.jpg?t=20250311103747"
    },
    {
        "id": 5406,
        "name": "Tomate Frito Lata Pack de 3 HIDA",
        "price": 3.25,
        "price_kilo": 6.99,
        "slug": "tomate-frito-lata-pack-de-3",
        "description": "Tomate Frito Lata Pack de 3 3 x 155 Gr",
        "image": "https:\/\/cdn-consum.aktiosdigitalservices.com\/tol\/consum\/media\/product\/img\/300x300\/7008431.jpg?t=20250206090605"
    },
    {
        "id": 5408,
        "name": "Refresco Lim\u00f3n Zero Lata FANTA",
        "price": 0.75,
        "price_kilo": 2.27,
        "slug": "refresco-limon-zero-lata",
        "description": "Refresco Lim\u00f3n Zero Lata 0,33 L",
        "image": "https:\/\/cdn-consum.aktiosdigitalservices.com\/tol\/consum\/media\/product\/img\/300x300\/7009538.jpg?t=20250227090321"
    },
    {
        "id": 5412,
        "name": "Caldo L\u00edquido de Pollo Brik ANETO",
        "price": 4.3,
        "price_kilo": 4.3,
        "slug": "caldo-liquido-de-pollo-brik",
        "description": "Caldo L\u00edquido de Pollo Brik 1 L",
        "image": "https:\/\/cdn-consum.aktiosdigitalservices.com\/tol\/consum\/media\/product\/img\/300x300\/7010135.jpg?t=20250227090323"
    },
    {
        "id": 5413,
        "name": "Activia 00% con Kiwi B\u00edfidus Desnatado P-4 DANONE",
        "price": 2,
        "price_kilo": 4.17,
        "slug": "activia-00-con-kiwi-bifidus-desnatado-p-4",
        "description": "Activia 00% con Kiwi B\u00edfidus Desnatado P-4 4 x 120 Gr",
        "image": "https:\/\/cdn-consum.aktiosdigitalservices.com\/tol\/consum\/media\/product\/img\/300x300\/7010598.jpg?t=20250312125018"
    },
    {
        "id": 5418,
        "name": "Alubia Pinta Cocida Frasco LUENGO",
        "price": 1.59,
        "price_kilo": 3.98,
        "slug": "alubia-pinta-cocida-frasco",
        "description": "Alubia Pinta Cocida Frasco 400 Gr",
        "image": "https:\/\/cdn-consum.aktiosdigitalservices.com\/tol\/consum\/media\/product\/img\/300x300\/7012565.jpg?t=20241217081000"
    },
    {
        "id": 5419,
        "name": "Pi\u00f1a en su Jugo PELLI",
        "price": 1.95,
        "price_kilo": 3.98,
        "slug": "pina-en-su-jugo",
        "description": "Pi\u00f1a en su Jugo 490 Gr",
        "image": "https:\/\/cdn-consum.aktiosdigitalservices.com\/tol\/consum\/media\/product\/img\/300x300\/7014959.jpg?t=20250311133104"
    },
    {
        "id": 5420,
        "name": "Confitura Tomate HERO",
        "price": 2.49,
        "price_kilo": 7.22,
        "slug": "confitura-tomate",
        "description": "Confitura Tomate 345 Gr",
        "image": "https:\/\/cdn-consum.aktiosdigitalservices.com\/tol\/consum\/media\/product\/img\/300x300\/7014967.jpg?t=20250311103754"
    },
    {
        "id": 5422,
        "name": "T\u00f3nica Lata NORDIC MIST",
        "price": 0.65,
        "price_kilo": 2.6,
        "slug": "tonica-lata",
        "description": "T\u00f3nica Lata 0,25 L",
        "image": "https:\/\/cdn-consum.aktiosdigitalservices.com\/tol\/consum\/media\/product\/img\/300x300\/7015407.jpg?t=20250212075817"
    },
    {
        "id": 5423,
        "name": "Vino Tinto Garrafa VI\u00d1A CORBA",
        "price": 2.7,
        "price_kilo": 1.35,
        "slug": "vino-tinto-garrafa",
        "description": "Vino Tinto Garrafa 2 L",
        "image": "https:\/\/cdn-consum.aktiosdigitalservices.com\/tol\/consum\/media\/product\/img\/300x300\/7015480.jpg?t=20250211075816"
    },
    {
        "id": 5432,
        "name": "Bebida de Soja Brik ALPRO",
        "price": 1.99,
        "price_kilo": 1.99,
        "slug": "bebida-de-soja-brik",
        "description": "Bebida de Soja Brik 1 L",
        "image": "https:\/\/cdn-consum.aktiosdigitalservices.com\/tol\/consum\/media\/product\/img\/300x300\/7017382.jpg?t=20250313075944"
    },
    {
        "id": 5433,
        "name": "Mantequilla  Ligera Tarrina ASTURIANA",
        "price": 3.65,
        "price_kilo": 14.6,
        "slug": "mantequilla-ligera-tarrina",
        "description": "Mantequilla  Ligera Tarrina 250 Gr",
        "image": "https:\/\/cdn-consum.aktiosdigitalservices.com\/tol\/consum\/media\/product\/img\/300x300\/7017390.jpg?t=20241217081001"
    },
    {
        "id": 5435,
        "name": "Chuleta de Aguja CONSUM",
        "price": 4.18,
        "price_kilo": 6.39,
        "slug": "chuleta-de-aguja",
        "description": "Chuleta de Aguja",
        "image": "https:\/\/cdn-consum.aktiosdigitalservices.com\/tol\/consum\/media\/product\/img\/300x300\/7018893.jpg?t=20241231075739"
    },
    {
        "id": 5436,
        "name": "Danacol Beber Fresa 0% Az\u00facares A\u00f1adidos DANONE",
        "price": 3.69,
        "price_kilo": 6.15,
        "slug": "danacol-beber-fresa-0-azucares-anadidos",
        "description": "Danacol Beber Fresa 0% Az\u00facares A\u00f1adidos 6 x 100 Gr",
        "image": "https:\/\/cdn-consum.aktiosdigitalservices.com\/tol\/consum\/media\/product\/img\/300x300\/7018914.jpg?t=20250227090335"
    },
    {
        "id": 5438,
        "name": "Caf\u00e9 Soluble Natural 10 Sobres NESCAFE",
        "price": 1.5,
        "price_kilo": 7.5,
        "slug": "cafe-soluble-natural-10-sobres",
        "description": "Caf\u00e9 Soluble Natural 10 Sobres 20 Gr",
        "image": "https:\/\/cdn-consum.aktiosdigitalservices.com\/tol\/consum\/media\/product\/img\/300x300\/7019037.jpg?t=20250311133106"
    },
    {
        "id": 5439,
        "name": "Cerveza Shandy Lata. CRUZCAMPO",
        "price": 0.68,
        "price_kilo": 2.06,
        "slug": "cerveza-shandy-lata",
        "description": "Cerveza Shandy Lata. 0,33 L",
        "image": "https:\/\/cdn-consum.aktiosdigitalservices.com\/tol\/consum\/media\/product\/img\/300x300\/7019607.jpg?t=20250312155858"
    },
    {
        "id": 5440,
        "name": "Vino Blanco D.O.Utiel-Requena V.ENTERIZO",
        "price": 2.2,
        "price_kilo": 2.93,
        "slug": "vino-blanco-doutiel-requena",
        "description": "Vino Blanco D.O.Utiel-Requena 0,75 L",
        "image": "https:\/\/cdn-consum.aktiosdigitalservices.com\/tol\/consum\/media\/product\/img\/300x300\/7019636.jpg?t=20250227090339"
    },
    {
        "id": 5443,
        "name": "Apetinas K\u00e9tchup Bolsa TOSFRIT",
        "price": 1.29,
        "price_kilo": 14.33,
        "slug": "apetinas-ketchup-bolsa",
        "description": "Apetinas K\u00e9tchup Bolsa 90 Gr",
        "image": "https:\/\/cdn-consum.aktiosdigitalservices.com\/tol\/consum\/media\/product\/img\/300x300\/7020142.jpg?t=20250320075752"
    },
    {
        "id": 5445,
        "name": "Infusi\u00f3n Digestive Plus 20 Bolsitas POMPADOUR",
        "price": 2.35,
        "price_kilo": 0.12,
        "slug": "infusion-digestive-plus-20-bolsitas",
        "description": "Infusi\u00f3n Digestive Plus 20 Bolsitas 20 U",
        "image": "https:\/\/cdn-consum.aktiosdigitalservices.com\/tol\/consum\/media\/product\/img\/300x300\/7020373.jpg?t=20250311103810"
    },
    {
        "id": 5447,
        "name": "Patatas Fritas Lisas Artesanas Bolsa Papel SANTA ANA",
        "price": 2.66,
        "price_kilo": 9.85,
        "slug": "patatas-fritas-lisas-artesanas-bolsa-papel",
        "description": "Patatas Fritas Lisas Artesanas Bolsa Papel 2 x 135 Gr",
        "image": "https:\/\/cdn-consum.aktiosdigitalservices.com\/tol\/consum\/media\/product\/img\/300x300\/7020659.jpg?t=20250313075949"
    },
    {
        "id": 5448,
        "name": "Arroz Basmati Vaso Pack de 2 BRILLANTE",
        "price": 1.34,
        "price_kilo": 5.36,
        "slug": "arroz-basmati-vaso-pack-de-2",
        "description": "Arroz Basmati Vaso Pack de 2 2 x 125 Gr",
        "image": "https:\/\/cdn-consum.aktiosdigitalservices.com\/tol\/consum\/media\/product\/img\/300x300\/7020662.jpg?t=20250312092741"
    },
    {
        "id": 5450,
        "name": "Chicle Grageado Sabor Hierbabuena TRIDENT",
        "price": 1,
        "price_kilo": 7.14,
        "slug": "chicle-grageado-sabor-hierbabuena",
        "description": "Chicle Grageado Sabor Hierbabuena 14 Gr",
        "image": "https:\/\/cdn-consum.aktiosdigitalservices.com\/tol\/consum\/media\/product\/img\/300x300\/7021256.jpg?t=20250311124048"
    },
    {
        "id": 5451,
        "name": "Lenteja Pardina LUENGO",
        "price": 1.75,
        "price_kilo": 3.5,
        "slug": "lenteja-pardina",
        "description": "Lenteja Pardina 500 Gr",
        "image": "https:\/\/cdn-consum.aktiosdigitalservices.com\/tol\/consum\/media\/product\/img\/300x300\/7022460.jpg?t=20250227090348"
    },
    {
        "id": 5452,
        "name": "Moscatel SOL MEDITERR",
        "price": 3.6,
        "price_kilo": 4.8,
        "slug": "moscatel",
        "description": "Moscatel 0,75 L",
        "image": "https:\/\/cdn-consum.aktiosdigitalservices.com\/tol\/consum\/media\/product\/img\/300x300\/7022478.jpg?t=20241217081002"
    },
    {
        "id": 5453,
        "name": "Bebida de Soja con chocolate VIVESOY",
        "price": 2,
        "price_kilo": 2,
        "slug": "bebida-de-soja-con-chocolate",
        "description": "Bebida de Soja con chocolate 1 L",
        "image": "https:\/\/cdn-consum.aktiosdigitalservices.com\/tol\/consum\/media\/product\/img\/300x300\/7022494.jpg?t=20250313075953"
    },
    {
        "id": 5455,
        "name": "Rosquilletas con Pipas Artesanas VELARTE",
        "price": 0.95,
        "price_kilo": 11.88,
        "slug": "rosquilletas-con-pipas-artesanas",
        "description": "Rosquilletas con Pipas Artesanas 80 Gr",
        "image": "https:\/\/cdn-consum.aktiosdigitalservices.com\/tol\/consum\/media\/product\/img\/300x300\/7022648.jpg?t=20250311103829"
    },
    {
        "id": 5457,
        "name": "Arroz Largo CONSUM",
        "price": 1.41,
        "price_kilo": 1.41,
        "slug": "arroz-largo",
        "description": "Arroz Largo 1 Kg",
        "image": "https:\/\/cdn-consum.aktiosdigitalservices.com\/tol\/consum\/media\/product\/img\/300x300\/7022754.jpg?t=20250103080251"
    },
    {
        "id": 5458,
        "name": "Arroz Categor\u00eda Extra Origen Espa\u00f1a CONSUM",
        "price": 1.36,
        "price_kilo": 1.36,
        "slug": "arroz-categoria-extra-origen-espana",
        "description": "Arroz Categor\u00eda Extra Origen Espa\u00f1a 1 Kg",
        "image": "https:\/\/cdn-consum.aktiosdigitalservices.com\/tol\/consum\/media\/product\/img\/300x300\/7022762.jpg?t=20250103080253"
    },
    {
        "id": 5459,
        "name": "Jam\u00f3n Curado NAVIDUL",
        "price": 3.79,
        "price_kilo": 27.46,
        "slug": "jamon-curado",
        "description": "Jam\u00f3n Curado 138 Gr",
        "image": "https:\/\/cdn-consum.aktiosdigitalservices.com\/tol\/consum\/media\/product\/img\/300x300\/7023047.jpg?t=20250206090641"
    },
    {
        "id": 5463,
        "name": "Lasa\u00f1a F\u00e1cil Precocida Caja 18 Placas EL PAVO",
        "price": 1.49,
        "price_kilo": 7.45,
        "slug": "lasana-facil-precocida-caja-18-placas",
        "description": "Lasa\u00f1a F\u00e1cil Precocida Caja 18 Placas 200 Gr",
        "image": "https:\/\/cdn-consum.aktiosdigitalservices.com\/tol\/consum\/media\/product\/img\/300x300\/7024578.jpg?t=20250312092741"
    },
    {
        "id": 5464,
        "name": "Vino Blanco de Mesa Pack de 3 Unidades DON SIMON",
        "price": 1.5,
        "price_kilo": 2.67,
        "slug": "vino-blanco-de-mesa-pack-de-3-unidades",
        "description": "Vino Blanco de Mesa Pack de 3 Unidades 3 x 0,2 L",
        "image": "https:\/\/cdn-consum.aktiosdigitalservices.com\/tol\/consum\/media\/product\/img\/300x300\/7025042.jpg?t=20241217081002"
    },
    {
        "id": 5466,
        "name": "Vino Tinto Crianza D.O.Ribera del Duero DEHES.VIEJAS",
        "price": 4.5,
        "price_kilo": 6,
        "slug": "vino-tinto-crianza-doribera-del-duero",
        "description": "Vino Tinto Crianza D.O.Ribera del Duero 0,75 L",
        "image": "https:\/\/cdn-consum.aktiosdigitalservices.com\/tol\/consum\/media\/product\/img\/300x300\/7025062.jpg?t=20250311164535"
    },
    {
        "id": 5467,
        "name": "Tinte N\u00ba6 Rubio Oscuro LLONGUERAS",
        "price": 7.49,
        "price_kilo": 7.49,
        "slug": "tinte-n6-rubio-oscuro",
        "description": "Tinte N\u00ba6 Rubio Oscuro 1 U",
        "image": "https:\/\/cdn-consum.aktiosdigitalservices.com\/tol\/consum\/media\/product\/img\/300x300\/7025083.jpg?t=20250304104806"
    },
    {
        "id": 5469,
        "name": "Tarrina de Vainilla 1 Litro CONSUM",
        "price": 2.4,
        "price_kilo": 4.85,
        "slug": "tarrina-de-vainilla-1-litro",
        "description": "Tarrina de Vainilla 1 Litro 495 Gr",
        "image": "https:\/\/cdn-consum.aktiosdigitalservices.com\/tol\/consum\/media\/product\/img\/300x300\/7025187.jpg?t=20250120075639"
    },
    {
        "id": 5470,
        "name": "Tinte N\u00ba5 Casta\u00f1o Claro LLONGUERAS",
        "price": 7.49,
        "price_kilo": 7.49,
        "slug": "tinte-n5-castano-claro",
        "description": "Tinte N\u00ba5 Casta\u00f1o Claro 1 U",
        "image": "https:\/\/cdn-consum.aktiosdigitalservices.com\/tol\/consum\/media\/product\/img\/300x300\/7025240.jpg?t=20250311164535"
    },
    {
        "id": 5472,
        "name": "Tinte N\u00ba7 Rubio Medio LLONGUERAS",
        "price": 7.49,
        "price_kilo": 7.49,
        "slug": "tinte-n7-rubio-medio",
        "description": "Tinte N\u00ba7 Rubio Medio 1 U",
        "image": "https:\/\/cdn-consum.aktiosdigitalservices.com\/tol\/consum\/media\/product\/img\/300x300\/7025302.jpg?t=20250304104811"
    },
    {
        "id": 5473,
        "name": "Tinte N\u00ba8.3 Rubio LLONGUERAS",
        "price": 7.49,
        "price_kilo": 7.49,
        "slug": "tinte-n83-rubio",
        "description": "Tinte N\u00ba8.3 Rubio 1 U",
        "image": "https:\/\/cdn-consum.aktiosdigitalservices.com\/tol\/consum\/media\/product\/img\/300x300\/7025310.jpg?t=20250304104813"
    },
    {
        "id": 5483,
        "name": "Seda Dental Menta ORAL B",
        "price": 3.95,
        "price_kilo": 3.95,
        "slug": "seda-dental-menta",
        "description": "Seda Dental Menta 1 U",
        "image": "https:\/\/cdn-consum.aktiosdigitalservices.com\/tol\/consum\/media\/product\/img\/300x300\/7026714.jpg?t=20241217081002"
    },
    {
        "id": 5485,
        "name": "Cepillo Dental 360\u00ba Filamento Medio COLGATE",
        "price": 3.99,
        "price_kilo": 3.99,
        "slug": "cepillo-dental-360-filamento-medio",
        "description": "Cepillo Dental 360\u00ba Filamento Medio 1 U",
        "image": "https:\/\/cdn-consum.aktiosdigitalservices.com\/tol\/consum\/media\/product\/img\/300x300\/7026735.jpg?t=20250312155902"
    },
    {
        "id": 5486,
        "name": "Agua Mineral Natural Botella FONT VELLA",
        "price": 0.69,
        "price_kilo": 0.69,
        "slug": "agua-mineral-natural-botella",
        "description": "Agua Mineral Natural Botella 1 L",
        "image": "https:\/\/cdn-consum.aktiosdigitalservices.com\/tol\/consum\/media\/product\/img\/300x300\/7027063.jpg?t=20250312092741"
    },
    {
        "id": 5488,
        "name": "Refresco Cola Light Bipack Indivisible COCA-COLA",
        "price": 3.72,
        "price_kilo": 0.93,
        "slug": "refresco-cola-light-bipack-indivisible",
        "description": "Refresco Cola Light Bipack Indivisible 2 x 2 L",
        "image": "https:\/\/cdn-consum.aktiosdigitalservices.com\/tol\/consum\/media\/product\/img\/300x300\/7027493.jpg?t=20250227090404"
    },
    {
        "id": 5489,
        "name": "Tomate Troceado Lata CONSUM",
        "price": 1.35,
        "price_kilo": 1.73,
        "slug": "tomate-troceado-lata",
        "description": "Tomate Troceado Lata 780 Gr",
        "image": "https:\/\/cdn-consum.aktiosdigitalservices.com\/tol\/consum\/media\/product\/img\/300x300\/7027717.jpg?t=20250312092741"
    },
    {
        "id": 5490,
        "name": "Tomate Troceado Lata CONSUM",
        "price": 0.8,
        "price_kilo": 2,
        "slug": "tomate-troceado-lata",
        "description": "Tomate Troceado Lata 400 Gr",
        "image": "https:\/\/cdn-consum.aktiosdigitalservices.com\/tol\/consum\/media\/product\/img\/300x300\/7027720.jpg?t=20241217081003"
    },
    {
        "id": 5491,
        "name": "Pizza Carne con Salsa Barbacoa CAMPOFR\u00cdO",
        "price": 2.89,
        "price_kilo": 7.05,
        "slug": "pizza-carne-con-salsa-barbacoa",
        "description": "Pizza Carne con Salsa Barbacoa 410 Gr",
        "image": "https:\/\/cdn-consum.aktiosdigitalservices.com\/tol\/consum\/media\/product\/img\/300x300\/7027972.jpg?t=20250204080135"
    },
    {
        "id": 5493,
        "name": "Miel Milflores Frasco CONSUM",
        "price": 4.4,
        "price_kilo": 4.4,
        "slug": "miel-milflores-frasco",
        "description": "Miel Milflores Frasco 1 Kg",
        "image": "https:\/\/cdn-consum.aktiosdigitalservices.com\/tol\/consum\/media\/product\/img\/300x300\/7028251.jpg?t=20250311103839"
    },
    {
        "id": 5495,
        "name": "Miel Milflores Dosificador CONSUM",
        "price": 2.95,
        "price_kilo": 5.9,
        "slug": "miel-milflores-dosificador",
        "description": "Miel Milflores Dosificador 500 Gr",
        "image": "https:\/\/cdn-consum.aktiosdigitalservices.com\/tol\/consum\/media\/product\/img\/300x300\/7028280.jpg?t=20250311103842"
    },
    {
        "id": 5496,
        "name": "Patatas Prefritas Corte Grueso congeladas CONSUM",
        "price": 1.99,
        "price_kilo": 1.99,
        "slug": "patatas-prefritas-corte-grueso-congeladas",
        "description": "Patatas Prefritas Corte Grueso congeladas 1 Kg",
        "image": "https:\/\/cdn-consum.aktiosdigitalservices.com\/tol\/consum\/media\/product\/img\/300x300\/7028475.jpg?t=20250103080301"
    },
    {
        "id": 5497,
        "name": "Tomate Triturado Lata CONSUM",
        "price": 0.65,
        "price_kilo": 1.63,
        "slug": "tomate-triturado-lata",
        "description": "Tomate Triturado Lata 400 Gr",
        "image": "https:\/\/cdn-consum.aktiosdigitalservices.com\/tol\/consum\/media\/product\/img\/300x300\/7029205.jpg?t=20241217081003"
    },
    {
        "id": 5498,
        "name": "Tomate Triturado Lata CONSUM",
        "price": 0.98,
        "price_kilo": 1.23,
        "slug": "tomate-triturado-lata",
        "description": "Tomate Triturado Lata 800 Gr",
        "image": "https:\/\/cdn-consum.aktiosdigitalservices.com\/tol\/consum\/media\/product\/img\/300x300\/7029213.jpg?t=20250312092741"
    },
    {
        "id": 5499,
        "name": "Tomate Frito Frasco CONSUM",
        "price": 0.9,
        "price_kilo": 1.64,
        "slug": "tomate-frito-frasco",
        "description": "Tomate Frito Frasco 550 Gr",
        "image": "https:\/\/cdn-consum.aktiosdigitalservices.com\/tol\/consum\/media\/product\/img\/300x300\/7029218.jpg?t=20250312092741"
    },
    {
        "id": 5500,
        "name": "Tomate Frito Estilo Casero CONSUM",
        "price": 1.69,
        "price_kilo": 5.63,
        "slug": "tomate-frito-estilo-casero",
        "description": "Tomate Frito Estilo Casero 300 Gr",
        "image": "https:\/\/cdn-consum.aktiosdigitalservices.com\/tol\/consum\/media\/product\/img\/300x300\/7029234.jpg?t=20241217081003"
    },
    {
        "id": 5507,
        "name": "Compresas Incontinencia Mini INDASEC",
        "price": 3.69,
        "price_kilo": 0.18,
        "slug": "compresas-incontinencia-mini",
        "description": "Compresas Incontinencia Mini 20 U",
        "image": "https:\/\/cdn-consum.aktiosdigitalservices.com\/tol\/consum\/media\/product\/img\/300x300\/7031680.jpg?t=20250314121349"
    },
    {
        "id": 5508,
        "name": "Pa\u00f1al Adulto Talla M 80-125 cm INDASLIP",
        "price": 13.55,
        "price_kilo": 0.68,
        "slug": "panal-adulto-talla-m-80-125-cm",
        "description": "Pa\u00f1al Adulto Talla M 80-125 cm 20 U",
        "image": "https:\/\/cdn-consum.aktiosdigitalservices.com\/tol\/consum\/media\/product\/img\/300x300\/7031698.jpg?t=20241217081003"
    },
    {
        "id": 5509,
        "name": "Activia Soja Mango y Papaya P-4 ud. DANONE",
        "price": 2,
        "price_kilo": 4.17,
        "slug": "activia-soja-mango-y-papaya-p-4-ud",
        "description": "Activia Soja Mango y Papaya P-4 ud. 4 x 120 Gr",
        "image": "https:\/\/cdn-consum.aktiosdigitalservices.com\/tol\/consum\/media\/product\/img\/300x300\/7031974.jpg?t=20250312125031"
    },
    {
        "id": 5513,
        "name": "Gaseosa Botella CONSUM",
        "price": 0.5,
        "price_kilo": 0.33,
        "slug": "gaseosa-botella",
        "description": "Gaseosa Botella 1,5 L",
        "image": "https:\/\/cdn-consum.aktiosdigitalservices.com\/tol\/consum\/media\/product\/img\/300x300\/7032639.jpg?t=20241217081003"
    },
    {
        "id": 5514,
        "name": "Gaseosa Botella CONSUM",
        "price": 0.32,
        "price_kilo": 0.64,
        "slug": "gaseosa-botella",
        "description": "Gaseosa Botella 0,5 L",
        "image": "https:\/\/cdn-consum.aktiosdigitalservices.com\/tol\/consum\/media\/product\/img\/300x300\/7032642.jpg?t=20241217081003"
    },
    {
        "id": 5515,
        "name": "Galletas Mar\u00eda Pack de 4 CONSUM",
        "price": 1.45,
        "price_kilo": 1.81,
        "slug": "galletas-maria-pack-de-4",
        "description": "Galletas Mar\u00eda Pack de 4 4 x 200 Gr",
        "image": "https:\/\/cdn-consum.aktiosdigitalservices.com\/tol\/consum\/media\/product\/img\/300x300\/7033202.jpg?t=20250311133111"
    },
    {
        "id": 5516,
        "name": "Galletas Doradas Pack de 4 CONSUM",
        "price": 1.45,
        "price_kilo": 1.81,
        "slug": "galletas-doradas-pack-de-4",
        "description": "Galletas Doradas Pack de 4 4 x 200 Gr",
        "image": "https:\/\/cdn-consum.aktiosdigitalservices.com\/tol\/consum\/media\/product\/img\/300x300\/7033207.jpg?t=20250312092741"
    },
    {
        "id": 5517,
        "name": "Galletas Tostadas Pack de 4 CONSUM",
        "price": 1.45,
        "price_kilo": 1.81,
        "slug": "galletas-tostadas-pack-de-4",
        "description": "Galletas Tostadas Pack de 4 4 x 200 Gr",
        "image": "https:\/\/cdn-consum.aktiosdigitalservices.com\/tol\/consum\/media\/product\/img\/300x300\/7033210.jpg?t=20250311133116"
    },
    {
        "id": 5518,
        "name": "Galleta Maria Integral CONSUM",
        "price": 1.45,
        "price_kilo": 1.81,
        "slug": "galleta-maria-integral",
        "description": "Galleta Maria Integral 800 Gr",
        "image": "https:\/\/cdn-consum.aktiosdigitalservices.com\/tol\/consum\/media\/product\/img\/300x300\/7033215.jpg?t=20250312092741"
    },
    {
        "id": 5519,
        "name": "Mega Sandwich Rellena Chocolate CONSUM",
        "price": 1.25,
        "price_kilo": 2.5,
        "slug": "mega-sandwich-rellena-chocolate",
        "description": "Mega Sandwich Rellena Chocolate 500 Gr",
        "image": "https:\/\/cdn-consum.aktiosdigitalservices.com\/tol\/consum\/media\/product\/img\/300x300\/7033223.jpg?t=20250311103855"
    },
    {
        "id": 5524,
        "name": "Zumo Manzana Concentrado Brik CONSUM",
        "price": 0.8,
        "price_kilo": 0.8,
        "slug": "zumo-manzana-concentrado-brik",
        "description": "Zumo Manzana Concentrado Brik 1 L",
        "image": "https:\/\/cdn-consum.aktiosdigitalservices.com\/tol\/consum\/media\/product\/img\/300x300\/7033368.jpg?t=20250312155906"
    },
    {
        "id": 5525,
        "name": "Zumo Uva,Melocot\u00f3n y Manzana Brik CONSUM",
        "price": 1,
        "price_kilo": 1,
        "slug": "zumo-uvamelocoton-y-manzana-brik",
        "description": "Zumo Uva,Melocot\u00f3n y Manzana Brik 1 L",
        "image": "https:\/\/cdn-consum.aktiosdigitalservices.com\/tol\/consum\/media\/product\/img\/300x300\/7033371.jpg?t=20241217081003"
    },
    {
        "id": 5526,
        "name": "Zumo Naranja-Mandarina Concentrado Brik CONSUM",
        "price": 1.49,
        "price_kilo": 1.49,
        "slug": "zumo-naranja-mandarina-concentrado-brik",
        "description": "Zumo Naranja-Mandarina Concentrado Brik 1 L",
        "image": "https:\/\/cdn-consum.aktiosdigitalservices.com\/tol\/consum\/media\/product\/img\/300x300\/7033376.jpg?t=20250121075942"
    },
    {
        "id": 5527,
        "name": "Zumo Pi\u00f1a,Uva, Manzana Concentrado Brik CONSUM",
        "price": 1,
        "price_kilo": 1,
        "slug": "zumo-pinauva-manzana-concentrado-brik",
        "description": "Zumo Pi\u00f1a,Uva, Manzana Concentrado Brik 1 L",
        "image": "https:\/\/cdn-consum.aktiosdigitalservices.com\/tol\/consum\/media\/product\/img\/300x300\/7033384.jpg?t=20250205075924"
    },
    {
        "id": 5528,
        "name": "Aceitunas Negras Hueso Lata CONSUM",
        "price": 1.25,
        "price_kilo": 6.76,
        "slug": "aceitunas-negras-hueso-lata",
        "description": "Aceitunas Negras Hueso Lata 185 Gr",
        "image": "https:\/\/cdn-consum.aktiosdigitalservices.com\/tol\/consum\/media\/product\/img\/300x300\/7034049.jpg?t=20241217081003"
    },
    {
        "id": 5529,
        "name": "Aceitunas Negras sin Hueso  Lata CONSUM",
        "price": 1.19,
        "price_kilo": 7.93,
        "slug": "aceitunas-negras-sin-hueso-lata",
        "description": "Aceitunas Negras sin Hueso  Lata 150 Gr",
        "image": "https:\/\/cdn-consum.aktiosdigitalservices.com\/tol\/consum\/media\/product\/img\/300x300\/7034051.jpg?t=20250312092742"
    },
    {
        "id": 5530,
        "name": "Aceitunas Rellenas de Anchoas CONSUM",
        "price": 1.15,
        "price_kilo": 7.67,
        "slug": "aceitunas-rellenas-de-anchoas",
        "description": "Aceitunas Rellenas de Anchoas 150 Gr",
        "image": "https:\/\/cdn-consum.aktiosdigitalservices.com\/tol\/consum\/media\/product\/img\/300x300\/7034056.jpg?t=20250318075904"
    },
    {
        "id": 5532,
        "name": "Aceitunas Rellenas de Anchoas Pack de 3 CONSUM",
        "price": 1.9,
        "price_kilo": 12.67,
        "slug": "aceitunas-rellenas-de-anchoas-pack-de-3",
        "description": "Aceitunas Rellenas de Anchoas Pack de 3 3 x 50 Gr",
        "image": "https:\/\/cdn-consum.aktiosdigitalservices.com\/tol\/consum\/media\/product\/img\/300x300\/7034114.jpg?t=20250213075833"
    },
    {
        "id": 5534,
        "name": "Cacahuetes con C\u00e1scara Tostados con Sal Bolsa CONSUM",
        "price": 0.99,
        "price_kilo": 3.96,
        "slug": "cacahuetes-con-cascara-tostados-con-sal-bolsa",
        "description": "Cacahuetes con C\u00e1scara Tostados con Sal Bolsa 250 Gr",
        "image": "https:\/\/cdn-consum.aktiosdigitalservices.com\/tol\/consum\/media\/product\/img\/300x300\/7034270.jpg?t=20250128075807"
    },
    {
        "id": 5535,
        "name": "Pipas Tostadas con Sal Bolsa CONSUM",
        "price": 1.45,
        "price_kilo": 5.8,
        "slug": "pipas-tostadas-con-sal-bolsa",
        "description": "Pipas Tostadas con Sal Bolsa 250 Gr",
        "image": "https:\/\/cdn-consum.aktiosdigitalservices.com\/tol\/consum\/media\/product\/img\/300x300\/7034291.jpg?t=20241217081003"
    },
    {
        "id": 5537,
        "name": "Queso Fresco Pack de 4 Unidades CONSUM",
        "price": 1.09,
        "price_kilo": 4.36,
        "slug": "queso-fresco-pack-de-4-unidades",
        "description": "Queso Fresco Pack de 4 Unidades 4 x 62,5 Gr",
        "image": "https:\/\/cdn-consum.aktiosdigitalservices.com\/tol\/consum\/media\/product\/img\/300x300\/7034395.jpg?t=20250103080303"
    },
    {
        "id": 5539,
        "name": "Queso Fresco 0% Pack de 4 Unidades CONSUM",
        "price": 1.09,
        "price_kilo": 4.36,
        "slug": "queso-fresco-0-pack-de-4-unidades",
        "description": "Queso Fresco 0% Pack de 4 Unidades 4 x 62,5 Gr",
        "image": "https:\/\/cdn-consum.aktiosdigitalservices.com\/tol\/consum\/media\/product\/img\/300x300\/7034523.jpg?t=20250211080553"
    },
    {
        "id": 5540,
        "name": "T\u00e9 25 Bolsitas POMPADOUR",
        "price": 2.15,
        "price_kilo": 0.09,
        "slug": "te-25-bolsitas",
        "description": "T\u00e9 25 Bolsitas 25 U",
        "image": "https:\/\/cdn-consum.aktiosdigitalservices.com\/tol\/consum\/media\/product\/img\/300x300\/7034754.jpg?t=20250311103858"
    },
    {
        "id": 5542,
        "name": "Esp\u00e1rragos Extra 8\/12 Piezas  Frasco CONSUM",
        "price": 1.95,
        "price_kilo": 9.51,
        "slug": "esparragos-extra-8-12-piezas-frasco",
        "description": "Esp\u00e1rragos Extra 8\/12 Piezas  Frasco 205 Gr",
        "image": "https:\/\/cdn-consum.aktiosdigitalservices.com\/tol\/consum\/media\/product\/img\/300x300\/7035566.jpg?t=20241217081004"
    },
    {
        "id": 5543,
        "name": "Champi\u00f1ones Laminados Lata CONSUM",
        "price": 1,
        "price_kilo": 5.41,
        "slug": "champinones-laminados-lata",
        "description": "Champi\u00f1ones Laminados Lata 185 Gr",
        "image": "https:\/\/cdn-consum.aktiosdigitalservices.com\/tol\/consum\/media\/product\/img\/300x300\/7035587.jpg?t=20241217081004"
    },
    {
        "id": 5544,
        "name": "Vino Tinto Crianza D.O.Mancha ESTOLA",
        "price": 3.39,
        "price_kilo": 4.52,
        "slug": "vino-tinto-crianza-domancha",
        "description": "Vino Tinto Crianza D.O.Mancha 0,75 L",
        "image": "https:\/\/cdn-consum.aktiosdigitalservices.com\/tol\/consum\/media\/product\/img\/300x300\/7035595.jpg?t=20241217081004"
    },
    {
        "id": 5548,
        "name": "Queso Rallado Emmental CONSUM",
        "price": 1.73,
        "price_kilo": 8.65,
        "slug": "queso-rallado-emmental",
        "description": "Queso Rallado Emmental 200 Gr",
        "image": "https:\/\/cdn-consum.aktiosdigitalservices.com\/tol\/consum\/media\/product\/img\/300x300\/7036150.jpg?t=20250103080310"
    },
    {
        "id": 5549,
        "name": "Mozzarella Rallada Especial Pizza CONSUM",
        "price": 1.62,
        "price_kilo": 8.1,
        "slug": "mozzarella-rallada-especial-pizza",
        "description": "Mozzarella Rallada Especial Pizza 200 Gr",
        "image": "https:\/\/cdn-consum.aktiosdigitalservices.com\/tol\/consum\/media\/product\/img\/300x300\/7036155.jpg?t=20250103080313"
    },
    {
        "id": 5550,
        "name": "Carpaccio Marinado ROLER",
        "price": 3.85,
        "price_kilo": 35,
        "slug": "carpaccio-marinado",
        "description": "Carpaccio Marinado 110 Gr",
        "image": "https:\/\/cdn-consum.aktiosdigitalservices.com\/tol\/consum\/media\/product\/img\/300x300\/7036218.jpg?t=20250318080932"
    },
    {
        "id": 5551,
        "name": "Champ\u00fa Ultra Suave Ni\u00f1os GARNIER",
        "price": 2.95,
        "price_kilo": 0.74,
        "slug": "champu-ultra-suave-ninos",
        "description": "Champ\u00fa Ultra Suave Ni\u00f1os 400 ml",
        "image": "https:\/\/cdn-consum.aktiosdigitalservices.com\/tol\/consum\/media\/product\/img\/300x300\/7036262.jpg?t=20250227090411"
    },
    {
        "id": 5553,
        "name": "Vino Tinto Joven D.O. Utiel Requena EL MIRACLE",
        "price": 4.99,
        "price_kilo": 6.65,
        "slug": "vino-tinto-joven-do-utiel-requena",
        "description": "Vino Tinto Joven D.O. Utiel Requena 0,75 L",
        "image": "https:\/\/cdn-consum.aktiosdigitalservices.com\/tol\/consum\/media\/product\/img\/300x300\/7036288.jpg?t=20250227090412"
    },
    {
        "id": 5558,
        "name": "Danet de Vainilla. Natillas Pack de 4 Und. DANONE",
        "price": 1.99,
        "price_kilo": 4.15,
        "slug": "danet-de-vainilla-natillas-pack-de-4-und",
        "description": "Danet de Vainilla. Natillas Pack de 4 Und. 4 x 120 Gr",
        "image": "https:\/\/cdn-consum.aktiosdigitalservices.com\/tol\/consum\/media\/product\/img\/300x300\/7037109.jpg?t=20241223075814"
    },
    {
        "id": 5559,
        "name": "Dulce de Membrillo Tarrina CONSUM",
        "price": 1.42,
        "price_kilo": 3.55,
        "slug": "dulce-de-membrillo-tarrina",
        "description": "Dulce de Membrillo Tarrina 2 x 200 Gr",
        "image": "https:\/\/cdn-consum.aktiosdigitalservices.com\/tol\/consum\/media\/product\/img\/300x300\/7037125.jpg?t=20250311103900"
    },
    {
        "id": 5564,
        "name": "Nata para Cocinar Espesa Botella PRESIDENT",
        "price": 3.89,
        "price_kilo": 7.78,
        "slug": "nata-para-cocinar-espesa-botella",
        "description": "Nata para Cocinar Espesa Botella 500 ml",
        "image": "https:\/\/cdn-consum.aktiosdigitalservices.com\/tol\/consum\/media\/product\/img\/300x300\/7041762.jpg?t=20250311103907"
    },
    {
        "id": 5565,
        "name": "Lenteja Cocida Pardina Frasco LUENGO",
        "price": 1.3,
        "price_kilo": 3.25,
        "slug": "lenteja-cocida-pardina-frasco",
        "description": "Lenteja Cocida Pardina Frasco 400 Gr",
        "image": "https:\/\/cdn-consum.aktiosdigitalservices.com\/tol\/consum\/media\/product\/img\/300x300\/7042000.jpg?t=20250206090727"
    },
    {
        "id": 5566,
        "name": "Rollo Multiusos Tornado Azul FOXY",
        "price": 3.99,
        "price_kilo": 3.99,
        "slug": "rollo-multiusos-tornado-azul",
        "description": "Rollo Multiusos Tornado Azul 1 U",
        "image": "https:\/\/cdn-consum.aktiosdigitalservices.com\/tol\/consum\/media\/product\/img\/300x300\/7042153.jpg?t=20250227090419"
    },
    {
        "id": 5567,
        "name": "Garbanzo Cocido Frasco LUENGO",
        "price": 1.3,
        "price_kilo": 3.25,
        "slug": "garbanzo-cocido-frasco",
        "description": "Garbanzo Cocido Frasco 400 Gr",
        "image": "https:\/\/cdn-consum.aktiosdigitalservices.com\/tol\/consum\/media\/product\/img\/300x300\/7042364.jpg?t=20250206090729"
    },
    {
        "id": 5568,
        "name": "Alubia Blanca Cocida Frasco LUENGO",
        "price": 1.3,
        "price_kilo": 3.25,
        "slug": "alubia-blanca-cocida-frasco",
        "description": "Alubia Blanca Cocida Frasco 400 Gr",
        "image": "https:\/\/cdn-consum.aktiosdigitalservices.com\/tol\/consum\/media\/product\/img\/300x300\/7042369.jpg?t=20250206090732"
    },
    {
        "id": 5569,
        "name": "Carne de Alcachofas Lata PELLI",
        "price": 2.35,
        "price_kilo": 9.79,
        "slug": "carne-de-alcachofas-lata",
        "description": "Carne de Alcachofas Lata 240 Gr",
        "image": "https:\/\/cdn-consum.aktiosdigitalservices.com\/tol\/consum\/media\/product\/img\/300x300\/7042646.jpg?t=20241217081007"
    },
    {
        "id": 5572,
        "name": "Batido de Cacao Botella CONSUM",
        "price": 1.25,
        "price_kilo": 1.25,
        "slug": "batido-de-cacao-botella",
        "description": "Batido de Cacao Botella 1 L",
        "image": "https:\/\/cdn-consum.aktiosdigitalservices.com\/tol\/consum\/media\/product\/img\/300x300\/7042695.jpg?t=20250319075742"
    },
    {
        "id": 5573,
        "name": "Bebida Refrescante CHAMPIN",
        "price": 3.59,
        "price_kilo": 4.79,
        "slug": "bebida-refrescante",
        "description": "Bebida Refrescante 0,75 L",
        "image": "https:\/\/cdn-consum.aktiosdigitalservices.com\/tol\/consum\/media\/product\/img\/300x300\/7042922.jpg?t=20250304104855"
    },
    {
        "id": 5574,
        "name": "Queso Mezcla Semicurado Ya Cortado G.BAQUERO",
        "price": 4.59,
        "price_kilo": 20.4,
        "slug": "queso-mezcla-semicurado-ya-cortado",
        "description": "Queso Mezcla Semicurado Ya Cortado 225 Gr",
        "image": "https:\/\/cdn-consum.aktiosdigitalservices.com\/tol\/consum\/media\/product\/img\/300x300\/7043292.jpg?t=20250227090424"
    },
    {
        "id": 5577,
        "name": "Sardinas en Tomate Lata CONSUM",
        "price": 1.25,
        "price_kilo": 16.03,
        "slug": "sardinas-en-tomate-lata",
        "description": "Sardinas en Tomate Lata 78 Gr",
        "image": "https:\/\/cdn-consum.aktiosdigitalservices.com\/tol\/consum\/media\/product\/img\/300x300\/7043727.jpg?t=20241217081008"
    },
    {
        "id": 5578,
        "name": "Sardina en Aceite Girasol Lata CONSUM",
        "price": 1.15,
        "price_kilo": 13.69,
        "slug": "sardina-en-aceite-girasol-lata",
        "description": "Sardina en Aceite Girasol Lata 84 Gr",
        "image": "https:\/\/cdn-consum.aktiosdigitalservices.com\/tol\/consum\/media\/product\/img\/300x300\/7043730.jpg?t=20241217081008"
    },
    {
        "id": 5579,
        "name": "Sardinas en Aceite Oliva Lata CONSUM",
        "price": 1.69,
        "price_kilo": 20.12,
        "slug": "sardinas-en-aceite-oliva-lata",
        "description": "Sardinas en Aceite Oliva Lata 84 Gr",
        "image": "https:\/\/cdn-consum.aktiosdigitalservices.com\/tol\/consum\/media\/product\/img\/300x300\/7043735.jpg?t=20241217081008"
    },
    {
        "id": 5580,
        "name": "At\u00fan Claro Aceite Oliva Lata CONSUM",
        "price": 1.59,
        "price_kilo": 21.93,
        "slug": "atun-claro-aceite-oliva-lata",
        "description": "At\u00fan Claro Aceite Oliva Lata 72,5 Gr",
        "image": "https:\/\/cdn-consum.aktiosdigitalservices.com\/tol\/consum\/media\/product\/img\/300x300\/7043743.jpg?t=20241217081008"
    },
    {
        "id": 5581,
        "name": "Mejillones en Escabeche 8\/12 Piezas CONSUM",
        "price": 2.5,
        "price_kilo": 36.23,
        "slug": "mejillones-en-escabeche-8-12-piezas",
        "description": "Mejillones en Escabeche 8\/12 Piezas 69 Gr",
        "image": "https:\/\/cdn-consum.aktiosdigitalservices.com\/tol\/consum\/media\/product\/img\/300x300\/7043748.jpg?t=20250116075907"
    },
    {
        "id": 5582,
        "name": "Mejillones en Escabeche 13\/18 Piezas CONSUM",
        "price": 1.8,
        "price_kilo": 26.09,
        "slug": "mejillones-en-escabeche-13-18-piezas",
        "description": "Mejillones en Escabeche 13\/18 Piezas 69 Gr",
        "image": "https:\/\/cdn-consum.aktiosdigitalservices.com\/tol\/consum\/media\/product\/img\/300x300\/7043750.jpg?t=20241217081008"
    },
    {
        "id": 5583,
        "name": "Alubia Blanca Cocida Frasco CONSUM",
        "price": 0.8,
        "price_kilo": 2,
        "slug": "alubia-blanca-cocida-frasco",
        "description": "Alubia Blanca Cocida Frasco 400 Gr",
        "image": "https:\/\/cdn-consum.aktiosdigitalservices.com\/tol\/consum\/media\/product\/img\/300x300\/7043979.jpg?t=20250312092742"
    },
    {
        "id": 5584,
        "name": "Lenteja Pardina Cocida Frasco CONSUM",
        "price": 0.8,
        "price_kilo": 2,
        "slug": "lenteja-pardina-cocida-frasco",
        "description": "Lenteja Pardina Cocida Frasco 400 Gr",
        "image": "https:\/\/cdn-consum.aktiosdigitalservices.com\/tol\/consum\/media\/product\/img\/300x300\/7043982.jpg?t=20250312092742"
    },
    {
        "id": 5585,
        "name": "Garbanzo Cocido Frasco CONSUM",
        "price": 0.75,
        "price_kilo": 1.88,
        "slug": "garbanzo-cocido-frasco",
        "description": "Garbanzo Cocido Frasco 400 Gr",
        "image": "https:\/\/cdn-consum.aktiosdigitalservices.com\/tol\/consum\/media\/product\/img\/300x300\/7043987.jpg?t=20250312092742"
    },
    {
        "id": 5586,
        "name": "Alubia Blanca Cocida Frasco CONSUM",
        "price": 0.7,
        "price_kilo": 3.5,
        "slug": "alubia-blanca-cocida-frasco",
        "description": "Alubia Blanca Cocida Frasco 200 Gr",
        "image": "https:\/\/cdn-consum.aktiosdigitalservices.com\/tol\/consum\/media\/product\/img\/300x300\/7043990.jpg?t=20250312092742"
    },
    {
        "id": 5587,
        "name": "Lenteja Pardina Cocida Frasco CONSUM",
        "price": 0.66,
        "price_kilo": 3.3,
        "slug": "lenteja-pardina-cocida-frasco",
        "description": "Lenteja Pardina Cocida Frasco 200 Gr",
        "image": "https:\/\/cdn-consum.aktiosdigitalservices.com\/tol\/consum\/media\/product\/img\/300x300\/7043995.jpg?t=20241217081008"
    },
    {
        "id": 5588,
        "name": "Garbanzos Cocidos Frasco CONSUM",
        "price": 0.7,
        "price_kilo": 3.5,
        "slug": "garbanzos-cocidos-frasco",
        "description": "Garbanzos Cocidos Frasco 200 Gr",
        "image": "https:\/\/cdn-consum.aktiosdigitalservices.com\/tol\/consum\/media\/product\/img\/300x300\/7044001.jpg?t=20250312092742"
    },
    {
        "id": 5589,
        "name": "Espinacas Frasco CONSUM",
        "price": 1.39,
        "price_kilo": 3.27,
        "slug": "espinacas-frasco",
        "description": "Espinacas Frasco 425 Gr",
        "image": "https:\/\/cdn-consum.aktiosdigitalservices.com\/tol\/consum\/media\/product\/img\/300x300\/7044071.jpg?t=20250312092742"
    },
    {
        "id": 5590,
        "name": "Patatas Peque\u00f1as Entera Frasco CONSUM",
        "price": 2.05,
        "price_kilo": 5.13,
        "slug": "patatas-pequenas-entera-frasco",
        "description": "Patatas Peque\u00f1as Entera Frasco 400 Gr",
        "image": "https:\/\/cdn-consum.aktiosdigitalservices.com\/tol\/consum\/media\/product\/img\/300x300\/7044092.jpg?t=20241217081008"
    },
    {
        "id": 5591,
        "name": "Piccolinis de Jam\u00f3n y Queso congelados BUITONI",
        "price": 4.25,
        "price_kilo": 15.74,
        "slug": "piccolinis-de-jamon-y-queso-congelados",
        "description": "Piccolinis de Jam\u00f3n y Queso congelados 270 Gr",
        "image": "https:\/\/cdn-consum.aktiosdigitalservices.com\/tol\/consum\/media\/product\/img\/300x300\/7044105.jpg?t=20250312125034"
    },
    {
        "id": 5592,
        "name": "Pimientos Piquillo Entero 8\/12 Piezas Frasco CONSUM",
        "price": 1.19,
        "price_kilo": 5.29,
        "slug": "pimientos-piquillo-entero-8-12-piezas-frasco",
        "description": "Pimientos Piquillo Entero 8\/12 Piezas Frasco 225 Gr",
        "image": "https:\/\/cdn-consum.aktiosdigitalservices.com\/tol\/consum\/media\/product\/img\/300x300\/7044121.jpg?t=20250214075715"
    },
    {
        "id": 5597,
        "name": "Salsa Picante Louisiana CHOVI",
        "price": 1.29,
        "price_kilo": 11.73,
        "slug": "salsa-picante-louisiana",
        "description": "Salsa Picante Louisiana 110 Gr",
        "image": "https:\/\/cdn-consum.aktiosdigitalservices.com\/tol\/consum\/media\/product\/img\/300x300\/7044378.jpg?t=20241217081008"
    },
    {
        "id": 5599,
        "name": "Friegasuelos Pino CONSUM",
        "price": 0.95,
        "price_kilo": 0.63,
        "slug": "friegasuelos-pino",
        "description": "Friegasuelos Pino 1,5 L",
        "image": "https:\/\/cdn-consum.aktiosdigitalservices.com\/tol\/consum\/media\/product\/img\/300x300\/7044600.jpg?t=20250312092742"
    },
    {
        "id": 5602,
        "name": "Agua de Plancha CONSUM",
        "price": 0.65,
        "price_kilo": 0.65,
        "slug": "agua-de-plancha",
        "description": "Agua de Plancha 1 L",
        "image": "https:\/\/cdn-consum.aktiosdigitalservices.com\/tol\/consum\/media\/product\/img\/300x300\/7044642.jpg?t=20241217081008"
    },
    {
        "id": 5603,
        "name": "Copos de Ma\u00edz CONSUM",
        "price": 1.5,
        "price_kilo": 3,
        "slug": "copos-de-maiz",
        "description": "Copos de Ma\u00edz 500 Gr",
        "image": "https:\/\/cdn-consum.aktiosdigitalservices.com\/tol\/consum\/media\/product\/img\/300x300\/7044746.jpg?t=20250311103917"
    },
    {
        "id": 5604,
        "name": "Copos Arroz y Trigo CONSUM",
        "price": 2,
        "price_kilo": 4,
        "slug": "copos-arroz-y-trigo",
        "description": "Copos Arroz y Trigo 500 Gr",
        "image": "https:\/\/cdn-consum.aktiosdigitalservices.com\/tol\/consum\/media\/product\/img\/300x300\/7044753.jpg?t=20250311103920"
    },
    {
        "id": 5607,
        "name": "Muesli Fruta y Fibra CONSUM",
        "price": 1.99,
        "price_kilo": 4.42,
        "slug": "muesli-fruta-y-fibra",
        "description": "Muesli Fruta y Fibra 500 Gr",
        "image": "https:\/\/cdn-consum.aktiosdigitalservices.com\/tol\/consum\/media\/product\/img\/300x300\/7044774.jpg?t=20250311103922"
    },
    {
        "id": 5609,
        "name": "Muesli Crujiente Chocolate CONSUM",
        "price": 2.49,
        "price_kilo": 4.98,
        "slug": "muesli-crujiente-chocolate",
        "description": "Muesli Crujiente Chocolate 500 Gr",
        "image": "https:\/\/cdn-consum.aktiosdigitalservices.com\/tol\/consum\/media\/product\/img\/300x300\/7044782.jpg?t=20250311103924"
    },
    {
        "id": 5612,
        "name": "Jud\u00eda Plana Bandeja ",
        "price": 1.99,
        "price_kilo": 7.96,
        "slug": "judia-plana-bandeja",
        "description": "Jud\u00eda Plana Bandeja 250 Gr",
        "image": "https:\/\/cdn-consum.aktiosdigitalservices.com\/tol\/consum\/media\/product\/img\/300x300\/7044899.jpg?t=20250204080146"
    },
    {
        "id": 5613,
        "name": "Horchata de Chufa Botella CONSUM",
        "price": 1.39,
        "price_kilo": 1.39,
        "slug": "horchata-de-chufa-botella",
        "description": "Horchata de Chufa Botella 1 L",
        "image": "https:\/\/cdn-consum.aktiosdigitalservices.com\/tol\/consum\/media\/product\/img\/300x300\/7044902.jpg?t=20250311103927"
    },
    {
        "id": 5614,
        "name": "Pate H\u00edgado de Cerdo Lata CONSUM",
        "price": 1.25,
        "price_kilo": 6.25,
        "slug": "pate-higado-de-cerdo-lata",
        "description": "Pate H\u00edgado de Cerdo Lata 200 Gr",
        "image": "https:\/\/cdn-consum.aktiosdigitalservices.com\/tol\/consum\/media\/product\/img\/300x300\/7044907.jpg?t=20250204080149"
    },
    {
        "id": 5622,
        "name": "Queso  Lonchas Fundido 16 Lonchas CONSUM",
        "price": 1.36,
        "price_kilo": 4.53,
        "slug": "queso-lonchas-fundido-16-lonchas",
        "description": "Queso  Lonchas Fundido 16 Lonchas 300 Gr",
        "image": "https:\/\/cdn-consum.aktiosdigitalservices.com\/tol\/consum\/media\/product\/img\/300x300\/7045144.jpg?t=20250103080326"
    },
    {
        "id": 5625,
        "name": "Cerveza Lata ALHAMBRA",
        "price": 0.55,
        "price_kilo": 1.67,
        "slug": "cerveza-lata",
        "description": "Cerveza Lata 0,33 L",
        "image": "https:\/\/cdn-consum.aktiosdigitalservices.com\/tol\/consum\/media\/product\/img\/300x300\/7045177.jpg?t=20250227090427"
    },
    {
        "id": 5626,
        "name": "Cerveza Reserva 1925 Botella Cristal Pack-6 ALHAMBRA",
        "price": 7.98,
        "price_kilo": 4.03,
        "slug": "cerveza-reserva-1925-botella-cristal-pack-6",
        "description": "Cerveza Reserva 1925 Botella Cristal Pack-6 6 x 0,33 L",
        "image": "https:\/\/cdn-consum.aktiosdigitalservices.com\/tol\/consum\/media\/product\/img\/300x300\/7045180.jpg?t=20250109094037"
    },
    {
        "id": 5627,
        "name": "Caf\u00e9 Molido Natural CONSUM",
        "price": 2.35,
        "price_kilo": 9.4,
        "slug": "cafe-molido-natural",
        "description": "Caf\u00e9 Molido Natural 250 Gr",
        "image": "https:\/\/cdn-consum.aktiosdigitalservices.com\/tol\/consum\/media\/product\/img\/300x300\/7045255.jpg?t=20250312092742"
    },
    {
        "id": 5628,
        "name": "Caf\u00e9 Molido Mezcla CONSUM",
        "price": 2.35,
        "price_kilo": 9.4,
        "slug": "cafe-molido-mezcla",
        "description": "Caf\u00e9 Molido Mezcla 250 Gr",
        "image": "https:\/\/cdn-consum.aktiosdigitalservices.com\/tol\/consum\/media\/product\/img\/300x300\/7045263.jpg?t=20250311103931"
    },
    {
        "id": 5629,
        "name": "Caf\u00e9 Descafeinado Molido Natural CONSUM",
        "price": 2.55,
        "price_kilo": 10.2,
        "slug": "cafe-descafeinado-molido-natural",
        "description": "Caf\u00e9 Descafeinado Molido Natural 250 Gr",
        "image": "https:\/\/cdn-consum.aktiosdigitalservices.com\/tol\/consum\/media\/product\/img\/300x300\/7045268.jpg?t=20250311103934"
    },
    {
        "id": 5630,
        "name": "Chopped Lonchas Lata SERRANO",
        "price": 1.71,
        "price_kilo": 11.4,
        "slug": "chopped-lonchas-lata",
        "description": "Chopped Lonchas Lata 150 Gr",
        "image": "https:\/\/cdn-consum.aktiosdigitalservices.com\/tol\/consum\/media\/product\/img\/300x300\/7045300.jpg?t=20241217081009"
    },
    {
        "id": 5631,
        "name": "Chocolate Naranja Excellent LINDT",
        "price": 3.99,
        "price_kilo": 39.9,
        "slug": "chocolate-naranja-excellent",
        "description": "Chocolate Naranja Excellent 100 Gr",
        "image": "https:\/\/cdn-consum.aktiosdigitalservices.com\/tol\/consum\/media\/product\/img\/300x300\/7045359.jpg?t=20250311133125"
    },
    {
        "id": 5632,
        "name": "Vino Blanco Verdejo D.O.Rueda BLUME",
        "price": 3.69,
        "price_kilo": 4.92,
        "slug": "vino-blanco-verdejo-dorueda",
        "description": "Vino Blanco Verdejo D.O.Rueda 0,75 L",
        "image": "https:\/\/cdn-consum.aktiosdigitalservices.com\/tol\/consum\/media\/product\/img\/300x300\/7045503.jpg?t=20250312092742"
    },
    {
        "id": 5635,
        "name": "Leche Crecimiento Original Nativa NESTLE",
        "price": 2.35,
        "price_kilo": 2.35,
        "slug": "leche-crecimiento-original-nativa",
        "description": "Leche Crecimiento Original Nativa 1 L",
        "image": "https:\/\/cdn-consum.aktiosdigitalservices.com\/tol\/consum\/media\/product\/img\/300x300\/7046030.jpg?t=20250311164535"
    },
    {
        "id": 5638,
        "name": "Mejillones Natural 13\/18 Piezas CONSUM",
        "price": 1.95,
        "price_kilo": 28.26,
        "slug": "mejillones-natural-13-18-piezas",
        "description": "Mejillones Natural 13\/18 Piezas 69 Gr",
        "image": "https:\/\/cdn-consum.aktiosdigitalservices.com\/tol\/consum\/media\/product\/img\/300x300\/7046055.jpg?t=20250123075739"
    },
    {
        "id": 5639,
        "name": "Trozos de Calamar en Salsa Americana Pack CONSUM",
        "price": 2.8,
        "price_kilo": 15.82,
        "slug": "trozos-de-calamar-en-salsa-americana-pack",
        "description": "Trozos de Calamar en Salsa Americana Pack 3 x 59 Gr",
        "image": "https:\/\/cdn-consum.aktiosdigitalservices.com\/tol\/consum\/media\/product\/img\/300x300\/7046063.jpg?t=20250204082201"
    },
    {
        "id": 5640,
        "name": "At\u00fan en Tomate Pack de 3 CONSUM",
        "price": 2.1,
        "price_kilo": 13.46,
        "slug": "atun-en-tomate-pack-de-3",
        "description": "At\u00fan en Tomate Pack de 3 3 x 52 Gr",
        "image": "https:\/\/cdn-consum.aktiosdigitalservices.com\/tol\/consum\/media\/product\/img\/300x300\/7046071.jpg?t=20241217081009"
    },
    {
        "id": 5641,
        "name": "At\u00fan Claro Natural Pack de 3 CONSUM",
        "price": 2.3,
        "price_kilo": 13.69,
        "slug": "atun-claro-natural-pack-de-3",
        "description": "At\u00fan Claro Natural Pack de 3 3 x 56 Gr",
        "image": "https:\/\/cdn-consum.aktiosdigitalservices.com\/tol\/consum\/media\/product\/img\/300x300\/7046076.jpg?t=20250318080932"
    },
    {
        "id": 5642,
        "name": "At\u00fan Claro Aceite Girasol Pack de 3 CONSUM",
        "price": 2.65,
        "price_kilo": 16.99,
        "slug": "atun-claro-aceite-girasol-pack-de-3",
        "description": "At\u00fan Claro Aceite Girasol Pack de 3 3 x 52 Gr",
        "image": "https:\/\/cdn-consum.aktiosdigitalservices.com\/tol\/consum\/media\/product\/img\/300x300\/7046092.jpg?t=20241217081009"
    },
    {
        "id": 5643,
        "name": "At\u00fan Claro Bajo en Sal en Aceite de Oliva Pack 3 CONSUM",
        "price": 3,
        "price_kilo": 19.23,
        "slug": "atun-claro-bajo-en-sal-en-aceite-de-oliva-pack-3",
        "description": "At\u00fan Claro Bajo en Sal en Aceite de Oliva Pack 3 3 x 52 Gr",
        "image": "https:\/\/cdn-consum.aktiosdigitalservices.com\/tol\/consum\/media\/product\/img\/300x300\/7046105.jpg?t=20241217081009"
    },
    {
        "id": 5644,
        "name": "Leche Calcio Entera Brik CONSUM",
        "price": 1.14,
        "price_kilo": 1.14,
        "slug": "leche-calcio-entera-brik",
        "description": "Leche Calcio Entera Brik 1 L",
        "image": "https:\/\/cdn-consum.aktiosdigitalservices.com\/tol\/consum\/media\/product\/img\/300x300\/7046592.jpg?t=20250311103941"
    },
    {
        "id": 5645,
        "name": "Leche Calcio. Semidesnatada Brik CONSUM",
        "price": 1,
        "price_kilo": 1,
        "slug": "leche-calcio-semidesnatada-brik",
        "description": "Leche Calcio. Semidesnatada Brik 1 L",
        "image": "https:\/\/cdn-consum.aktiosdigitalservices.com\/tol\/consum\/media\/product\/img\/300x300\/7046597.jpg?t=20250312092742"
    },
    {
        "id": 5646,
        "name": "Leche Calcio Desnatada. Brik CONSUM",
        "price": 0.97,
        "price_kilo": 0.97,
        "slug": "leche-calcio-desnatada-brik",
        "description": "Leche Calcio Desnatada. Brik 1 L",
        "image": "https:\/\/cdn-consum.aktiosdigitalservices.com\/tol\/consum\/media\/product\/img\/300x300\/7046600.jpg?t=20250311103947"
    },
    {
        "id": 5647,
        "name": "Zumo con Leche Tropical CONSUM",
        "price": 1,
        "price_kilo": 1.01,
        "slug": "zumo-con-leche-tropical",
        "description": "Zumo con Leche Tropical 3 x 330 ml",
        "image": "https:\/\/cdn-consum.aktiosdigitalservices.com\/tol\/consum\/media\/product\/img\/300x300\/7046605.jpg?t=20250311103949"
    },
    {
        "id": 5648,
        "name": "Zumo con Leche Mediterr\u00e1neo CONSUM",
        "price": 1,
        "price_kilo": 1.01,
        "slug": "zumo-con-leche-mediterraneo",
        "description": "Zumo con Leche Mediterr\u00e1neo 3 x 330 ml",
        "image": "https:\/\/cdn-consum.aktiosdigitalservices.com\/tol\/consum\/media\/product\/img\/300x300\/7046613.jpg?t=20250311103952"
    },
    {
        "id": 5652,
        "name": "At\u00fan Claro Aceite Oliva Pack de 3 CONSUM",
        "price": 2.85,
        "price_kilo": 18.27,
        "slug": "atun-claro-aceite-oliva-pack-de-3",
        "description": "At\u00fan Claro Aceite Oliva Pack de 3 3 x 52 Gr",
        "image": "https:\/\/cdn-consum.aktiosdigitalservices.com\/tol\/consum\/media\/product\/img\/300x300\/7047017.jpg?t=20250312092742"
    },
    {
        "id": 5654,
        "name": "Aceitunas Manzanilla con Hueso en Frasco CONSUM",
        "price": 1.85,
        "price_kilo": 7.4,
        "slug": "aceitunas-manzanilla-con-hueso-en-frasco",
        "description": "Aceitunas Manzanilla con Hueso en Frasco 250 Gr",
        "image": "https:\/\/cdn-consum.aktiosdigitalservices.com\/tol\/consum\/media\/product\/img\/300x300\/7047462.jpg?t=20250318075912"
    },
    {
        "id": 5655,
        "name": "Aceitunas Sabor Anchoa con Hueso en Frasco CONSUM",
        "price": 2.05,
        "price_kilo": 8.2,
        "slug": "aceitunas-sabor-anchoa-con-hueso-en-frasco",
        "description": "Aceitunas Sabor Anchoa con Hueso en Frasco 250 Gr",
        "image": "https:\/\/cdn-consum.aktiosdigitalservices.com\/tol\/consum\/media\/product\/img\/300x300\/7047467.jpg?t=20250318075915"
    },
    {
        "id": 5660,
        "name": "Jud\u00edas Verdes Anchas Frasco CONSUM",
        "price": 1.25,
        "price_kilo": 3.47,
        "slug": "judias-verdes-anchas-frasco",
        "description": "Jud\u00edas Verdes Anchas Frasco 360 Gr",
        "image": "https:\/\/cdn-consum.aktiosdigitalservices.com\/tol\/consum\/media\/product\/img\/300x300\/7048283.jpg?t=20241217081009"
    },
    {
        "id": 5662,
        "name": "Pizza congelada Ristorante Mozzarella RISTORANTE",
        "price": 3.89,
        "price_kilo": 11.61,
        "slug": "pizza-congelada-ristorante-mozzarella",
        "description": "Pizza congelada Ristorante Mozzarella 335 Gr",
        "image": "https:\/\/cdn-consum.aktiosdigitalservices.com\/tol\/consum\/media\/product\/img\/300x300\/7048353.jpg?t=20250227090439"
    },
    {
        "id": 5663,
        "name": "Pizza congelada Ristorante Speciale RISTORANTE",
        "price": 3.89,
        "price_kilo": 11.28,
        "slug": "pizza-congelada-ristorante-speciale",
        "description": "Pizza congelada Ristorante Speciale 345 Gr",
        "image": "https:\/\/cdn-consum.aktiosdigitalservices.com\/tol\/consum\/media\/product\/img\/300x300\/7048358.jpg?t=20250227090440"
    },
    {
        "id": 5664,
        "name": "Bonito en Aceite de Oliva Lata CONSUM",
        "price": 1.9,
        "price_kilo": 26.39,
        "slug": "bonito-en-aceite-de-oliva-lata",
        "description": "Bonito en Aceite de Oliva Lata 72 Gr",
        "image": "https:\/\/cdn-consum.aktiosdigitalservices.com\/tol\/consum\/media\/product\/img\/300x300\/7048465.jpg?t=20250109094053"
    },
    {
        "id": 5665,
        "name": "Tarrito Buenas Noches Pollo y Verduritas Pack 2 HERO",
        "price": 2.99,
        "price_kilo": 7.87,
        "slug": "tarrito-buenas-noches-pollo-y-verduritas-pack-2",
        "description": "Tarrito Buenas Noches Pollo y Verduritas Pack 2 2 x 190 Gr",
        "image": "https:\/\/cdn-consum.aktiosdigitalservices.com\/tol\/consum\/media\/product\/img\/300x300\/7048569.jpg?t=20250311133129"
    },
    {
        "id": 5666,
        "name": "Tarrito Buenas Noches Pescadilla Pack 2 HERO",
        "price": 2.99,
        "price_kilo": 7.87,
        "slug": "tarrito-buenas-noches-pescadilla-pack-2",
        "description": "Tarrito Buenas Noches Pescadilla Pack 2 2 x 190 Gr",
        "image": "https:\/\/cdn-consum.aktiosdigitalservices.com\/tol\/consum\/media\/product\/img\/300x300\/7048572.jpg?t=20250311133132"
    },
    {
        "id": 5672,
        "name": "Actimel L\u00edquido 0% Fresa Pack 6 Unidades DANONE",
        "price": 3.79,
        "price_kilo": 6.32,
        "slug": "actimel-liquido-0-fresa-pack-6-unidades",
        "description": "Actimel L\u00edquido 0% Fresa Pack 6 Unidades 6 x 100 Gr",
        "image": "https:\/\/cdn-consum.aktiosdigitalservices.com\/tol\/consum\/media\/product\/img\/300x300\/7049299.jpg?t=20250312125039"
    },
    {
        "id": 5676,
        "name": "Vinagre de Vino Blanco CONSUM",
        "price": 0.75,
        "price_kilo": 0.75,
        "slug": "vinagre-de-vino-blanco",
        "description": "Vinagre de Vino Blanco 1000 ml",
        "image": "https:\/\/cdn-consum.aktiosdigitalservices.com\/tol\/consum\/media\/product\/img\/300x300\/7049690.jpg?t=20250322075810"
    },
    {
        "id": 5681,
        "name": "Pan Rallado Natural Paquete CONSUM",
        "price": 0.6,
        "price_kilo": 1.2,
        "slug": "pan-rallado-natural-paquete",
        "description": "Pan Rallado Natural Paquete 500 Gr",
        "image": "https:\/\/cdn-consum.aktiosdigitalservices.com\/tol\/consum\/media\/product\/img\/300x300\/7050516.jpg?t=20250228075803"
    },
    {
        "id": 5683,
        "name": "Vinagre de Manzana CONSUM",
        "price": 0.9,
        "price_kilo": 0.9,
        "slug": "vinagre-de-manzana",
        "description": "Vinagre de Manzana 1000 ml",
        "image": "https:\/\/cdn-consum.aktiosdigitalservices.com\/tol\/consum\/media\/product\/img\/300x300\/7050644.jpg?t=20250322075812"
    },
    {
        "id": 5684,
        "name": "Vinagre de Jerez Botella Cristal CONSUM",
        "price": 2,
        "price_kilo": 8,
        "slug": "vinagre-de-jerez-botella-cristal",
        "description": "Vinagre de Jerez Botella Cristal 250 ml",
        "image": "https:\/\/cdn-consum.aktiosdigitalservices.com\/tol\/consum\/media\/product\/img\/300x300\/7050677.jpg?t=20250322075817"
    },
    {
        "id": 5685,
        "name": "Vinagre Bals\u00e1mico de M\u00f3dena CONSUM",
        "price": 1.29,
        "price_kilo": 5.16,
        "slug": "vinagre-balsamico-de-modena",
        "description": "Vinagre Bals\u00e1mico de M\u00f3dena 250 ml",
        "image": "https:\/\/cdn-consum.aktiosdigitalservices.com\/tol\/consum\/media\/product\/img\/300x300\/7050680.jpg?t=20250322075819"
    },
    {
        "id": 5687,
        "name": "Peques3 Crecimiento Preparado L\u00e1cteo PULEVA",
        "price": 1.79,
        "price_kilo": 1.79,
        "slug": "peques3-crecimiento-preparado-lacteo",
        "description": "Peques3 Crecimiento Preparado L\u00e1cteo 1 L",
        "image": "https:\/\/cdn-consum.aktiosdigitalservices.com\/tol\/consum\/media\/product\/img\/300x300\/7051597.jpg?t=20250313080001"
    },
    {
        "id": 5688,
        "name": "Leche Continuaci\u00f3n Brik Peques 2 PULEVA",
        "price": 1.79,
        "price_kilo": 1.79,
        "slug": "leche-continuacion-brik-peques-2",
        "description": "Leche Continuaci\u00f3n Brik Peques 2 1 L",
        "image": "https:\/\/cdn-consum.aktiosdigitalservices.com\/tol\/consum\/media\/product\/img\/300x300\/7051600.jpg?t=20250313080004"
    },
    {
        "id": 5689,
        "name": "Mejillones Picantes 13\/18 Piezas CONSUM",
        "price": 2.09,
        "price_kilo": 30.29,
        "slug": "mejillones-picantes-13-18-piezas",
        "description": "Mejillones Picantes 13\/18 Piezas 69 Gr",
        "image": "https:\/\/cdn-consum.aktiosdigitalservices.com\/tol\/consum\/media\/product\/img\/300x300\/7051782.jpg?t=20250123075740"
    },
    {
        "id": 5691,
        "name": "Refresco Cola Zero Botella COCA-COLA",
        "price": 2.1,
        "price_kilo": 1.05,
        "slug": "refresco-cola-zero-botella",
        "description": "Refresco Cola Zero Botella 2 L",
        "image": "https:\/\/cdn-consum.aktiosdigitalservices.com\/tol\/consum\/media\/product\/img\/300x300\/7052330.jpg?t=20250311133139"
    },
    {
        "id": 5693,
        "name": "Comida Seca Perros Dog Mini Adulto Pollo ULTIMA",
        "price": 7.99,
        "price_kilo": 5.33,
        "slug": "comida-seca-perros-dog-mini-adulto-pollo",
        "description": "Comida Seca Perros Dog Mini Adulto Pollo 1,5 Kg",
        "image": "https:\/\/cdn-consum.aktiosdigitalservices.com\/tol\/consum\/media\/product\/img\/300x300\/7052970.jpg?t=20250313080006"
    },
    {
        "id": 5696,
        "name": "Tortilla Chip Sal ZANUY",
        "price": 1.65,
        "price_kilo": 8.25,
        "slug": "tortilla-chip-sal",
        "description": "Tortilla Chip Sal 200 Gr",
        "image": "https:\/\/cdn-consum.aktiosdigitalservices.com\/tol\/consum\/media\/product\/img\/300x300\/7053127.jpg?t=20250312092742"
    },
    {
        "id": 5699,
        "name": "Macedonia de Verduras Frasco CONSUM",
        "price": 0.9,
        "price_kilo": 2.77,
        "slug": "macedonia-de-verduras-frasco",
        "description": "Macedonia de Verduras Frasco 325 Gr",
        "image": "https:\/\/cdn-consum.aktiosdigitalservices.com\/tol\/consum\/media\/product\/img\/300x300\/7053700.jpg?t=20241217081010"
    },
    {
        "id": 5700,
        "name": "Espinacas Bolsa CONSUM",
        "price": 1.24,
        "price_kilo": 4.13,
        "slug": "espinacas-bolsa",
        "description": "Espinacas Bolsa 300 Gr",
        "image": "https:\/\/cdn-consum.aktiosdigitalservices.com\/tol\/consum\/media\/product\/img\/300x300\/7054273.jpg?t=20250121081128"
    },
    {
        "id": 5701,
        "name": "Acelgas Bolsa CONSUM",
        "price": 1.24,
        "price_kilo": 4.13,
        "slug": "acelgas-bolsa",
        "description": "Acelgas Bolsa 300 Gr",
        "image": "https:\/\/cdn-consum.aktiosdigitalservices.com\/tol\/consum\/media\/product\/img\/300x300\/7054286.jpg?t=20250121081128"
    },
    {
        "id": 5702,
        "name": "Galleta Mar\u00eda sin Az\u00facares GULLON ZERO",
        "price": 2.15,
        "price_kilo": 5.38,
        "slug": "galleta-maria-sin-azucares",
        "description": "Galleta Mar\u00eda sin Az\u00facares 400 Gr",
        "image": "https:\/\/cdn-consum.aktiosdigitalservices.com\/tol\/consum\/media\/product\/img\/300x300\/7054294.jpg?t=20250321075742"
    },
    {
        "id": 5703,
        "name": "Lechuga Iceberg Bolsa CONSUM",
        "price": 0.9,
        "price_kilo": 3.6,
        "slug": "lechuga-iceberg-bolsa",
        "description": "Lechuga Iceberg Bolsa 250 Gr",
        "image": "https:\/\/cdn-consum.aktiosdigitalservices.com\/tol\/consum\/media\/product\/img\/300x300\/7054307.jpg?t=20250121080000"
    },
    {
        "id": 5704,
        "name": "Can\u00f3nigos Bolsa CONSUM",
        "price": 1.18,
        "price_kilo": 9.44,
        "slug": "canonigos-bolsa",
        "description": "Can\u00f3nigos Bolsa 125 Gr",
        "image": "https:\/\/cdn-consum.aktiosdigitalservices.com\/tol\/consum\/media\/product\/img\/300x300\/7054315.jpg?t=20250128080549"
    },
    {
        "id": 5705,
        "name": "Ensalada 4 Estaciones Bolsa CONSUM",
        "price": 0.86,
        "price_kilo": 3.44,
        "slug": "ensalada-4-estaciones-bolsa",
        "description": "Ensalada 4 Estaciones Bolsa 250 Gr",
        "image": "https:\/\/cdn-consum.aktiosdigitalservices.com\/tol\/consum\/media\/product\/img\/300x300\/7054323.jpg?t=20250103080350"
    },
    {
        "id": 5708,
        "name": "Aceitunas Rellenas de Anchoas Pack de 3 JOLCA",
        "price": 2.79,
        "price_kilo": 18.6,
        "slug": "aceitunas-rellenas-de-anchoas-pack-de-3",
        "description": "Aceitunas Rellenas de Anchoas Pack de 3 3 x 50 Gr",
        "image": "https:\/\/cdn-consum.aktiosdigitalservices.com\/tol\/consum\/media\/product\/img\/300x300\/7055150.jpg?t=20250318075928"
    },
    {
        "id": 5709,
        "name": "Aceitunas Rellenas Anchoa Cant\u00e1brico Lata JOLCA",
        "price": 1.99,
        "price_kilo": 13.27,
        "slug": "aceitunas-rellenas-anchoa-cantabrico-lata",
        "description": "Aceitunas Rellenas Anchoa Cant\u00e1brico Lata 150 Gr",
        "image": "https:\/\/cdn-consum.aktiosdigitalservices.com\/tol\/consum\/media\/product\/img\/300x300\/7055155.jpg?t=20250318075930"
    },
    {
        "id": 5711,
        "name": "Mermelada Fresa Frasco CONSUM",
        "price": 1.55,
        "price_kilo": 3.78,
        "slug": "mermelada-fresa-frasco",
        "description": "Mermelada Fresa Frasco 410 Gr",
        "image": "https:\/\/cdn-consum.aktiosdigitalservices.com\/tol\/consum\/media\/product\/img\/300x300\/7055259.jpg?t=20250311104019"
    },
    {
        "id": 5712,
        "name": "Mermelada Melocot\u00f3n Frasco CONSUM",
        "price": 1.35,
        "price_kilo": 3.29,
        "slug": "mermelada-melocoton-frasco",
        "description": "Mermelada Melocot\u00f3n Frasco 410 Gr",
        "image": "https:\/\/cdn-consum.aktiosdigitalservices.com\/tol\/consum\/media\/product\/img\/300x300\/7055267.jpg?t=20250311104022"
    },
    {
        "id": 5717,
        "name": "Mega Mix Snacks Bolsa CONSUM",
        "price": 1.15,
        "price_kilo": 8.21,
        "slug": "mega-mix-snacks-bolsa",
        "description": "Mega Mix Snacks Bolsa 140 Gr",
        "image": "https:\/\/cdn-consum.aktiosdigitalservices.com\/tol\/consum\/media\/product\/img\/300x300\/7056380.jpg?t=20250211075826"
    },
    {
        "id": 5718,
        "name": "Conos de Ma\u00edz Sabor Queso-Bacon CONSUM",
        "price": 0.64,
        "price_kilo": 8,
        "slug": "conos-de-maiz-sabor-queso-bacon",
        "description": "Conos de Ma\u00edz Sabor Queso-Bacon 80 Gr",
        "image": "https:\/\/cdn-consum.aktiosdigitalservices.com\/tol\/consum\/media\/product\/img\/300x300\/7056385.jpg?t=20250219075841"
    },
    {
        "id": 5719,
        "name": "Patatas Fritas Lisas Bolsa Papel CONSUM",
        "price": 1.9,
        "price_kilo": 6.33,
        "slug": "patatas-fritas-lisas-bolsa-papel",
        "description": "Patatas Fritas Lisas Bolsa Papel 300 Gr",
        "image": "https:\/\/cdn-consum.aktiosdigitalservices.com\/tol\/consum\/media\/product\/img\/300x300\/7056406.jpg?t=20250319075746"
    },
    {
        "id": 5722,
        "name": "Ruedas de Patata Bolsa CONSUM",
        "price": 1.15,
        "price_kilo": 14.38,
        "slug": "ruedas-de-patata-bolsa",
        "description": "Ruedas de Patata Bolsa 80 Gr",
        "image": "https:\/\/cdn-consum.aktiosdigitalservices.com\/tol\/consum\/media\/product\/img\/300x300\/7056554.jpg?t=20250312092743"
    },
    {
        "id": 5723,
        "name": "Ganchito Ma\u00edz Sabor Queso Bolsa CONSUM",
        "price": 0.7,
        "price_kilo": 8.75,
        "slug": "ganchito-maiz-sabor-queso-bolsa",
        "description": "Ganchito Ma\u00edz Sabor Queso Bolsa 80 Gr",
        "image": "https:\/\/cdn-consum.aktiosdigitalservices.com\/tol\/consum\/media\/product\/img\/300x300\/7056559.jpg?t=20241217081011"
    },
    {
        "id": 5724,
        "name": "Fritos Sabor Barbacoa CONSUM",
        "price": 0.65,
        "price_kilo": 5,
        "slug": "fritos-sabor-barbacoa",
        "description": "Fritos Sabor Barbacoa 130 Gr",
        "image": "https:\/\/cdn-consum.aktiosdigitalservices.com\/tol\/consum\/media\/product\/img\/300x300\/7056562.jpg?t=20250304104957"
    },
    {
        "id": 5725,
        "name": "Ma\u00edz Crudo Palomitas Bolsa CONSUM",
        "price": 0.87,
        "price_kilo": 3.48,
        "slug": "maiz-crudo-palomitas-bolsa",
        "description": "Ma\u00edz Crudo Palomitas Bolsa 250 Gr",
        "image": "https:\/\/cdn-consum.aktiosdigitalservices.com\/tol\/consum\/media\/product\/img\/300x300\/7056570.jpg?t=20250103080355"
    },
    {
        "id": 5726,
        "name": "Cacahuetes Fritos Piel Bolsa CONSUM",
        "price": 1.3,
        "price_kilo": 5.2,
        "slug": "cacahuetes-fritos-piel-bolsa",
        "description": "Cacahuetes Fritos Piel Bolsa 250 Gr",
        "image": "https:\/\/cdn-consum.aktiosdigitalservices.com\/tol\/consum\/media\/product\/img\/300x300\/7056609.jpg?t=20250128075819"
    },
    {
        "id": 5727,
        "name": "Crema de Verduras Mediterr\u00e1neas KNORR",
        "price": 2.29,
        "price_kilo": 4.58,
        "slug": "crema-de-verduras-mediterraneas",
        "description": "Crema de Verduras Mediterr\u00e1neas 0,5 L",
        "image": "https:\/\/cdn-consum.aktiosdigitalservices.com\/tol\/consum\/media\/product\/img\/300x300\/7056724.jpg?t=20250312092743"
    },
    {
        "id": 5730,
        "name": "Patatas Prefritas Corte Fino congeladas CONSUM",
        "price": 1.99,
        "price_kilo": 1.99,
        "slug": "patatas-prefritas-corte-fino-congeladas",
        "description": "Patatas Prefritas Corte Fino congeladas 1 Kg",
        "image": "https:\/\/cdn-consum.aktiosdigitalservices.com\/tol\/consum\/media\/product\/img\/300x300\/7057706.jpg?t=20250103080400"
    },
    {
        "id": 5731,
        "name": "Flan Huevo Ba\u00f1o Mar\u00eda Pack de 4 Unidades CONSUM",
        "price": 1.35,
        "price_kilo": 3.38,
        "slug": "flan-huevo-bano-maria-pack-de-4-unidades",
        "description": "Flan Huevo Ba\u00f1o Mar\u00eda Pack de 4 Unidades 4 x 100 Gr",
        "image": "https:\/\/cdn-consum.aktiosdigitalservices.com\/tol\/consum\/media\/product\/img\/300x300\/7057748.jpg?t=20250227090500"
    },
    {
        "id": 5732,
        "name": "Queso Rallado  Emmental Franc\u00e9s PRESIDENT",
        "price": 2.35,
        "price_kilo": 26.11,
        "slug": "queso-rallado-emmental-frances",
        "description": "Queso Rallado  Emmental Franc\u00e9s 90 Gr",
        "image": "https:\/\/cdn-consum.aktiosdigitalservices.com\/tol\/consum\/media\/product\/img\/300x300\/7057912.jpg?t=20250206090827"
    },
    {
        "id": 5733,
        "name": "Cava Brut Nature D.O.Cava DOM.THARSYS",
        "price": 6.79,
        "price_kilo": 9.05,
        "slug": "cava-brut-nature-docava",
        "description": "Cava Brut Nature D.O.Cava 0,75 L",
        "image": "https:\/\/cdn-consum.aktiosdigitalservices.com\/tol\/consum\/media\/product\/img\/300x300\/7059165.jpg?t=20250227090502"
    },
    {
        "id": 5735,
        "name": "Pi\u00f1a en su Jugo Pack de 3 PELLI",
        "price": 2.45,
        "price_kilo": 5.83,
        "slug": "pina-en-su-jugo-pack-de-3",
        "description": "Pi\u00f1a en su Jugo Pack de 3 3 x 140 Gr",
        "image": "https:\/\/cdn-consum.aktiosdigitalservices.com\/tol\/consum\/media\/product\/img\/300x300\/7059426.jpg?t=20250311133143"
    },
    {
        "id": 5736,
        "name": "Garbanzos Espinacas Frasco LUENGO",
        "price": 1.49,
        "price_kilo": 4.03,
        "slug": "garbanzos-espinacas-frasco",
        "description": "Garbanzos Espinacas Frasco 370 Gr",
        "image": "https:\/\/cdn-consum.aktiosdigitalservices.com\/tol\/consum\/media\/product\/img\/300x300\/7059520.jpg?t=20241217081011"
    },
    {
        "id": 5737,
        "name": "Batido al Cacao Pack de 6 PULEVA",
        "price": 2.79,
        "price_kilo": 2.33,
        "slug": "batido-al-cacao-pack-de-6",
        "description": "Batido al Cacao Pack de 6 6 x 200 ml",
        "image": "https:\/\/cdn-consum.aktiosdigitalservices.com\/tol\/consum\/media\/product\/img\/300x300\/7059769.jpg?t=20250312092743"
    },
    {
        "id": 5738,
        "name": "Pizza congelada Ristorante At\u00fan RISTORANTE",
        "price": 3.89,
        "price_kilo": 10.96,
        "slug": "pizza-congelada-ristorante-atun",
        "description": "Pizza congelada Ristorante At\u00fan 355 Gr",
        "image": "https:\/\/cdn-consum.aktiosdigitalservices.com\/tol\/consum\/media\/product\/img\/300x300\/7059954.jpg?t=20250227090506"
    },
    {
        "id": 5739,
        "name": "Espirales con Vegetales Paquete CONSUM",
        "price": 0.99,
        "price_kilo": 1.98,
        "slug": "espirales-con-vegetales-paquete",
        "description": "Espirales con Vegetales Paquete 500 Gr",
        "image": "https:\/\/cdn-consum.aktiosdigitalservices.com\/tol\/consum\/media\/product\/img\/300x300\/7060507.jpg?t=20250222075728"
    },
    {
        "id": 5742,
        "name": "Macarrones Paquete CONSUM",
        "price": 0.8,
        "price_kilo": 1.6,
        "slug": "macarrones-paquete",
        "description": "Macarrones Paquete 500 Gr",
        "image": "https:\/\/cdn-consum.aktiosdigitalservices.com\/tol\/consum\/media\/product\/img\/300x300\/7060531.jpg?t=20250312092743"
    },
    {
        "id": 5743,
        "name": "Spaghetti Paquete CONSUM",
        "price": 0.8,
        "price_kilo": 1.6,
        "slug": "spaghetti-paquete",
        "description": "Spaghetti Paquete 500 Gr",
        "image": "https:\/\/cdn-consum.aktiosdigitalservices.com\/tol\/consum\/media\/product\/img\/300x300\/7060536.jpg?t=20250319075750"
    },
    {
        "id": 5744,
        "name": "Fideua Paquete CONSUM",
        "price": 0.8,
        "price_kilo": 1.6,
        "slug": "fideua-paquete",
        "description": "Fideua Paquete 500 Gr",
        "image": "https:\/\/cdn-consum.aktiosdigitalservices.com\/tol\/consum\/media\/product\/img\/300x300\/7060544.jpg?t=20250312092743"
    },
    {
        "id": 5745,
        "name": "Tallarines Paquete CONSUM",
        "price": 0.8,
        "price_kilo": 1.6,
        "slug": "tallarines-paquete",
        "description": "Tallarines Paquete 500 Gr",
        "image": "https:\/\/cdn-consum.aktiosdigitalservices.com\/tol\/consum\/media\/product\/img\/300x300\/7060549.jpg?t=20250319075752"
    },
    {
        "id": 5746,
        "name": "Pasta Tiburones Paquete CONSUM",
        "price": 0.8,
        "price_kilo": 1.6,
        "slug": "pasta-tiburones-paquete",
        "description": "Pasta Tiburones Paquete 500 Gr",
        "image": "https:\/\/cdn-consum.aktiosdigitalservices.com\/tol\/consum\/media\/product\/img\/300x300\/7060551.jpg?t=20250311164537"
    },
    {
        "id": 5747,
        "name": "Espirales Paquete CONSUM",
        "price": 0.8,
        "price_kilo": 1.6,
        "slug": "espirales-paquete",
        "description": "Espirales Paquete 500 Gr",
        "image": "https:\/\/cdn-consum.aktiosdigitalservices.com\/tol\/consum\/media\/product\/img\/300x300\/7060556.jpg?t=20250224075636"
    },
    {
        "id": 5748,
        "name": "Pasta Maravilla Paquete CONSUM",
        "price": 0.8,
        "price_kilo": 1.6,
        "slug": "pasta-maravilla-paquete",
        "description": "Pasta Maravilla Paquete 500 Gr",
        "image": "https:\/\/cdn-consum.aktiosdigitalservices.com\/tol\/consum\/media\/product\/img\/300x300\/7060564.jpg?t=20250319075754"
    },
    {
        "id": 5749,
        "name": "Macarrones Finos Paquete CONSUM",
        "price": 0.8,
        "price_kilo": 1.6,
        "slug": "macarrones-finos-paquete",
        "description": "Macarrones Finos Paquete 500 Gr",
        "image": "https:\/\/cdn-consum.aktiosdigitalservices.com\/tol\/consum\/media\/product\/img\/300x300\/7060569.jpg?t=20250228075816"
    },
    {
        "id": 5750,
        "name": "Macarrones Rayados Paquete CONSUM",
        "price": 0.86,
        "price_kilo": 1.72,
        "slug": "macarrones-rayados-paquete",
        "description": "Macarrones Rayados Paquete 500 Gr",
        "image": "https:\/\/cdn-consum.aktiosdigitalservices.com\/tol\/consum\/media\/product\/img\/300x300\/7060572.jpg?t=20250228075817"
    },
    {
        "id": 5751,
        "name": "Pasta Estrellas Paquete CONSUM",
        "price": 0.8,
        "price_kilo": 1.6,
        "slug": "pasta-estrellas-paquete",
        "description": "Pasta Estrellas Paquete 500 Gr",
        "image": "https:\/\/cdn-consum.aktiosdigitalservices.com\/tol\/consum\/media\/product\/img\/300x300\/7060577.jpg?t=20250222075732"
    },
    {
        "id": 5752,
        "name": "Fideos Cabell\u00edn Paquete CONSUM",
        "price": 0.8,
        "price_kilo": 1.6,
        "slug": "fideos-cabellin-paquete",
        "description": "Fideos Cabell\u00edn Paquete 500 Gr",
        "image": "https:\/\/cdn-consum.aktiosdigitalservices.com\/tol\/consum\/media\/product\/img\/300x300\/7060598.jpg?t=20250228075820"
    },
    {
        "id": 5753,
        "name": "Fideos Medianos Paquete CONSUM",
        "price": 0.8,
        "price_kilo": 1.6,
        "slug": "fideos-medianos-paquete",
        "description": "Fideos Medianos Paquete 500 Gr",
        "image": "https:\/\/cdn-consum.aktiosdigitalservices.com\/tol\/consum\/media\/product\/img\/300x300\/7060606.jpg?t=20250311164537"
    },
    {
        "id": 5755,
        "name": "Toldo Salvalluvias COLEBOLSA",
        "price": 1.99,
        "price_kilo": 1.99,
        "slug": "toldo-salvalluvias",
        "description": "Toldo Salvalluvias 1 U",
        "image": "https:\/\/cdn-consum.aktiosdigitalservices.com\/tol\/consum\/media\/product\/img\/300x300\/7060965.jpg?t=20241217081011"
    },
    {
        "id": 5763,
        "name": "Queso Fresco Pack de 2 Unidades CONSUM",
        "price": 1.98,
        "price_kilo": 3.96,
        "slug": "queso-fresco-pack-de-2-unidades",
        "description": "Queso Fresco Pack de 2 Unidades 2 x 250 Gr",
        "image": "https:\/\/cdn-consum.aktiosdigitalservices.com\/tol\/consum\/media\/product\/img\/300x300\/7061252.jpg?t=20250103080437"
    },
    {
        "id": 5767,
        "name": "Crema Manos Protectora R\u00e1pida Absorci\u00f3n EUDERMIN",
        "price": 2.15,
        "price_kilo": 2.87,
        "slug": "crema-manos-protectora-rapida-absorcion",
        "description": "Crema Manos Protectora R\u00e1pida Absorci\u00f3n 75 ml",
        "image": "https:\/\/cdn-consum.aktiosdigitalservices.com\/tol\/consum\/media\/product\/img\/300x300\/7061641.jpg?t=20250311164537"
    },
    {
        "id": 5768,
        "name": "Dent\u00edfrico Blanqueador KYREY",
        "price": 0.99,
        "price_kilo": 1.32,
        "slug": "dentifrico-blanqueador",
        "description": "Dent\u00edfrico Blanqueador 75 ml",
        "image": "https:\/\/cdn-consum.aktiosdigitalservices.com\/tol\/consum\/media\/product\/img\/300x300\/7061802.jpg?t=20241217081011"
    },
    {
        "id": 5769,
        "name": "Gel Dental 2 a 6 A\u00f1os Sabor Fresa CONSUM KIDS",
        "price": 0.89,
        "price_kilo": 1.78,
        "slug": "gel-dental-2-a-6-anos-sabor-fresa",
        "description": "Gel Dental 2 a 6 A\u00f1os Sabor Fresa 50 ml",
        "image": "https:\/\/cdn-consum.aktiosdigitalservices.com\/tol\/consum\/media\/product\/img\/300x300\/7061831.jpg?t=20241217081011"
    },
    {
        "id": 5770,
        "name": "Enjuague Bucal Junior CONSUM KIDS",
        "price": 1.4,
        "price_kilo": 0.28,
        "slug": "enjuague-bucal-junior",
        "description": "Enjuague Bucal Junior 500 ml",
        "image": "https:\/\/cdn-consum.aktiosdigitalservices.com\/tol\/consum\/media\/product\/img\/300x300\/7061851.jpg?t=20241217081011"
    },
    {
        "id": 5771,
        "name": "Agua Mineral Natural Tap\u00f3n Sport CONSUM",
        "price": 0.26,
        "price_kilo": 0.79,
        "slug": "agua-mineral-natural-tapon-sport",
        "description": "Agua Mineral Natural Tap\u00f3n Sport 0,33 L",
        "image": "https:\/\/cdn-consum.aktiosdigitalservices.com\/tol\/consum\/media\/product\/img\/300x300\/7061869.jpg?t=20250205075934"
    },
    {
        "id": 5772,
        "name": "Agua Mineral Natural. Tap\u00f3n Rosca CONSUM",
        "price": 0.24,
        "price_kilo": 0.48,
        "slug": "agua-mineral-natural-tapon-rosca",
        "description": "Agua Mineral Natural. Tap\u00f3n Rosca 0,5 L",
        "image": "https:\/\/cdn-consum.aktiosdigitalservices.com\/tol\/consum\/media\/product\/img\/300x300\/7061877.jpg?t=20250205075935"
    },
    {
        "id": 5773,
        "name": "T\u00f3nica Botella CONSUM",
        "price": 0.95,
        "price_kilo": 0.63,
        "slug": "tonica-botella",
        "description": "T\u00f3nica Botella 1,5 L",
        "image": "https:\/\/cdn-consum.aktiosdigitalservices.com\/tol\/consum\/media\/product\/img\/300x300\/7061927.jpg?t=20241217081011"
    },
    {
        "id": 5774,
        "name": "Cortezas de Cerdo Bolsa CONSUM",
        "price": 1.27,
        "price_kilo": 12.7,
        "slug": "cortezas-de-cerdo-bolsa",
        "description": "Cortezas de Cerdo Bolsa 100 Gr",
        "image": "https:\/\/cdn-consum.aktiosdigitalservices.com\/tol\/consum\/media\/product\/img\/300x300\/7062024.jpg?t=20241217081012"
    },
    {
        "id": 5778,
        "name": "Nata Montada 500 Ml. CONSUM",
        "price": 2.25,
        "price_kilo": 9.78,
        "slug": "nata-montada-500-ml",
        "description": "Nata Montada 500 Ml. 230 Gr",
        "image": "https:\/\/cdn-consum.aktiosdigitalservices.com\/tol\/consum\/media\/product\/img\/300x300\/7062581.jpg?t=20250312125047"
    },
    {
        "id": 5781,
        "name": "Champ\u00fa 2 en 1 Delicado TIMOTEI",
        "price": 3.29,
        "price_kilo": 0.82,
        "slug": "champu-2-en-1-delicado",
        "description": "Champ\u00fa 2 en 1 Delicado 400 ml",
        "image": "https:\/\/cdn-consum.aktiosdigitalservices.com\/tol\/consum\/media\/product\/img\/300x300\/7063944.jpg?t=20250206090842"
    },
    {
        "id": 5782,
        "name": "Chocolate con Leche CONSUM",
        "price": 1.35,
        "price_kilo": 9,
        "slug": "chocolate-con-leche",
        "description": "Chocolate con Leche 150 Gr",
        "image": "https:\/\/cdn-consum.aktiosdigitalservices.com\/tol\/consum\/media\/product\/img\/300x300\/7064004.jpg?t=20250311133146"
    },
    {
        "id": 5783,
        "name": "Chocolate Blanco Extrafino CONSUM",
        "price": 0.89,
        "price_kilo": 11.87,
        "slug": "chocolate-blanco-extrafino",
        "description": "Chocolate Blanco Extrafino 75 Gr",
        "image": "https:\/\/cdn-consum.aktiosdigitalservices.com\/tol\/consum\/media\/product\/img\/300x300\/7064009.jpg?t=20250311133148"
    },
    {
        "id": 5784,
        "name": "Chocolate con Leche con Almendras CONSUM",
        "price": 1.5,
        "price_kilo": 10,
        "slug": "chocolate-con-leche-con-almendras",
        "description": "Chocolate con Leche con Almendras 150 Gr",
        "image": "https:\/\/cdn-consum.aktiosdigitalservices.com\/tol\/consum\/media\/product\/img\/300x300\/7064020.jpg?t=20250311133150"
    },
    {
        "id": 5785,
        "name": "Chocolate con Avellanas CONSUM",
        "price": 1.5,
        "price_kilo": 10,
        "slug": "chocolate-con-avellanas",
        "description": "Chocolate con Avellanas 150 Gr",
        "image": "https:\/\/cdn-consum.aktiosdigitalservices.com\/tol\/consum\/media\/product\/img\/300x300\/7064025.jpg?t=20250311133152"
    },
    {
        "id": 5786,
        "name": "Jam\u00f3n Cocido Extra CONSUM",
        "price": 2.04,
        "price_kilo": 10.2,
        "slug": "jamon-cocido-extra",
        "description": "Jam\u00f3n Cocido Extra 200 Gr",
        "image": "https:\/\/cdn-consum.aktiosdigitalservices.com\/tol\/consum\/media\/product\/img\/300x300\/7064467.jpg?t=20241217081012"
    },
    {
        "id": 5789,
        "name": "Pi\u00f1a en su Jugo PELLI",
        "price": 1.65,
        "price_kilo": 4.85,
        "slug": "pina-en-su-jugo",
        "description": "Pi\u00f1a en su Jugo 340 Gr",
        "image": "https:\/\/cdn-consum.aktiosdigitalservices.com\/tol\/consum\/media\/product\/img\/300x300\/7064637.jpg?t=20250311133155"
    },
    {
        "id": 5791,
        "name": "Refresco Lim\u00f3n Lata SCHWEPPES",
        "price": 0.97,
        "price_kilo": 2.94,
        "slug": "refresco-limon-lata",
        "description": "Refresco Lim\u00f3n Lata 0,33 L",
        "image": "https:\/\/cdn-consum.aktiosdigitalservices.com\/tol\/consum\/media\/product\/img\/300x300\/7066020.jpg?t=20250311133157"
    },
    {
        "id": 5792,
        "name": "Refresco Lim\u00f3n Zero Lata SCHWEPPES",
        "price": 0.69,
        "price_kilo": 2.09,
        "slug": "refresco-limon-zero-lata",
        "description": "Refresco Lim\u00f3n Zero Lata 0,33 L",
        "image": "https:\/\/cdn-consum.aktiosdigitalservices.com\/tol\/consum\/media\/product\/img\/300x300\/7066033.jpg?t=20250227090519"
    },
    {
        "id": 5793,
        "name": "Infusi\u00f3n Duerme Bien 20 Bolsitas POMPADOUR",
        "price": 2.79,
        "price_kilo": 0.14,
        "slug": "infusion-duerme-bien-20-bolsitas",
        "description": "Infusi\u00f3n Duerme Bien 20 Bolsitas 20 U",
        "image": "https:\/\/cdn-consum.aktiosdigitalservices.com\/tol\/consum\/media\/product\/img\/300x300\/7066066.jpg?t=20250311133159"
    },
    {
        "id": 5794,
        "name": "Desodorante Spray Fresh Nature BYLY",
        "price": 3.35,
        "price_kilo": 1.68,
        "slug": "desodorante-spray-fresh-nature",
        "description": "Desodorante Spray Fresh Nature 200 ml",
        "image": "https:\/\/cdn-consum.aktiosdigitalservices.com\/tol\/consum\/media\/product\/img\/300x300\/7066280.jpg?t=20250304105025"
    },
    {
        "id": 5795,
        "name": "Zumo Exprimido Naranja Sin pulpa - Brik DON SIMON",
        "price": 1.99,
        "price_kilo": 1.99,
        "slug": "zumo-exprimido-naranja-sin-pulpa---brik",
        "description": "Zumo Exprimido Naranja Sin pulpa - Brik 1 L",
        "image": "https:\/\/cdn-consum.aktiosdigitalservices.com\/tol\/consum\/media\/product\/img\/300x300\/7066389.jpg?t=20250311124124"
    },
    {
        "id": 5797,
        "name": "Queso Mezcla Semicurado Cu\u00f1a G.BAQUERO",
        "price": 5.19,
        "price_kilo": 15.97,
        "slug": "queso-mezcla-semicurado-cuna",
        "description": "Queso Mezcla Semicurado Cu\u00f1a 325 Gr",
        "image": "https:\/\/cdn-consum.aktiosdigitalservices.com\/tol\/consum\/media\/product\/img\/300x300\/7067093.jpg?t=20250121080006"
    },
    {
        "id": 5798,
        "name": "Queso Mezcla Tierno Cu\u00f1a G.BAQUERO",
        "price": 4.99,
        "price_kilo": 15.35,
        "slug": "queso-mezcla-tierno-cuna",
        "description": "Queso Mezcla Tierno Cu\u00f1a 325 Gr",
        "image": "https:\/\/cdn-consum.aktiosdigitalservices.com\/tol\/consum\/media\/product\/img\/300x300\/7067098.jpg?t=20250206090902"
    },
    {
        "id": 5810,
        "name": "Barritas de Surimi KRISSIA",
        "price": 2.69,
        "price_kilo": 14.94,
        "slug": "barritas-de-surimi",
        "description": "Barritas de Surimi 180 Gr",
        "image": "https:\/\/cdn-consum.aktiosdigitalservices.com\/tol\/consum\/media\/product\/img\/300x300\/7067903.jpg?t=20250312155920"
    },
    {
        "id": 5811,
        "name": "Cava Brut Nature D.O.Cava JAUME SERRA",
        "price": 4.25,
        "price_kilo": 5.67,
        "slug": "cava-brut-nature-docava",
        "description": "Cava Brut Nature D.O.Cava 0,75 L",
        "image": "https:\/\/cdn-consum.aktiosdigitalservices.com\/tol\/consum\/media\/product\/img\/300x300\/7067994.jpg?t=20250313080012"
    },
    {
        "id": 5812,
        "name": "Sal Lavavajillas En Grano FINISH",
        "price": 6.99,
        "price_kilo": 3.5,
        "slug": "sal-lavavajillas-en-grano",
        "description": "Sal Lavavajillas En Grano 2 Kg",
        "image": "https:\/\/cdn-consum.aktiosdigitalservices.com\/tol\/consum\/media\/product\/img\/300x300\/7068484.jpg?t=20241217081012"
    },
    {
        "id": 5815,
        "name": "Apio Verde Cortado Bandeja ",
        "price": 1.29,
        "price_kilo": 4.3,
        "slug": "apio-verde-cortado-bandeja",
        "description": "Apio Verde Cortado Bandeja 300 Gr",
        "image": "https:\/\/cdn-consum.aktiosdigitalservices.com\/tol\/consum\/media\/product\/img\/300x300\/7068872.jpg?t=20250121080008"
    },
    {
        "id": 5816,
        "name": "Salsa Bechamel Brik RENY PICOT",
        "price": 1.99,
        "price_kilo": 3.98,
        "slug": "salsa-bechamel-brik",
        "description": "Salsa Bechamel Brik 500 ml",
        "image": "https:\/\/cdn-consum.aktiosdigitalservices.com\/tol\/consum\/media\/product\/img\/300x300\/7068914.jpg?t=20250311104051"
    },
    {
        "id": 5817,
        "name": "Gamuzas Atrapapolvo CONSUM",
        "price": 1.25,
        "price_kilo": 0.06,
        "slug": "gamuzas-atrapapolvo",
        "description": "Gamuzas Atrapapolvo 20 U",
        "image": "https:\/\/cdn-consum.aktiosdigitalservices.com\/tol\/consum\/media\/product\/img\/300x300\/7068984.jpg?t=20241217081013"
    },
    {
        "id": 5818,
        "name": "Aluminio CONSUM",
        "price": 2.25,
        "price_kilo": 0.08,
        "slug": "aluminio",
        "description": "Aluminio 30 M",
        "image": "https:\/\/cdn-consum.aktiosdigitalservices.com\/tol\/consum\/media\/product\/img\/300x300\/7069003.jpg?t=20241226075628"
    },
    {
        "id": 5819,
        "name": "Aluminio CONSUM",
        "price": 3.59,
        "price_kilo": 0.07,
        "slug": "aluminio",
        "description": "Aluminio 50 M",
        "image": "https:\/\/cdn-consum.aktiosdigitalservices.com\/tol\/consum\/media\/product\/img\/300x300\/7069008.jpg?t=20250312092743"
    },
    {
        "id": 5821,
        "name": "Aceitunas Rellenas Anchoa Suave Pack 3 JOLCA",
        "price": 3.15,
        "price_kilo": 21,
        "slug": "aceitunas-rellenas-anchoa-suave-pack-3",
        "description": "Aceitunas Rellenas Anchoa Suave Pack 3 3 x 50 Gr",
        "image": "https:\/\/cdn-consum.aktiosdigitalservices.com\/tol\/consum\/media\/product\/img\/300x300\/7069029.jpg?t=20250318075934"
    },
    {
        "id": 5822,
        "name": "Queso Mezcla Tronch\u00f3n Cu\u00f1a GRANJA RINYA",
        "price": 2.51,
        "price_kilo": 12.55,
        "slug": "queso-mezcla-tronchon-cuna",
        "description": "Queso Mezcla Tronch\u00f3n Cu\u00f1a 200 Gr",
        "image": "https:\/\/cdn-consum.aktiosdigitalservices.com\/tol\/consum\/media\/product\/img\/300x300\/7069102.jpg?t=20250103080458"
    },
    {
        "id": 5823,
        "name": "Suavizante Concentrado Azul FLOR",
        "price": 2.99,
        "price_kilo": 0.05,
        "slug": "suavizante-concentrado-azul",
        "description": "Suavizante Concentrado Azul 59 Lavados",
        "image": "https:\/\/cdn-consum.aktiosdigitalservices.com\/tol\/consum\/media\/product\/img\/300x300\/7069214.jpg?t=20250313080019"
    },
    {
        "id": 5824,
        "name": "Caldo L\u00edquido Casero de Pollo  Brik CONSUM",
        "price": 0.7,
        "price_kilo": 0.7,
        "slug": "caldo-liquido-casero-de-pollo-brik",
        "description": "Caldo L\u00edquido Casero de Pollo  Brik 1 L",
        "image": "https:\/\/cdn-consum.aktiosdigitalservices.com\/tol\/consum\/media\/product\/img\/300x300\/7069292.jpg?t=20241217081013"
    },
    {
        "id": 5825,
        "name": "Caldo L\u00edquido Pescado Brik CONSUM",
        "price": 1,
        "price_kilo": 1,
        "slug": "caldo-liquido-pescado-brik",
        "description": "Caldo L\u00edquido Pescado Brik 1 L",
        "image": "https:\/\/cdn-consum.aktiosdigitalservices.com\/tol\/consum\/media\/product\/img\/300x300\/7069297.jpg?t=20250206090917"
    },
    {
        "id": 5827,
        "name": "Pechuga de Pavo Finas Lonchas CONSUM",
        "price": 2,
        "price_kilo": 10,
        "slug": "pechuga-de-pavo-finas-lonchas",
        "description": "Pechuga de Pavo Finas Lonchas 200 Gr",
        "image": "https:\/\/cdn-consum.aktiosdigitalservices.com\/tol\/consum\/media\/product\/img\/300x300\/7069305.jpg?t=20241217081013"
    },
    {
        "id": 5828,
        "name": "Refresco Cola Zero Botella COCA-COLA",
        "price": 1.49,
        "price_kilo": 2.98,
        "slug": "refresco-cola-zero-botella",
        "description": "Refresco Cola Zero Botella 0,5 L",
        "image": "https:\/\/cdn-consum.aktiosdigitalservices.com\/tol\/consum\/media\/product\/img\/300x300\/7069458.jpg?t=20250228075825"
    },
    {
        "id": 5829,
        "name": "Bebida Isot\u00f3nica Naranja Botella AQUARIUS",
        "price": 1.49,
        "price_kilo": 2.98,
        "slug": "bebida-isotonica-naranja-botella",
        "description": "Bebida Isot\u00f3nica Naranja Botella 0,5 L",
        "image": "https:\/\/cdn-consum.aktiosdigitalservices.com\/tol\/consum\/media\/product\/img\/300x300\/7069461.jpg?t=20250228075827"
    },
    {
        "id": 5830,
        "name": "Bebida Isot\u00f3nica Lim\u00f3n Botella AQUARIUS",
        "price": 1.49,
        "price_kilo": 2.98,
        "slug": "bebida-isotonica-limon-botella",
        "description": "Bebida Isot\u00f3nica Lim\u00f3n Botella 0,5 L",
        "image": "https:\/\/cdn-consum.aktiosdigitalservices.com\/tol\/consum\/media\/product\/img\/300x300\/7069466.jpg?t=20250228075829"
    },
    {
        "id": 5833,
        "name": "Peques3 Crecimiento con Cereales PULEVA",
        "price": 1.79,
        "price_kilo": 1.79,
        "slug": "peques3-crecimiento-con-cereales",
        "description": "Peques3 Crecimiento con Cereales 1 L",
        "image": "https:\/\/cdn-consum.aktiosdigitalservices.com\/tol\/consum\/media\/product\/img\/300x300\/7069508.jpg?t=20250313080021"
    },
    {
        "id": 5836,
        "name": "Pizza congelada Ristorante 4 Quesos RISTORANTE",
        "price": 3.89,
        "price_kilo": 11.44,
        "slug": "pizza-congelada-ristorante-4-quesos",
        "description": "Pizza congelada Ristorante 4 Quesos 340 Gr",
        "image": "https:\/\/cdn-consum.aktiosdigitalservices.com\/tol\/consum\/media\/product\/img\/300x300\/7069581.jpg?t=20250227090535"
    },
    {
        "id": 5837,
        "name": "Magdalena Cuadrada CONSUM",
        "price": 1.29,
        "price_kilo": 3.69,
        "slug": "magdalena-cuadrada",
        "description": "Magdalena Cuadrada 350 Gr",
        "image": "https:\/\/cdn-consum.aktiosdigitalservices.com\/tol\/consum\/media\/product\/img\/300x300\/7069771.jpg?t=20250311104059"
    },
    {
        "id": 5839,
        "name": "Valencianas 12 Unidades CONSUM",
        "price": 1.35,
        "price_kilo": 3.86,
        "slug": "valencianas-12-unidades",
        "description": "Valencianas 12 Unidades 350 Gr",
        "image": "https:\/\/cdn-consum.aktiosdigitalservices.com\/tol\/consum\/media\/product\/img\/300x300\/7069789.jpg?t=20250312092743"
    },
    {
        "id": 5840,
        "name": "Valencianas 24 Unidades CONSUM",
        "price": 2.4,
        "price_kilo": 3.43,
        "slug": "valencianas-24-unidades",
        "description": "Valencianas 24 Unidades 700 Gr",
        "image": "https:\/\/cdn-consum.aktiosdigitalservices.com\/tol\/consum\/media\/product\/img\/300x300\/7069792.jpg?t=20250311104106"
    },
    {
        "id": 5841,
        "name": "Pan de Molde Clasico 16 Rebanadas. CONSUM",
        "price": 0.8,
        "price_kilo": 1.74,
        "slug": "pan-de-molde-clasico-16-rebanadas",
        "description": "Pan de Molde Clasico 16 Rebanadas. 460 Gr",
        "image": "https:\/\/cdn-consum.aktiosdigitalservices.com\/tol\/consum\/media\/product\/img\/300x300\/7069797.jpg?t=20250311133205"
    },
    {
        "id": 5842,
        "name": "Pan Molde 100% Integral 0% Az\u00facares A\u00f1adidos CONSUM",
        "price": 0.9,
        "price_kilo": 1.96,
        "slug": "pan-molde-100-integral-0-azucares-anadidos",
        "description": "Pan Molde 100% Integral 0% Az\u00facares A\u00f1adidos 460 Gr",
        "image": "https:\/\/cdn-consum.aktiosdigitalservices.com\/tol\/consum\/media\/product\/img\/300x300\/7069800.jpg?t=20250311104111"
    },
    {
        "id": 5843,
        "name": "Pan Maxi Burger 4 Unidades CONSUM",
        "price": 0.85,
        "price_kilo": 2.83,
        "slug": "pan-maxi-burger-4-unidades",
        "description": "Pan Maxi Burger 4 Unidades 300 Gr",
        "image": "https:\/\/cdn-consum.aktiosdigitalservices.com\/tol\/consum\/media\/product\/img\/300x300\/7069821.jpg?t=20250311104114"
    },
    {
        "id": 5844,
        "name": "Pan Hot Dog 6 Unidades CONSUM",
        "price": 0.9,
        "price_kilo": 2.73,
        "slug": "pan-hot-dog-6-unidades",
        "description": "Pan Hot Dog 6 Unidades 330 Gr",
        "image": "https:\/\/cdn-consum.aktiosdigitalservices.com\/tol\/consum\/media\/product\/img\/300x300\/7069826.jpg?t=20250311104117"
    },
    {
        "id": 5846,
        "name": "San Jacobos 4 Unidades congelados CONSUM",
        "price": 1.35,
        "price_kilo": 4.22,
        "slug": "san-jacobos-4-unidades-congelados",
        "description": "San Jacobos 4 Unidades congelados 320 Gr",
        "image": "https:\/\/cdn-consum.aktiosdigitalservices.com\/tol\/consum\/media\/product\/img\/300x300\/7069859.jpg?t=20241217081013"
    },
    {
        "id": 5849,
        "name": "Caramelo Eucalipto Menta Pack de 4 HALLS",
        "price": 2.95,
        "price_kilo": 23.05,
        "slug": "caramelo-eucalipto-menta-pack-de-4",
        "description": "Caramelo Eucalipto Menta Pack de 4 4 x 32 Gr",
        "image": "https:\/\/cdn-consum.aktiosdigitalservices.com\/tol\/consum\/media\/product\/img\/300x300\/7070279.jpg?t=20250311124129"
    },
    {
        "id": 5850,
        "name": "Caramelos C\u00edtricos Vita C sin Az\u00facar HALLS",
        "price": 2.95,
        "price_kilo": 23.05,
        "slug": "caramelos-citricos-vita-c-sin-azucar",
        "description": "Caramelos C\u00edtricos Vita C sin Az\u00facar 4 x 32 Gr",
        "image": "https:\/\/cdn-consum.aktiosdigitalservices.com\/tol\/consum\/media\/product\/img\/300x300\/7070290.jpg?t=20250311124132"
    },
    {
        "id": 5852,
        "name": "Pizza Jam\u00f3n Serrano TARRADELLAS",
        "price": 3.19,
        "price_kilo": 8.18,
        "slug": "pizza-jamon-serrano",
        "description": "Pizza Jam\u00f3n Serrano 390 Gr",
        "image": "https:\/\/cdn-consum.aktiosdigitalservices.com\/tol\/consum\/media\/product\/img\/300x300\/7070753.jpg?t=20241217081013"
    },
    {
        "id": 5854,
        "name": "Cerveza Trigo Alemana Botella FRANZISKANER",
        "price": 1.75,
        "price_kilo": 3.5,
        "slug": "cerveza-trigo-alemana-botella",
        "description": "Cerveza Trigo Alemana Botella 0,5 L",
        "image": "https:\/\/cdn-consum.aktiosdigitalservices.com\/tol\/consum\/media\/product\/img\/300x300\/7070902.jpg?t=20250312125053"
    },
    {
        "id": 5857,
        "name": "Cepillo Dental Suave Filamento Cruzado KYREY",
        "price": 1.35,
        "price_kilo": 1.35,
        "slug": "cepillo-dental-suave-filamento-cruzado",
        "description": "Cepillo Dental Suave Filamento Cruzado 1 U",
        "image": "https:\/\/cdn-consum.aktiosdigitalservices.com\/tol\/consum\/media\/product\/img\/300x300\/7071376.jpg?t=20241217081013"
    },
    {
        "id": 5858,
        "name": "Cepillo Dental Medio Filamento Cruzado KYREY",
        "price": 1.49,
        "price_kilo": 1.49,
        "slug": "cepillo-dental-medio-filamento-cruzado",
        "description": "Cepillo Dental Medio Filamento Cruzado 1 U",
        "image": "https:\/\/cdn-consum.aktiosdigitalservices.com\/tol\/consum\/media\/product\/img\/300x300\/7071384.jpg?t=20241217081013"
    },
    {
        "id": 5859,
        "name": "Cepillo Dental Filamento Cruzado Duro KYREY",
        "price": 1.49,
        "price_kilo": 1.49,
        "slug": "cepillo-dental-filamento-cruzado-duro",
        "description": "Cepillo Dental Filamento Cruzado Duro 1 U",
        "image": "https:\/\/cdn-consum.aktiosdigitalservices.com\/tol\/consum\/media\/product\/img\/300x300\/7071392.jpg?t=20241217081013"
    },
    {
        "id": 5860,
        "name": "Cepillo Dental Avanzado Filamento Medio KYREY",
        "price": 1.5,
        "price_kilo": 1.5,
        "slug": "cepillo-dental-avanzado-filamento-medio",
        "description": "Cepillo Dental Avanzado Filamento Medio 1 U",
        "image": "https:\/\/cdn-consum.aktiosdigitalservices.com\/tol\/consum\/media\/product\/img\/300x300\/7071405.jpg?t=20241217081013"
    },
    {
        "id": 5861,
        "name": "Cepillo Dental Infantil CONSUM KIDS",
        "price": 1.19,
        "price_kilo": 1.19,
        "slug": "cepillo-dental-infantil",
        "description": "Cepillo Dental Infantil 1 U",
        "image": "https:\/\/cdn-consum.aktiosdigitalservices.com\/tol\/consum\/media\/product\/img\/300x300\/7071413.jpg?t=20241217081013"
    },
    {
        "id": 5862,
        "name": "Cepillo Dental Viaje KYREY",
        "price": 0.99,
        "price_kilo": 0.99,
        "slug": "cepillo-dental-viaje",
        "description": "Cepillo Dental Viaje 1 U",
        "image": "https:\/\/cdn-consum.aktiosdigitalservices.com\/tol\/consum\/media\/product\/img\/300x300\/7071418.jpg?t=20241217081013"
    },
    {
        "id": 5863,
        "name": "Cepillo Dental Ortodoncia KYREY",
        "price": 1.8,
        "price_kilo": 1.8,
        "slug": "cepillo-dental-ortodoncia",
        "description": "Cepillo Dental Ortodoncia 1 U",
        "image": "https:\/\/cdn-consum.aktiosdigitalservices.com\/tol\/consum\/media\/product\/img\/300x300\/7071421.jpg?t=20241217081013"
    },
    {
        "id": 5868,
        "name": "Caf\u00e9 Espresso Mezcla Molido CONSUM",
        "price": 3.1,
        "price_kilo": 12.4,
        "slug": "cafe-espresso-mezcla-molido",
        "description": "Caf\u00e9 Espresso Mezcla Molido 250 Gr",
        "image": "https:\/\/cdn-consum.aktiosdigitalservices.com\/tol\/consum\/media\/product\/img\/300x300\/7071629.jpg?t=20250311164538"
    },
    {
        "id": 5869,
        "name": "Comida H\u00fameda para Perros Sabor Buey e H\u00edgado PEDIGREE",
        "price": 2.89,
        "price_kilo": 9.63,
        "slug": "comida-humeda-para-perros-sabor-buey-e-higado",
        "description": "Comida H\u00fameda para Perros Sabor Buey e H\u00edgado en Pat\u00e9 Tarrina 300g",
        "image": "https:\/\/cdn-consum.aktiosdigitalservices.com\/tol\/consum\/media\/product\/img\/300x300\/7071686.jpg?t=20250227090548"
    },
    {
        "id": 5873,
        "name": "Crema de Verduras de la Huerta KNORR",
        "price": 2.29,
        "price_kilo": 4.58,
        "slug": "crema-de-verduras-de-la-huerta",
        "description": "Crema de Verduras de la Huerta 0,5 L",
        "image": "https:\/\/cdn-consum.aktiosdigitalservices.com\/tol\/consum\/media\/product\/img\/300x300\/7072721.jpg?t=20241217081013"
    },
    {
        "id": 5874,
        "name": "Crema de Calabaza con un Toque de Nata KNORR",
        "price": 2.29,
        "price_kilo": 4.58,
        "slug": "crema-de-calabaza-con-un-toque-de-nata",
        "description": "Crema de Calabaza con un Toque de Nata 0,5 L",
        "image": "https:\/\/cdn-consum.aktiosdigitalservices.com\/tol\/consum\/media\/product\/img\/300x300\/7072734.jpg?t=20241217081013"
    },
    {
        "id": 5875,
        "name": "Sazonador para Fajita OLD EL PASO",
        "price": 1.19,
        "price_kilo": 3.96,
        "slug": "sazonador-para-fajita",
        "description": "Sazonador para Fajita 30 Gr",
        "image": "https:\/\/cdn-consum.aktiosdigitalservices.com\/tol\/consum\/media\/product\/img\/300x300\/7072754.jpg?t=20250318075937"
    },
    {
        "id": 5876,
        "name": "Compresas Incontinencia Maxi Discreet INDASEC",
        "price": 5.99,
        "price_kilo": 0.4,
        "slug": "compresas-incontinencia-maxi-discreet",
        "description": "Compresas Incontinencia Maxi Discreet 15 U",
        "image": "https:\/\/cdn-consum.aktiosdigitalservices.com\/tol\/consum\/media\/product\/img\/300x300\/7072903.jpg?t=20250314121357"
    },
    {
        "id": 5877,
        "name": "Dent\u00edfrico Blanqueante SENSODYNE",
        "price": 2.99,
        "price_kilo": 3.99,
        "slug": "dentifrico-blanqueante",
        "description": "Dent\u00edfrico Blanqueante 75 ml",
        "image": "https:\/\/cdn-consum.aktiosdigitalservices.com\/tol\/consum\/media\/product\/img\/300x300\/7072999.jpg?t=20250312155927"
    },
    {
        "id": 5879,
        "name": "Esp\u00e1rragos Extra 6\/9 Piezas Frasco CONSUM",
        "price": 3.05,
        "price_kilo": 9.38,
        "slug": "esparragos-extra-6-9-piezas-frasco",
        "description": "Esp\u00e1rragos Extra 6\/9 Piezas Frasco 325 Gr",
        "image": "https:\/\/cdn-consum.aktiosdigitalservices.com\/tol\/consum\/media\/product\/img\/300x300\/7073489.jpg?t=20241217081014"
    },
    {
        "id": 5880,
        "name": "Mantequilla en Porciones 12 Unidades ASTURIANA",
        "price": 1.69,
        "price_kilo": 17.6,
        "slug": "mantequilla-en-porciones-12-unidades",
        "description": "Mantequilla en Porciones 12 Unidades 96 Gr",
        "image": "https:\/\/cdn-consum.aktiosdigitalservices.com\/tol\/consum\/media\/product\/img\/300x300\/7073653.jpg?t=20241217081014"
    },
    {
        "id": 5882,
        "name": "Crema Lata Azul Cara, Cuerpo y Manos NIVEA",
        "price": 3.99,
        "price_kilo": 1.6,
        "slug": "crema-lata-azul-cara-cuerpo-y-manos",
        "description": "Crema Lata Azul Cara, Cuerpo y Manos 250 ml",
        "image": "https:\/\/cdn-consum.aktiosdigitalservices.com\/tol\/consum\/media\/product\/img\/300x300\/7074185.jpg?t=20250227090558"
    },
    {
        "id": 5883,
        "name": "Cava Semi Carta Nevada D.O.Cava FREIXENET",
        "price": 7.45,
        "price_kilo": 9.93,
        "slug": "cava-semi-carta-nevada-docava",
        "description": "Cava Semi Carta Nevada D.O.Cava 0,75 L",
        "image": "https:\/\/cdn-consum.aktiosdigitalservices.com\/tol\/consum\/media\/product\/img\/300x300\/7074730.jpg?t=20250225075822"
    },
    {
        "id": 5884,
        "name": "Cerveza Especial Botella. A.K.DAMM",
        "price": 1.46,
        "price_kilo": 4.42,
        "slug": "cerveza-especial-botella",
        "description": "Cerveza Especial Botella. 0,33 L",
        "image": "https:\/\/cdn-consum.aktiosdigitalservices.com\/tol\/consum\/media\/product\/img\/300x300\/7074938.jpg?t=20250205075943"
    },
    {
        "id": 5885,
        "name": "Agua Mineral Natural. Botella CONSUM",
        "price": 0.25,
        "price_kilo": 0.17,
        "slug": "agua-mineral-natural-botella",
        "description": "Agua Mineral Natural. Botella 1,5 L",
        "image": "https:\/\/cdn-consum.aktiosdigitalservices.com\/tol\/consum\/media\/product\/img\/300x300\/7075299.jpg?t=20241217081014"
    },
    {
        "id": 5886,
        "name": "Croissants Bolsa CONSUM",
        "price": 1.5,
        "price_kilo": 4.29,
        "slug": "croissants-bolsa",
        "description": "Croissants Bolsa 350 Gr",
        "image": "https:\/\/cdn-consum.aktiosdigitalservices.com\/tol\/consum\/media\/product\/img\/300x300\/7075385.jpg?t=20250311104137"
    },
    {
        "id": 5887,
        "name": "Ensaimadas 6 Unidades CONSUM",
        "price": 1.15,
        "price_kilo": 5.23,
        "slug": "ensaimadas-6-unidades",
        "description": "Ensaimadas 6 Unidades 220 Gr",
        "image": "https:\/\/cdn-consum.aktiosdigitalservices.com\/tol\/consum\/media\/product\/img\/300x300\/7075393.jpg?t=20250320075810"
    },
    {
        "id": 5888,
        "name": "Pan de Leche 8 Unidades CONSUM",
        "price": 1.09,
        "price_kilo": 3.41,
        "slug": "pan-de-leche-8-unidades",
        "description": "Pan de Leche 8 Unidades 320 Gr",
        "image": "https:\/\/cdn-consum.aktiosdigitalservices.com\/tol\/consum\/media\/product\/img\/300x300\/7075401.jpg?t=20250312092744"
    },
    {
        "id": 5889,
        "name": "Croissants Rellenos de Chocolate CONSUM",
        "price": 1.79,
        "price_kilo": 4.97,
        "slug": "croissants-rellenos-de-chocolate",
        "description": "Croissants Rellenos de Chocolate 360 Gr",
        "image": "https:\/\/cdn-consum.aktiosdigitalservices.com\/tol\/consum\/media\/product\/img\/300x300\/7075414.jpg?t=20250312092744"
    },
    {
        "id": 5890,
        "name": "Palmeritas Hojaldre 16 Unidades CONSUM",
        "price": 0.89,
        "price_kilo": 4.94,
        "slug": "palmeritas-hojaldre-16-unidades",
        "description": "Palmeritas Hojaldre 16 Unidades 180 Gr",
        "image": "https:\/\/cdn-consum.aktiosdigitalservices.com\/tol\/consum\/media\/product\/img\/300x300\/7075419.jpg?t=20250311104148"
    },
    {
        "id": 5892,
        "name": "Desodorante Spray Extra Control Microtalco SANEX",
        "price": 3,
        "price_kilo": 1.5,
        "slug": "desodorante-spray-extra-control-microtalco",
        "description": "Desodorante Spray Extra Control Microtalco 200 ml",
        "image": "https:\/\/cdn-consum.aktiosdigitalservices.com\/tol\/consum\/media\/product\/img\/300x300\/7075653.jpg?t=20250312155929"
    },
    {
        "id": 5893,
        "name": "Desodorante Spray Dermo Invisible SANEX",
        "price": 3.39,
        "price_kilo": 1.7,
        "slug": "desodorante-spray-dermo-invisible",
        "description": "Desodorante Spray Dermo Invisible 200 ml",
        "image": "https:\/\/cdn-consum.aktiosdigitalservices.com\/tol\/consum\/media\/product\/img\/300x300\/7075658.jpg?t=20250227090602"
    },
    {
        "id": 5894,
        "name": "Ajoaceite Artesano GIL",
        "price": 1.69,
        "price_kilo": 13,
        "slug": "ajoaceite-artesano",
        "description": "Ajoaceite Artesano 130 ml",
        "image": "https:\/\/cdn-consum.aktiosdigitalservices.com\/tol\/consum\/media\/product\/img\/300x300\/7075984.jpg?t=20241217081014"
    },
    {
        "id": 5896,
        "name": "Salchich\u00f3n Extra Lonchas 4x60 CONSUM",
        "price": 2.05,
        "price_kilo": 8.54,
        "slug": "salchichon-extra-lonchas-4x60",
        "description": "Salchich\u00f3n Extra Lonchas 4x60 (240gr)",
        "image": "https:\/\/cdn-consum.aktiosdigitalservices.com\/tol\/consum\/media\/product\/img\/300x300\/7076107.jpg?t=20241217081014"
    },
    {
        "id": 5897,
        "name": "Chorizo Extra Lonchas 4x60 CONSUM",
        "price": 2.1,
        "price_kilo": 8.75,
        "slug": "chorizo-extra-lonchas-4x60",
        "description": "Chorizo Extra Lonchas 4x60 (240gr)",
        "image": "https:\/\/cdn-consum.aktiosdigitalservices.com\/tol\/consum\/media\/product\/img\/300x300\/7076110.jpg?t=20241217081014"
    },
    {
        "id": 5898,
        "name": "Chorizo Pamplona Lonchas 4x60 CONSUM",
        "price": 2.08,
        "price_kilo": 8.67,
        "slug": "chorizo-pamplona-lonchas-4x60",
        "description": "Chorizo Pamplona Lonchas 4x60 (240gr)",
        "image": "https:\/\/cdn-consum.aktiosdigitalservices.com\/tol\/consum\/media\/product\/img\/300x300\/7076123.jpg?t=20241217081014"
    },
    {
        "id": 5899,
        "name": "Cerveza Especial Lata ALHAMBRA",
        "price": 0.85,
        "price_kilo": 2.58,
        "slug": "cerveza-especial-lata",
        "description": "Cerveza Especial Lata 0,33 L",
        "image": "https:\/\/cdn-consum.aktiosdigitalservices.com\/tol\/consum\/media\/product\/img\/300x300\/7076214.jpg?t=20250312125056"
    },
    {
        "id": 5900,
        "name": "Melocot\u00f3n en Alm\u00edbar Lata CONSUM",
        "price": 2.05,
        "price_kilo": 4.27,
        "slug": "melocoton-en-almibar-lata",
        "description": "Melocot\u00f3n en Alm\u00edbar Lata 480 Gr",
        "image": "https:\/\/cdn-consum.aktiosdigitalservices.com\/tol\/consum\/media\/product\/img\/300x300\/7076250.jpg?t=20250311133208"
    },
    {
        "id": 5901,
        "name": "Melocot\u00f3n en Alm\u00edbar Lata CONSUM",
        "price": 1.25,
        "price_kilo": 5.21,
        "slug": "melocoton-en-almibar-lata",
        "description": "Melocot\u00f3n en Alm\u00edbar Lata 240 Gr",
        "image": "https:\/\/cdn-consum.aktiosdigitalservices.com\/tol\/consum\/media\/product\/img\/300x300\/7076255.jpg?t=20250311133210"
    },
    {
        "id": 5902,
        "name": "Activia 00% Melocot\u00f3n B\u00edfidus Desnatado P-4 DANONE",
        "price": 2,
        "price_kilo": 4.17,
        "slug": "activia-00-melocoton-bifidus-desnatado-p-4",
        "description": "Activia 00% Melocot\u00f3n B\u00edfidus Desnatado P-4 4 x 120 Gr",
        "image": "https:\/\/cdn-consum.aktiosdigitalservices.com\/tol\/consum\/media\/product\/img\/300x300\/7076271.jpg?t=20250312125059"
    },
    {
        "id": 5903,
        "name": "Actimel L\u00edquido Natural Pack 12 Ud. DANONE",
        "price": 5.79,
        "price_kilo": 4.83,
        "slug": "actimel-liquido-natural-pack-12-ud",
        "description": "Actimel L\u00edquido Natural Pack 12 Ud. 12 x 100 Gr",
        "image": "https:\/\/cdn-consum.aktiosdigitalservices.com\/tol\/consum\/media\/product\/img\/300x300\/7076276.jpg?t=20250227090607"
    },
    {
        "id": 5904,
        "name": "Actimel Actikids Sabor Fresa Pack 12 ud. DANONE",
        "price": 5.79,
        "price_kilo": 4.83,
        "slug": "actimel-actikids-sabor-fresa-pack-12-ud",
        "description": "Actimel Actikids Sabor Fresa Pack 12 ud. 12 x 100 Gr",
        "image": "https:\/\/cdn-consum.aktiosdigitalservices.com\/tol\/consum\/media\/product\/img\/300x300\/7076284.jpg?t=20250227090609"
    },
    {
        "id": 5908,
        "name": "Cappuccino C\u00e1psulas 8 + 8 Unidades DOLCE GUSTO",
        "price": 5.2,
        "price_kilo": 0.65,
        "slug": "cappuccino-capsulas-8-8-unidades",
        "description": "Cappuccino C\u00e1psulas 8 + 8 Unidades",
        "image": "https:\/\/cdn-consum.aktiosdigitalservices.com\/tol\/consum\/media\/product\/img\/300x300\/7077246.jpg?t=20250311133215"
    },
    {
        "id": 5910,
        "name": "Caf\u00e9 Espresso C\u00e1psulas DOLCE GUSTO",
        "price": 5.2,
        "price_kilo": 0.33,
        "slug": "cafe-espresso-capsulas",
        "description": "Caf\u00e9 Espresso C\u00e1psulas 16 U",
        "image": "https:\/\/cdn-consum.aktiosdigitalservices.com\/tol\/consum\/media\/product\/img\/300x300\/7077287.jpg?t=20250312155932"
    },
    {
        "id": 5913,
        "name": "Zumo Pi\u00f1a,Uva, Manzana Concentrado Pack de 6 CONSUM",
        "price": 1.5,
        "price_kilo": 1.25,
        "slug": "zumo-pinauva-manzana-concentrado-pack-de-6",
        "description": "Zumo Pi\u00f1a,Uva, Manzana Concentrado Pack de 6 6 x 0,2 L",
        "image": "https:\/\/cdn-consum.aktiosdigitalservices.com\/tol\/consum\/media\/product\/img\/300x300\/7078285.jpg?t=20250321075748"
    },
    {
        "id": 5914,
        "name": "Zumo Melocot\u00f3n,Uva y Manzana Pack de 6 CONSUM",
        "price": 1.5,
        "price_kilo": 1.25,
        "slug": "zumo-melocotonuva-y-manzana-pack-de-6",
        "description": "Zumo Melocot\u00f3n,Uva y Manzana Pack de 6 6 x 0,2 L",
        "image": "https:\/\/cdn-consum.aktiosdigitalservices.com\/tol\/consum\/media\/product\/img\/300x300\/7078520.jpg?t=20250114083938"
    },
    {
        "id": 5915,
        "name": "Tortas de An\u00eds CONSUM",
        "price": 2.1,
        "price_kilo": 5.25,
        "slug": "tortas-de-anis",
        "description": "Tortas de An\u00eds 400 Gr",
        "image": "https:\/\/cdn-consum.aktiosdigitalservices.com\/tol\/consum\/media\/product\/img\/300x300\/7078553.jpg?t=20250311104220"
    },
    {
        "id": 5916,
        "name": "Cacao Soluble CONSUM",
        "price": 2.7,
        "price_kilo": 5.4,
        "slug": "cacao-soluble",
        "description": "Cacao Soluble 500 Gr",
        "image": "https:\/\/cdn-consum.aktiosdigitalservices.com\/tol\/consum\/media\/product\/img\/300x300\/7078587.jpg?t=20250311133221"
    },
    {
        "id": 5917,
        "name": "Cacao Soluble CONSUM",
        "price": 3.99,
        "price_kilo": 4.43,
        "slug": "cacao-soluble",
        "description": "Cacao Soluble 900 Gr",
        "image": "https:\/\/cdn-consum.aktiosdigitalservices.com\/tol\/consum\/media\/product\/img\/300x300\/7078590.jpg?t=20250311133224"
    },
    {
        "id": 5919,
        "name": "Perejil Bolsa ",
        "price": 1.15,
        "price_kilo": 7.67,
        "slug": "perejil-bolsa",
        "description": "Perejil Bolsa 150 Gr",
        "image": "https:\/\/cdn-consum.aktiosdigitalservices.com\/tol\/consum\/media\/product\/img\/300x300\/7078707.jpg?t=20241217081015"
    },
    {
        "id": 5920,
        "name": "Paninis congelados Barbacoa PANNINI",
        "price": 2.99,
        "price_kilo": 11.96,
        "slug": "paninis-congelados-barbacoa",
        "description": "Paninis congelados Barbacoa 250 Gr",
        "image": "https:\/\/cdn-consum.aktiosdigitalservices.com\/tol\/consum\/media\/product\/img\/300x300\/7079742.jpg?t=20250319080110"
    },
    {
        "id": 5921,
        "name": "Levadura Fresca Pack de 2 Unidades LEVANOVA",
        "price": 0.5,
        "price_kilo": 10,
        "slug": "levadura-fresca-pack-de-2-unidades",
        "description": "Levadura Fresca Pack de 2 Unidades 2 x 25 Gr",
        "image": "https:\/\/cdn-consum.aktiosdigitalservices.com\/tol\/consum\/media\/product\/img\/300x300\/7080419.jpg?t=20241217081015"
    },
    {
        "id": 5922,
        "name": "Ap\u00f3sitos Cl\u00e1sicos 4 Tama\u00f1os KYREY PHARMA",
        "price": 0.7,
        "price_kilo": 0.04,
        "slug": "apositos-clasicos-4-tamanos",
        "description": "Ap\u00f3sitos Cl\u00e1sicos 4 Tama\u00f1os 20 U",
        "image": "https:\/\/cdn-consum.aktiosdigitalservices.com\/tol\/consum\/media\/product\/img\/300x300\/7080492.jpg?t=20241217081015"
    },
    {
        "id": 5923,
        "name": "Ap\u00f3sitos Transparentes Tama\u00f1o Medios KYREY PHARMA",
        "price": 0.95,
        "price_kilo": 0.05,
        "slug": "apositos-transparentes-tamano-medios",
        "description": "Ap\u00f3sitos Transparentes Tama\u00f1o Medios 20 U",
        "image": "https:\/\/cdn-consum.aktiosdigitalservices.com\/tol\/consum\/media\/product\/img\/300x300\/7080497.jpg?t=20241217081015"
    },
    {
        "id": 5924,
        "name": "Ap\u00f3sitos Cl\u00e1sicos Tama\u00f1o Medios KYREY PHARMA",
        "price": 1.25,
        "price_kilo": 0.06,
        "slug": "apositos-clasicos-tamano-medios",
        "description": "Ap\u00f3sitos Cl\u00e1sicos Tama\u00f1o Medios 20 U",
        "image": "https:\/\/cdn-consum.aktiosdigitalservices.com\/tol\/consum\/media\/product\/img\/300x300\/7080500.jpg?t=20241217081015"
    },
    {
        "id": 5925,
        "name": "Ap\u00f3sitos Antiampollas Antirozaduras Invisibles KYREY PHARMA",
        "price": 2.99,
        "price_kilo": 0.6,
        "slug": "apositos-antiampollas-antirozaduras-invisibles",
        "description": "Ap\u00f3sitos Antiampollas Antirozaduras Invisibles 5 U",
        "image": "https:\/\/cdn-consum.aktiosdigitalservices.com\/tol\/consum\/media\/product\/img\/300x300\/7080513.jpg?t=20241217081015"
    },
    {
        "id": 5926,
        "name": "Esparadrapo Algod\u00f3n Color Piel 5m x 2,5cm KYREY PHARMA",
        "price": 1.3,
        "price_kilo": 1.3,
        "slug": "esparadrapo-algodon-color-piel-5m-x-25cm",
        "description": "Esparadrapo Algod\u00f3n Color Piel 5m x 2,5cm 1 U",
        "image": "https:\/\/cdn-consum.aktiosdigitalservices.com\/tol\/consum\/media\/product\/img\/300x300\/7080526.jpg?t=20241217081015"
    },
    {
        "id": 5927,
        "name": "Esparadrapo Blanco Tejido sin tejer 5mx2,5cm KYREY PHARMA",
        "price": 1.2,
        "price_kilo": 1.2,
        "slug": "esparadrapo-blanco-tejido-sin-tejer-5mx25cm",
        "description": "Esparadrapo Blanco Tejido sin tejer 5mx2,5cm 1 U",
        "image": "https:\/\/cdn-consum.aktiosdigitalservices.com\/tol\/consum\/media\/product\/img\/300x300\/7080534.jpg?t=20241217081015"
    },
    {
        "id": 5928,
        "name": "Compresa Gasa Est\u00e9ril 30x30 Cent\u00edmetros CONSUM",
        "price": 1.1,
        "price_kilo": 0.11,
        "slug": "compresa-gasa-esteril-30x30-centimetros",
        "description": "Compresa Gasa Est\u00e9ril 30x30 Cent\u00edmetros 10 U",
        "image": "https:\/\/cdn-consum.aktiosdigitalservices.com\/tol\/consum\/media\/product\/img\/300x300\/7080542.jpg?t=20241217081015"
    },
    {
        "id": 5929,
        "name": "Tapones Antirruido de Espuma Suaves KYREY PHARMA",
        "price": 1.99,
        "price_kilo": 0.5,
        "slug": "tapones-antirruido-de-espuma-suaves",
        "description": "Tapones Antirruido de Espuma Suaves 4 U",
        "image": "https:\/\/cdn-consum.aktiosdigitalservices.com\/tol\/consum\/media\/product\/img\/300x300\/7080562.jpg?t=20241217081015"
    },
    {
        "id": 5931,
        "name": "Leche Entera. Brik CONSUM",
        "price": 0.94,
        "price_kilo": 0.94,
        "slug": "leche-entera-brik",
        "description": "Leche Entera. Brik 1 L",
        "image": "https:\/\/cdn-consum.aktiosdigitalservices.com\/tol\/consum\/media\/product\/img\/300x300\/7080596.jpg?t=20250311104227"
    },
    {
        "id": 5932,
        "name": "Leche Semidesnatada. Brik CONSUM",
        "price": 0.85,
        "price_kilo": 0.85,
        "slug": "leche-semidesnatada-brik",
        "description": "Leche Semidesnatada. Brik 1 L",
        "image": "https:\/\/cdn-consum.aktiosdigitalservices.com\/tol\/consum\/media\/product\/img\/300x300\/7080604.jpg?t=20250311104230"
    },
    {
        "id": 5933,
        "name": "Leche Desnatada. Brik CONSUM",
        "price": 0.81,
        "price_kilo": 0.81,
        "slug": "leche-desnatada-brik",
        "description": "Leche Desnatada. Brik 1 L",
        "image": "https:\/\/cdn-consum.aktiosdigitalservices.com\/tol\/consum\/media\/product\/img\/300x300\/7080612.jpg?t=20250311104232"
    },
    {
        "id": 5934,
        "name": "Preparado L\u00e1cteo Omega 3 CONSUM",
        "price": 1.1,
        "price_kilo": 1.1,
        "slug": "preparado-lacteo-omega-3",
        "description": "Preparado L\u00e1cteo Omega 3 1 L",
        "image": "https:\/\/cdn-consum.aktiosdigitalservices.com\/tol\/consum\/media\/product\/img\/300x300\/7080620.jpg?t=20250311104235"
    },
    {
        "id": 5936,
        "name": "Sal Yodada Bolsa CONSUM",
        "price": 0.4,
        "price_kilo": 0.4,
        "slug": "sal-yodada-bolsa",
        "description": "Sal Yodada Bolsa 1000 Gr",
        "image": "https:\/\/cdn-consum.aktiosdigitalservices.com\/tol\/consum\/media\/product\/img\/300x300\/7080740.jpg?t=20250322075829"
    },
    {
        "id": 5937,
        "name": "Sal Fina Bolsa CONSUM",
        "price": 0.4,
        "price_kilo": 0.4,
        "slug": "sal-fina-bolsa",
        "description": "Sal Fina Bolsa 1000 Gr",
        "image": "https:\/\/cdn-consum.aktiosdigitalservices.com\/tol\/consum\/media\/product\/img\/300x300\/7080745.jpg?t=20250322075831"
    },
    {
        "id": 5938,
        "name": "Sal Gruesa Bolsa CONSUM",
        "price": 0.4,
        "price_kilo": 0.4,
        "slug": "sal-gruesa-bolsa",
        "description": "Sal Gruesa Bolsa 1000 Gr",
        "image": "https:\/\/cdn-consum.aktiosdigitalservices.com\/tol\/consum\/media\/product\/img\/300x300\/7080757.jpg?t=20250322075834"
    },
    {
        "id": 5939,
        "name": "Sal para Horneados Bolsa CONSUM",
        "price": 1.25,
        "price_kilo": 0.63,
        "slug": "sal-para-horneados-bolsa",
        "description": "Sal para Horneados Bolsa 2000 Gr",
        "image": "https:\/\/cdn-consum.aktiosdigitalservices.com\/tol\/consum\/media\/product\/img\/300x300\/7080765.jpg?t=20250322075836"
    },
    {
        "id": 5942,
        "name": "Cono Vainilla Chocolate Pack de 6 Unidades CONSUM",
        "price": 2.45,
        "price_kilo": 5.75,
        "slug": "cono-vainilla-chocolate-pack-de-6-unidades",
        "description": "Cono Vainilla Chocolate Pack de 6 Unidades 6 x 71 Gr",
        "image": "https:\/\/cdn-consum.aktiosdigitalservices.com\/tol\/consum\/media\/product\/img\/300x300\/7081151.jpg?t=20241219080038"
    },
    {
        "id": 5946,
        "name": "Galletas Digestive CONSUM",
        "price": 1.6,
        "price_kilo": 2,
        "slug": "galletas-digestive",
        "description": "Galletas Digestive 800 Gr",
        "image": "https:\/\/cdn-consum.aktiosdigitalservices.com\/tol\/consum\/media\/product\/img\/300x300\/7081854.jpg?t=20250312092744"
    },
    {
        "id": 5950,
        "name": "Sofrito de Tomate Cebolla Frasco G.BLANCA",
        "price": 2.25,
        "price_kilo": 6.43,
        "slug": "sofrito-de-tomate-cebolla-frasco",
        "description": "Sofrito de Tomate Cebolla Frasco 350 Gr",
        "image": "https:\/\/cdn-consum.aktiosdigitalservices.com\/tol\/consum\/media\/product\/img\/300x300\/7082142.jpg?t=20250227090620"
    },
    {
        "id": 5951,
        "name": "Mini Bomb\u00f3n Surtido Pack de 8 Unidades CONSUM",
        "price": 2.39,
        "price_kilo": 6.99,
        "slug": "mini-bombon-surtido-pack-de-8-unidades",
        "description": "Mini Bomb\u00f3n Surtido Pack de 8 Unidades 342 Gr",
        "image": "https:\/\/cdn-consum.aktiosdigitalservices.com\/tol\/consum\/media\/product\/img\/300x300\/7082258.jpg?t=20250312125102"
    },
    {
        "id": 5952,
        "name": "Sobrasada Ib\u00e9rica LEGADO",
        "price": 2.49,
        "price_kilo": 9.96,
        "slug": "sobrasada-iberica",
        "description": "Sobrasada Ib\u00e9rica 250 Gr",
        "image": "https:\/\/cdn-consum.aktiosdigitalservices.com\/tol\/consum\/media\/product\/img\/300x300\/7082337.jpg?t=20250311133226"
    },
    {
        "id": 5954,
        "name": "Bebida Espirituosa Solera ALFONSO I",
        "price": 6,
        "price_kilo": 6,
        "slug": "bebida-espirituosa-solera",
        "description": "Bebida Espirituosa Solera 1 L",
        "image": "https:\/\/cdn-consum.aktiosdigitalservices.com\/tol\/consum\/media\/product\/img\/300x300\/7082493.jpg?t=20241217081016"
    },
    {
        "id": 5956,
        "name": "Bizcochitos All Bran Cereales 6U KELLOGG'S",
        "price": 3.99,
        "price_kilo": 16.63,
        "slug": "bizcochitos-all-bran-cereales-6u",
        "description": "Bizcochitos All Bran Cereales 6U 240 Gr",
        "image": "https:\/\/cdn-consum.aktiosdigitalservices.com\/tol\/consum\/media\/product\/img\/300x300\/7082832.jpg?t=20250311133228"
    },
    {
        "id": 5960,
        "name": "Saladitos Pack de 2 CONSUM",
        "price": 1.37,
        "price_kilo": 7.61,
        "slug": "saladitos-pack-de-2",
        "description": "Saladitos Pack de 2 2 x 90 Gr",
        "image": "https:\/\/cdn-consum.aktiosdigitalservices.com\/tol\/consum\/media\/product\/img\/300x300\/7082881.jpg?t=20250311104249"
    },
    {
        "id": 5961,
        "name": "Zumo Pi\u00f1a Manzana Uva Concentrado Pack de 6 DON SIMON",
        "price": 1.99,
        "price_kilo": 1.66,
        "slug": "zumo-pina-manzana-uva-concentrado-pack-de-6",
        "description": "Zumo Pi\u00f1a Manzana Uva Concentrado Pack de 6 6 x 0,2 L",
        "image": "https:\/\/cdn-consum.aktiosdigitalservices.com\/tol\/consum\/media\/product\/img\/300x300\/7082931.jpg?t=20250312155938"
    },
    {
        "id": 5963,
        "name": "At\u00fan Claro  Aceite Oliva Pack de 6 CONSUM",
        "price": 5.15,
        "price_kilo": 16.51,
        "slug": "atun-claro-aceite-oliva-pack-de-6",
        "description": "At\u00fan Claro  Aceite Oliva Pack de 6 6 x 52 Gr",
        "image": "https:\/\/cdn-consum.aktiosdigitalservices.com\/tol\/consum\/media\/product\/img\/300x300\/7083231.jpg?t=20241217081016"
    },
    {
        "id": 5964,
        "name": "At\u00fan Claro Aceite Girasol Pack de 6 CONSUM",
        "price": 4.2,
        "price_kilo": 13.46,
        "slug": "atun-claro-aceite-girasol-pack-de-6",
        "description": "At\u00fan Claro Aceite Girasol Pack de 6 6 x 52 Gr",
        "image": "https:\/\/cdn-consum.aktiosdigitalservices.com\/tol\/consum\/media\/product\/img\/300x300\/7083236.jpg?t=20241217081016"
    },
    {
        "id": 5966,
        "name": "Pepinillos Finos Vinagre Frasco CONSUM",
        "price": 1.29,
        "price_kilo": 5.61,
        "slug": "pepinillos-finos-vinagre-frasco",
        "description": "Pepinillos Finos Vinagre Frasco 230 Gr",
        "image": "https:\/\/cdn-consum.aktiosdigitalservices.com\/tol\/consum\/media\/product\/img\/300x300\/7083327.jpg?t=20250312092745"
    },
    {
        "id": 5967,
        "name": "Pepinillos Finos Sabor Anchoa Frasco CONSUM",
        "price": 1.55,
        "price_kilo": 6.74,
        "slug": "pepinillos-finos-sabor-anchoa-frasco",
        "description": "Pepinillos Finos Sabor Anchoa Frasco 230 Gr",
        "image": "https:\/\/cdn-consum.aktiosdigitalservices.com\/tol\/consum\/media\/product\/img\/300x300\/7083335.jpg?t=20241217081016"
    },
    {
        "id": 5968,
        "name": "Cocktail Aceitunas y Pepinillos Frasco CONSUM",
        "price": 3.1,
        "price_kilo": 6.2,
        "slug": "cocktail-aceitunas-y-pepinillos-frasco",
        "description": "Cocktail Aceitunas y Pepinillos Frasco 500 Gr",
        "image": "https:\/\/cdn-consum.aktiosdigitalservices.com\/tol\/consum\/media\/product\/img\/300x300\/7083350.jpg?t=20250318075941"
    },
    {
        "id": 5969,
        "name": "Banderillas Dulces Frasco CONSUM",
        "price": 2.2,
        "price_kilo": 10.23,
        "slug": "banderillas-dulces-frasco",
        "description": "Banderillas Dulces Frasco 215 Gr",
        "image": "https:\/\/cdn-consum.aktiosdigitalservices.com\/tol\/consum\/media\/product\/img\/300x300\/7083371.jpg?t=20250312092745"
    },
    {
        "id": 5970,
        "name": "Banderillas Picantes Frasco CONSUM",
        "price": 2.2,
        "price_kilo": 10.23,
        "slug": "banderillas-picantes-frasco",
        "description": "Banderillas Picantes Frasco 215 Gr",
        "image": "https:\/\/cdn-consum.aktiosdigitalservices.com\/tol\/consum\/media\/product\/img\/300x300\/7083376.jpg?t=20250312092745"
    },
    {
        "id": 5973,
        "name": "Cerveza Botella Cristal ADLERBRAU",
        "price": 1.05,
        "price_kilo": 1.05,
        "slug": "cerveza-botella-cristal",
        "description": "Cerveza Botella Cristal 1 L",
        "image": "https:\/\/cdn-consum.aktiosdigitalservices.com\/tol\/consum\/media\/product\/img\/300x300\/7083579.jpg?t=20250312092745"
    },
    {
        "id": 5974,
        "name": "Cerveza Botella Cristal  Pack de 6 ADLERBRAU",
        "price": 2.15,
        "price_kilo": 1.43,
        "slug": "cerveza-botella-cristal-pack-de-6",
        "description": "Cerveza Botella Cristal  Pack de 6 6 x 0,25 L",
        "image": "https:\/\/cdn-consum.aktiosdigitalservices.com\/tol\/consum\/media\/product\/img\/300x300\/7083582.jpg?t=20241217081016"
    },
    {
        "id": 5975,
        "name": "Cerveza sin Alcohol Lata ADLERBRAU",
        "price": 0.35,
        "price_kilo": 1.06,
        "slug": "cerveza-sin-alcohol-lata",
        "description": "Cerveza sin Alcohol Lata 0,33 L",
        "image": "https:\/\/cdn-consum.aktiosdigitalservices.com\/tol\/consum\/media\/product\/img\/300x300\/7083590.jpg?t=20241225075712"
    },
    {
        "id": 5976,
        "name": "Cerveza Lata ADLERBRAU",
        "price": 0.31,
        "price_kilo": 0.94,
        "slug": "cerveza-lata",
        "description": "Cerveza Lata 0,33 L",
        "image": "https:\/\/cdn-consum.aktiosdigitalservices.com\/tol\/consum\/media\/product\/img\/300x300\/7083608.jpg?t=20241217081016"
    },
    {
        "id": 5977,
        "name": "Cerveza Lata ADLERBRAU",
        "price": 0.55,
        "price_kilo": 1.1,
        "slug": "cerveza-lata",
        "description": "Cerveza Lata 0,5 L",
        "image": "https:\/\/cdn-consum.aktiosdigitalservices.com\/tol\/consum\/media\/product\/img\/300x300\/7083624.jpg?t=20241217081016"
    },
    {
        "id": 5978,
        "name": "Cerveza sin Alcohol Lim\u00f3n Lata ADLERBRAU",
        "price": 0.45,
        "price_kilo": 1.36,
        "slug": "cerveza-sin-alcohol-limon-lata",
        "description": "Cerveza sin Alcohol Lim\u00f3n Lata 0,33 L",
        "image": "https:\/\/cdn-consum.aktiosdigitalservices.com\/tol\/consum\/media\/product\/img\/300x300\/7083694.jpg?t=20250227090625"
    },
    {
        "id": 5979,
        "name": "Fiambre de Jam\u00f3n de Pavo CAMPOFR\u00cdO",
        "price": 3.99,
        "price_kilo": 10.5,
        "slug": "fiambre-de-jamon-de-pavo",
        "description": "Fiambre de Jam\u00f3n de Pavo 380 Gr",
        "image": "https:\/\/cdn-consum.aktiosdigitalservices.com\/tol\/consum\/media\/product\/img\/300x300\/7084270.jpg?t=20250227090627"
    },
    {
        "id": 5980,
        "name": "Philadelphia Light Tarrina PHILADELPHIA",
        "price": 2.54,
        "price_kilo": 12.7,
        "slug": "philadelphia-light-tarrina",
        "description": "Philadelphia Light Tarrina 200 Gr",
        "image": "https:\/\/cdn-consum.aktiosdigitalservices.com\/tol\/consum\/media\/product\/img\/300x300\/7084288.jpg?t=20250206091030"
    },
    {
        "id": 5982,
        "name": "Masa de Pizza Fin\u00edssima BUITONI",
        "price": 1.99,
        "price_kilo": 7.65,
        "slug": "masa-de-pizza-finissima",
        "description": "Masa de Pizza Fin\u00edssima 260 Gr",
        "image": "https:\/\/cdn-consum.aktiosdigitalservices.com\/tol\/consum\/media\/product\/img\/300x300\/7086374.jpg?t=20250227090628"
    },
    {
        "id": 5983,
        "name": "Caf\u00e9 Soluble Natural CONSUM",
        "price": 2.6,
        "price_kilo": 26,
        "slug": "cafe-soluble-natural",
        "description": "Caf\u00e9 Soluble Natural 100 Gr",
        "image": "https:\/\/cdn-consum.aktiosdigitalservices.com\/tol\/consum\/media\/product\/img\/300x300\/7086390.jpg?t=20250311133233"
    },
    {
        "id": 5984,
        "name": "Caf\u00e9 Soluble Natural CONSUM",
        "price": 3.95,
        "price_kilo": 19.75,
        "slug": "cafe-soluble-natural",
        "description": "Caf\u00e9 Soluble Natural 200 Gr",
        "image": "https:\/\/cdn-consum.aktiosdigitalservices.com\/tol\/consum\/media\/product\/img\/300x300\/7086395.jpg?t=20250311133235"
    },
    {
        "id": 5985,
        "name": "Caf\u00e9 Soluble Descafeinado CONSUM",
        "price": 2.8,
        "price_kilo": 28,
        "slug": "cafe-soluble-descafeinado",
        "description": "Caf\u00e9 Soluble Descafeinado 100 Gr",
        "image": "https:\/\/cdn-consum.aktiosdigitalservices.com\/tol\/consum\/media\/product\/img\/300x300\/7086403.jpg?t=20250312092745"
    },
    {
        "id": 5986,
        "name": "Caf\u00e9 Soluble Descafeinado CONSUM",
        "price": 4.25,
        "price_kilo": 21.25,
        "slug": "cafe-soluble-descafeinado",
        "description": "Caf\u00e9 Soluble Descafeinado 200 Gr",
        "image": "https:\/\/cdn-consum.aktiosdigitalservices.com\/tol\/consum\/media\/product\/img\/300x300\/7086408.jpg?t=20250311133240"
    },
    {
        "id": 5988,
        "name": "Vino Tinto Crianza D.O.Valdepe\u00f1as SE\u00d1OR.LLANOS",
        "price": 1.95,
        "price_kilo": 2.6,
        "slug": "vino-tinto-crianza-dovaldepenas",
        "description": "Vino Tinto Crianza D.O.Valdepe\u00f1as 0,75 L",
        "image": "https:\/\/cdn-consum.aktiosdigitalservices.com\/tol\/consum\/media\/product\/img\/300x300\/7086676.jpg?t=20250218080046"
    },
    {
        "id": 5994,
        "name": "Garbanzos Tostados Bolsa CONSUM",
        "price": 1.29,
        "price_kilo": 10.32,
        "slug": "garbanzos-tostados-bolsa",
        "description": "Garbanzos Tostados Bolsa 125 Gr",
        "image": "https:\/\/cdn-consum.aktiosdigitalservices.com\/tol\/consum\/media\/product\/img\/300x300\/7087187.jpg?t=20241217081017"
    },
    {
        "id": 5996,
        "name": "Anacardos Fritos Doypack CONSUM",
        "price": 2.75,
        "price_kilo": 13.75,
        "slug": "anacardos-fritos-doypack",
        "description": "Anacardos Fritos Doypack 200 Gr",
        "image": "https:\/\/cdn-consum.aktiosdigitalservices.com\/tol\/consum\/media\/product\/img\/300x300\/7087203.jpg?t=20250312092745"
    },
    {
        "id": 5997,
        "name": "Avellanas Tostadas Bolsa CONSUM",
        "price": 3.3,
        "price_kilo": 16.5,
        "slug": "avellanas-tostadas-bolsa",
        "description": "Avellanas Tostadas Bolsa 200 Gr",
        "image": "https:\/\/cdn-consum.aktiosdigitalservices.com\/tol\/consum\/media\/product\/img\/300x300\/7087211.jpg?t=20250128075836"
    },
    {
        "id": 6001,
        "name": "Tinte N\u00ba525 Marr\u00f3n Chocolate LLONGUERAS",
        "price": 7.49,
        "price_kilo": 7.49,
        "slug": "tinte-n525-marron-chocolate",
        "description": "Tinte N\u00ba525 Marr\u00f3n Chocolate 1 U",
        "image": "https:\/\/cdn-consum.aktiosdigitalservices.com\/tol\/consum\/media\/product\/img\/300x300\/7087802.jpg?t=20250304105335"
    },
    {
        "id": 6004,
        "name": "Vino Tinto Crianza D.O.Valdepe\u00f1as VI\u00d1A ALBALI",
        "price": 2.95,
        "price_kilo": 3.93,
        "slug": "vino-tinto-crianza-dovaldepenas",
        "description": "Vino Tinto Crianza D.O.Valdepe\u00f1as 0,75 L",
        "image": "https:\/\/cdn-consum.aktiosdigitalservices.com\/tol\/consum\/media\/product\/img\/300x300\/7088289.jpg?t=20250311124148"
    },
    {
        "id": 6007,
        "name": "Alcachofas 16\/20 Piezas Frasco PELLI",
        "price": 2.85,
        "price_kilo": 17.27,
        "slug": "alcachofas-16-20-piezas-frasco",
        "description": "Alcachofas 16\/20 Piezas Frasco 165 Gr",
        "image": "https:\/\/cdn-consum.aktiosdigitalservices.com\/tol\/consum\/media\/product\/img\/300x300\/7088859.jpg?t=20241217081017"
    },
    {
        "id": 6008,
        "name": "Copos de Arroz y Trigo con Chocolate CONSUM",
        "price": 1.79,
        "price_kilo": 5.97,
        "slug": "copos-de-arroz-y-trigo-con-chocolate",
        "description": "Copos de Arroz y Trigo con Chocolate 300 Gr",
        "image": "https:\/\/cdn-consum.aktiosdigitalservices.com\/tol\/consum\/media\/product\/img\/300x300\/7089170.jpg?t=20250312092745"
    },
    {
        "id": 6013,
        "name": "Cerveza Especial Lata ADLERBRAU",
        "price": 0.34,
        "price_kilo": 1.03,
        "slug": "cerveza-especial-lata",
        "description": "Cerveza Especial Lata 0,33 L",
        "image": "https:\/\/cdn-consum.aktiosdigitalservices.com\/tol\/consum\/media\/product\/img\/300x300\/7089600.jpg?t=20241217081017"
    },
    {
        "id": 6014,
        "name": "Jam\u00f3n Cocido Grand Bouquet NOEL",
        "price": 1.7,
        "price_kilo": 12.14,
        "slug": "jamon-cocido-grand-bouquet",
        "description": "Jam\u00f3n Cocido Grand Bouquet 140 Gr",
        "image": "https:\/\/cdn-consum.aktiosdigitalservices.com\/tol\/consum\/media\/product\/img\/300x300\/7090038.jpg?t=20250227090637"
    },
    {
        "id": 6016,
        "name": "Caf\u00e9 Descafeinado Molido VALIENTE",
        "price": 4.65,
        "price_kilo": 18.6,
        "slug": "cafe-descafeinado-molido",
        "description": "Caf\u00e9 Descafeinado Molido 250 Gr",
        "image": "https:\/\/cdn-consum.aktiosdigitalservices.com\/tol\/consum\/media\/product\/img\/300x300\/7090272.jpg?t=20250311104313"
    },
    {
        "id": 6017,
        "name": "Caf\u00e9 Molido Mezcla VALIENTE",
        "price": 3.9,
        "price_kilo": 15.6,
        "slug": "cafe-molido-mezcla",
        "description": "Caf\u00e9 Molido Mezcla 250 Gr",
        "image": "https:\/\/cdn-consum.aktiosdigitalservices.com\/tol\/consum\/media\/product\/img\/300x300\/7090277.jpg?t=20250312155947"
    },
    {
        "id": 6018,
        "name": "Caf\u00e9 Molido Natural VALIENTE",
        "price": 3.9,
        "price_kilo": 15.6,
        "slug": "cafe-molido-natural",
        "description": "Caf\u00e9 Molido Natural 250 Gr",
        "image": "https:\/\/cdn-consum.aktiosdigitalservices.com\/tol\/consum\/media\/product\/img\/300x300\/7090285.jpg?t=20250312155949"
    },
    {
        "id": 6019,
        "name": "Laca Antiencrespamiento NELLY",
        "price": 3.89,
        "price_kilo": 0.97,
        "slug": "laca-antiencrespamiento",
        "description": "Laca Antiencrespamiento 400 ml",
        "image": "https:\/\/cdn-consum.aktiosdigitalservices.com\/tol\/consum\/media\/product\/img\/300x300\/7090905.jpg?t=20241217081017"
    },
    {
        "id": 6020,
        "name": "Lacasitos Tubo Pack de 4 LACASITOS",
        "price": 3.29,
        "price_kilo": 41.13,
        "slug": "lacasitos-tubo-pack-de-4",
        "description": "Lacasitos Tubo Pack de 4 4 x 20 Gr",
        "image": "https:\/\/cdn-consum.aktiosdigitalservices.com\/tol\/consum\/media\/product\/img\/300x300\/7090913.jpg?t=20250311133251"
    },
    {
        "id": 6024,
        "name": "Arena de Gato Ultra City Aglomerante CITYCAT",
        "price": 2.99,
        "price_kilo": 0.75,
        "slug": "arena-de-gato-ultra-city-aglomerante",
        "description": "Arena de Gato Ultra City Aglomerante 4 Kg",
        "image": "https:\/\/cdn-consum.aktiosdigitalservices.com\/tol\/consum\/media\/product\/img\/300x300\/7091239.jpg?t=20250312092745"
    },
    {
        "id": 6026,
        "name": "Enjuague Bucal Total Care LISTERINE",
        "price": 5.65,
        "price_kilo": 1.13,
        "slug": "enjuague-bucal-total-care",
        "description": "Enjuague Bucal Total Care 500 ml",
        "image": "https:\/\/cdn-consum.aktiosdigitalservices.com\/tol\/consum\/media\/product\/img\/300x300\/7091721.jpg?t=20250311133253"
    },
    {
        "id": 6031,
        "name": "Vel\u00f3n Rojo Cilindro 15 x 5,7 cm ",
        "price": 1.2,
        "price_kilo": 1.2,
        "slug": "velon-rojo-cilindro-15-x-57-cm",
        "description": "Vel\u00f3n Rojo Cilindro 15 x 5,7 cm 1 U",
        "image": "https:\/\/cdn-consum.aktiosdigitalservices.com\/tol\/consum\/media\/product\/img\/300x300\/7092138.jpg?t=20241217081017"
    },
    {
        "id": 6032,
        "name": "Vel\u00f3n Blanco Cilindro 15 x 5,7 cm ",
        "price": 1.2,
        "price_kilo": 1.2,
        "slug": "velon-blanco-cilindro-15-x-57-cm",
        "description": "Vel\u00f3n Blanco Cilindro 15 x 5,7 cm 1 U",
        "image": "https:\/\/cdn-consum.aktiosdigitalservices.com\/tol\/consum\/media\/product\/img\/300x300\/7092158.jpg?t=20241217081017"
    },
    {
        "id": 6038,
        "name": "Bifrutas Tropical Pack de 6 BIFRUTAS",
        "price": 2.52,
        "price_kilo": 2.1,
        "slug": "bifrutas-tropical-pack-de-6",
        "description": "Bifrutas Tropical Pack de 6 6 x 200 ml",
        "image": "https:\/\/cdn-consum.aktiosdigitalservices.com\/tol\/consum\/media\/product\/img\/300x300\/7093107.jpg?t=20250313080030"
    },
    {
        "id": 6039,
        "name": "Galletas Digestive Avena con Chocolate GULLON",
        "price": 2.59,
        "price_kilo": 6.09,
        "slug": "galletas-digestive-avena-con-chocolate",
        "description": "Galletas Digestive Avena con Chocolate 425 Gr",
        "image": "https:\/\/cdn-consum.aktiosdigitalservices.com\/tol\/consum\/media\/product\/img\/300x300\/7093177.jpg?t=20250312092745"
    },
    {
        "id": 6047,
        "name": "Caf\u00e9 Descafeinado Molido Mezcla CONSUM",
        "price": 2.55,
        "price_kilo": 10.2,
        "slug": "cafe-descafeinado-molido-mezcla",
        "description": "Caf\u00e9 Descafeinado Molido Mezcla 250 Gr",
        "image": "https:\/\/cdn-consum.aktiosdigitalservices.com\/tol\/consum\/media\/product\/img\/300x300\/7093693.jpg?t=20250311104329"
    },
    {
        "id": 6048,
        "name": "Fiambre York S\u00e1ndwich ELPOZO",
        "price": 2.35,
        "price_kilo": 9.4,
        "slug": "fiambre-york-sandwich",
        "description": "Fiambre York S\u00e1ndwich 250 Gr",
        "image": "https:\/\/cdn-consum.aktiosdigitalservices.com\/tol\/consum\/media\/product\/img\/300x300\/7093706.jpg?t=20250312155952"
    },
    {
        "id": 6050,
        "name": "Higi\u00e9nico Bouquet Color 4 Rollos M\u00e1s 2 Gratis FOXY",
        "price": 3.89,
        "price_kilo": 0.65,
        "slug": "higienico-bouquet-color-4-rollos-mas-2-gratis",
        "description": "Higi\u00e9nico Bouquet Color 4 Rollos M\u00e1s 2 Gratis 6 U",
        "image": "https:\/\/cdn-consum.aktiosdigitalservices.com\/tol\/consum\/media\/product\/img\/300x300\/7094175.jpg?t=20250206091056"
    },
    {
        "id": 6057,
        "name": "Aceitunas Gazpachas Partidas Frasco CONSUM",
        "price": 2.65,
        "price_kilo": 5.3,
        "slug": "aceitunas-gazpachas-partidas-frasco",
        "description": "Aceitunas Gazpachas Partidas Frasco 500 Gr",
        "image": "https:\/\/cdn-consum.aktiosdigitalservices.com\/tol\/consum\/media\/product\/img\/300x300\/7094840.jpg?t=20241217081018"
    },
    {
        "id": 6058,
        "name": "Maquinilla Blue 3 Desechable Piel Sensible GILLETTE",
        "price": 5.99,
        "price_kilo": 1.5,
        "slug": "maquinilla-blue-3-desechable-piel-sensible",
        "description": "Maquinilla Blue 3 Desechable Piel Sensible 4 U",
        "image": "https:\/\/cdn-consum.aktiosdigitalservices.com\/tol\/consum\/media\/product\/img\/300x300\/7095078.jpg?t=20241217081018"
    },
    {
        "id": 6060,
        "name": "Salvaslip Maxi Pack Ahorro EVAX",
        "price": 4.65,
        "price_kilo": 0.06,
        "slug": "salvaslip-maxi-pack-ahorro",
        "description": "Salvaslip Maxi Pack Ahorro 72 U",
        "image": "https:\/\/cdn-consum.aktiosdigitalservices.com\/tol\/consum\/media\/product\/img\/300x300\/7095292.jpg?t=20250313080032"
    },
    {
        "id": 6062,
        "name": "Queso Castello Pi\u00f1a Unidad ARLA",
        "price": 2.59,
        "price_kilo": 20.72,
        "slug": "queso-castello-pina-unidad",
        "description": "Queso Castello Pi\u00f1a Unidad 125 Gr",
        "image": "https:\/\/cdn-consum.aktiosdigitalservices.com\/tol\/consum\/media\/product\/img\/300x300\/7095404.jpg?t=20250109094530"
    },
    {
        "id": 6063,
        "name": "Melocot\u00f3n en Alm\u00edbar Pack de 3 CONSUM",
        "price": 2.45,
        "price_kilo": 7.1,
        "slug": "melocoton-en-almibar-pack-de-3",
        "description": "Melocot\u00f3n en Alm\u00edbar Pack de 3 3 x 115 Gr",
        "image": "https:\/\/cdn-consum.aktiosdigitalservices.com\/tol\/consum\/media\/product\/img\/300x300\/7095461.jpg?t=20250311133256"
    },
    {
        "id": 6077,
        "name": "Arroz Basmati CONSUM",
        "price": 2.35,
        "price_kilo": 2.35,
        "slug": "arroz-basmati",
        "description": "Arroz Basmati 1 Kg",
        "image": "https:\/\/cdn-consum.aktiosdigitalservices.com\/tol\/consum\/media\/product\/img\/300x300\/7095610.jpg?t=20250103080524"
    },
    {
        "id": 6079,
        "name": "Vino Tinto Roble D.O.Ribera del Duero DEHES.VIEJAS",
        "price": 3.65,
        "price_kilo": 4.87,
        "slug": "vino-tinto-roble-doribera-del-duero",
        "description": "Vino Tinto Roble D.O.Ribera del Duero 0,75 L",
        "image": "https:\/\/cdn-consum.aktiosdigitalservices.com\/tol\/consum\/media\/product\/img\/300x300\/7096253.jpg?t=20241217081018"
    },
    {
        "id": 6081,
        "name": "Tortellinis Rellenos de Carne CONSUM",
        "price": 1.8,
        "price_kilo": 7.2,
        "slug": "tortellinis-rellenos-de-carne",
        "description": "Tortellinis Rellenos de Carne 250 Gr",
        "image": "https:\/\/cdn-consum.aktiosdigitalservices.com\/tol\/consum\/media\/product\/img\/300x300\/7096381.jpg?t=20250103080527"
    },
    {
        "id": 6082,
        "name": "Tortellinis Rellenos de Quesos CONSUM",
        "price": 1.8,
        "price_kilo": 7.2,
        "slug": "tortellinis-rellenos-de-quesos",
        "description": "Tortellinis Rellenos de Quesos 250 Gr",
        "image": "https:\/\/cdn-consum.aktiosdigitalservices.com\/tol\/consum\/media\/product\/img\/300x300\/7096386.jpg?t=20250103080529"
    },
    {
        "id": 6083,
        "name": "Tortellini Relleno Reques\u00f3n y Espinacas CONSUM",
        "price": 1.8,
        "price_kilo": 7.2,
        "slug": "tortellini-relleno-requeson-y-espinacas",
        "description": "Tortellini Relleno Reques\u00f3n y Espinacas 250 Gr",
        "image": "https:\/\/cdn-consum.aktiosdigitalservices.com\/tol\/consum\/media\/product\/img\/300x300\/7096394.jpg?t=20250103080532"
    },
    {
        "id": 6084,
        "name": "Tagliatelles al Huevo CONSUM",
        "price": 1.21,
        "price_kilo": 4.84,
        "slug": "tagliatelles-al-huevo",
        "description": "Tagliatelles al Huevo 250 Gr",
        "image": "https:\/\/cdn-consum.aktiosdigitalservices.com\/tol\/consum\/media\/product\/img\/300x300\/7096407.jpg?t=20250103080537"
    },
    {
        "id": 6087,
        "name": "B\u00falgaros de Chocolate 5 Unidades CONSUM",
        "price": 1.59,
        "price_kilo": 9.09,
        "slug": "bulgaros-de-chocolate-5-unidades",
        "description": "B\u00falgaros de Chocolate 5 Unidades 175 Gr",
        "image": "https:\/\/cdn-consum.aktiosdigitalservices.com\/tol\/consum\/media\/product\/img\/300x300\/7096543.jpg?t=20250311104339"
    },
    {
        "id": 6090,
        "name": "Tomate de untar Frasco Pack de 2 CONSUM",
        "price": 1.9,
        "price_kilo": 5.14,
        "slug": "tomate-de-untar-frasco-pack-de-2",
        "description": "Tomate de untar Frasco Pack de 2 2 x 185 Gr",
        "image": "https:\/\/cdn-consum.aktiosdigitalservices.com\/tol\/consum\/media\/product\/img\/300x300\/7096647.jpg?t=20250204080225"
    },
    {
        "id": 6092,
        "name": "Cerveza Especial Abad\u00eda Botella GRIMBERGEN",
        "price": 1.99,
        "price_kilo": 6.03,
        "slug": "cerveza-especial-abadia-botella",
        "description": "Cerveza Especial Abad\u00eda Botella 0,33 L",
        "image": "https:\/\/cdn-consum.aktiosdigitalservices.com\/tol\/consum\/media\/product\/img\/300x300\/7096824.jpg?t=20250205075956"
    },
    {
        "id": 6093,
        "name": "Brocoli para Cocinar Microondas FLORETTE",
        "price": 1.99,
        "price_kilo": 8.84,
        "slug": "brocoli-para-cocinar-microondas",
        "description": "Brocoli para Cocinar Microondas 225 Gr",
        "image": "https:\/\/cdn-consum.aktiosdigitalservices.com\/tol\/consum\/media\/product\/img\/300x300\/7096832.jpg?t=20250317075717"
    },
    {
        "id": 6096,
        "name": "Zamburi\u00f1as Salsa Vieira Lata CONSUM",
        "price": 1.95,
        "price_kilo": 30,
        "slug": "zamburinas-salsa-vieira-lata",
        "description": "Zamburi\u00f1as Salsa Vieira Lata 65 Gr",
        "image": "https:\/\/cdn-consum.aktiosdigitalservices.com\/tol\/consum\/media\/product\/img\/300x300\/7097285.jpg?t=20241217081018"
    },
    {
        "id": 6100,
        "name": "Filetes de Caballa en Aceite Girasol Lata CONSUM",
        "price": 1.09,
        "price_kilo": 13.63,
        "slug": "filetes-de-caballa-en-aceite-girasol-lata",
        "description": "Filetes de Caballa en Aceite Girasol Lata 80 Gr",
        "image": "https:\/\/cdn-consum.aktiosdigitalservices.com\/tol\/consum\/media\/product\/img\/300x300\/7098200.jpg?t=20241217081018"
    },
    {
        "id": 6101,
        "name": "Filetes de Caballa Sur en Escabeche Lata CONSUM",
        "price": 0.99,
        "price_kilo": 12.69,
        "slug": "filetes-de-caballa-sur-en-escabeche-lata",
        "description": "Filetes de Caballa Sur en Escabeche Lata 78 Gr",
        "image": "https:\/\/cdn-consum.aktiosdigitalservices.com\/tol\/consum\/media\/product\/img\/300x300\/7098205.jpg?t=20250311164542"
    },
    {
        "id": 6102,
        "name": "Huevos M Medianos Docena MONTERDE",
        "price": 2.6,
        "price_kilo": 2.6,
        "slug": "huevos-m-medianos-docena",
        "description": "Huevos M Medianos Docena 1 Dc",
        "image": "https:\/\/cdn-consum.aktiosdigitalservices.com\/tol\/consum\/media\/product\/img\/300x300\/7098382.jpg?t=20250311104344"
    },
    {
        "id": 6103,
        "name": "Huevos L Grandes Docena MONTERDE",
        "price": 2.8,
        "price_kilo": 2.8,
        "slug": "huevos-l-grandes-docena",
        "description": "Huevos L Grandes Docena 1 Dc",
        "image": "https:\/\/cdn-consum.aktiosdigitalservices.com\/tol\/consum\/media\/product\/img\/300x300\/7098395.jpg?t=20250311104345"
    },
    {
        "id": 6104,
        "name": "Huevos L Grandes 1\/2 Docena MONTERDE",
        "price": 1.5,
        "price_kilo": 3,
        "slug": "huevos-l-grandes-1-2-docena",
        "description": "Huevos L Grandes 1\/2 Docena 0,5 Dc",
        "image": "https:\/\/cdn-consum.aktiosdigitalservices.com\/tol\/consum\/media\/product\/img\/300x300\/7098411.jpg?t=20250311104347"
    },
    {
        "id": 6108,
        "name": "Zumo de Lim\u00f3n Exprimido SOLIMON",
        "price": 1.19,
        "price_kilo": 4.25,
        "slug": "zumo-de-limon-exprimido",
        "description": "Zumo de Lim\u00f3n Exprimido 280 ml",
        "image": "https:\/\/cdn-consum.aktiosdigitalservices.com\/tol\/consum\/media\/product\/img\/300x300\/7098718.jpg?t=20250102080104"
    },
    {
        "id": 6111,
        "name": "Limpiahogar Bialcohol TENN",
        "price": 3.05,
        "price_kilo": 2.35,
        "slug": "limpiahogar-bialcohol",
        "description": "Limpiahogar Bialcohol 1,3 L",
        "image": "https:\/\/cdn-consum.aktiosdigitalservices.com\/tol\/consum\/media\/product\/img\/300x300\/7098945.jpg?t=20250313080041"
    },
    {
        "id": 6112,
        "name": "Limpiador Ba\u00f1o TENN",
        "price": 3.05,
        "price_kilo": 2.35,
        "slug": "limpiador-bano",
        "description": "Limpiador Ba\u00f1o 1,3 L",
        "image": "https:\/\/cdn-consum.aktiosdigitalservices.com\/tol\/consum\/media\/product\/img\/300x300\/7098957.jpg?t=20250313080043"
    },
    {
        "id": 6113,
        "name": "Higi\u00e9nico H\u00famedo Fresh SCOTTEX",
        "price": 1.89,
        "price_kilo": 0.05,
        "slug": "higienico-humedo-fresh",
        "description": "Higi\u00e9nico H\u00famedo Fresh 42 U",
        "image": "https:\/\/cdn-consum.aktiosdigitalservices.com\/tol\/consum\/media\/product\/img\/300x300\/7099195.jpg?t=20250312125114"
    },
    {
        "id": 6116,
        "name": "Agua Mineral  Natural Garrafa CONSUM",
        "price": 0.92,
        "price_kilo": 0.12,
        "slug": "agua-mineral-natural-garrafa",
        "description": "Agua Mineral  Natural Garrafa 8 L",
        "image": "https:\/\/cdn-consum.aktiosdigitalservices.com\/tol\/consum\/media\/product\/img\/300x300\/7099682.jpg?t=20250204080234"
    },
    {
        "id": 6119,
        "name": "Longaniza Blanca sin Tripa SERRANO",
        "price": 2.69,
        "price_kilo": 6.04,
        "slug": "longaniza-blanca-sin-tripa",
        "description": "Longaniza Blanca sin Tripa 445 Gr",
        "image": "https:\/\/cdn-consum.aktiosdigitalservices.com\/tol\/consum\/media\/product\/img\/300x300\/7099815.jpg?t=20250225075829"
    },
    {
        "id": 6122,
        "name": "Remolacha Cocida y Pelada HUERCASA",
        "price": 1.04,
        "price_kilo": 2.08,
        "slug": "remolacha-cocida-y-pelada",
        "description": "Remolacha Cocida y Pelada 500 Gr",
        "image": "https:\/\/cdn-consum.aktiosdigitalservices.com\/tol\/consum\/media\/product\/img\/300x300\/7099880.jpg?t=20250206091112"
    },
    {
        "id": 6128,
        "name": "Pizza Forno congelada Jam\u00f3n y Queso BUITONI",
        "price": 3.65,
        "price_kilo": 10.43,
        "slug": "pizza-forno-congelada-jamon-y-queso",
        "description": "Pizza Forno congelada Jam\u00f3n y Queso 350 Gr",
        "image": "https:\/\/cdn-consum.aktiosdigitalservices.com\/tol\/consum\/media\/product\/img\/300x300\/7100824.jpg?t=20250320075821"
    },
    {
        "id": 6130,
        "name": "Cebolla Dulce ",
        "price": 0.67,
        "price_kilo": 2.79,
        "slug": "cebolla-dulce",
        "description": "Cebolla Dulce",
        "image": "https:\/\/cdn-consum.aktiosdigitalservices.com\/tol\/consum\/media\/product\/img\/300x300\/7101137.jpg?t=20250317075718"
    },
    {
        "id": 6131,
        "name": "Pizza congelada Casa Di Mama Prosciutto CASA DI MAMA",
        "price": 4.1,
        "price_kilo": 10.12,
        "slug": "pizza-congelada-casa-di-mama-prosciutto",
        "description": "Pizza congelada Casa Di Mama Prosciutto 405 Gr",
        "image": "https:\/\/cdn-consum.aktiosdigitalservices.com\/tol\/consum\/media\/product\/img\/300x300\/7101327.jpg?t=20250312125119"
    },
    {
        "id": 6132,
        "name": "Pizza congelada Casa Di Mama 4 Quesos CASA DI MAMA",
        "price": 4.1,
        "price_kilo": 10.38,
        "slug": "pizza-congelada-casa-di-mama-4-quesos",
        "description": "Pizza congelada Casa Di Mama 4 Quesos 395 Gr",
        "image": "https:\/\/cdn-consum.aktiosdigitalservices.com\/tol\/consum\/media\/product\/img\/300x300\/7101348.jpg?t=20250312125121"
    },
    {
        "id": 6133,
        "name": "Mortadela Bologna FERRARINI",
        "price": 2.55,
        "price_kilo": 25.5,
        "slug": "mortadela-bologna",
        "description": "Mortadela Bologna 100 Gr",
        "image": "https:\/\/cdn-consum.aktiosdigitalservices.com\/tol\/consum\/media\/product\/img\/300x300\/7101371.jpg?t=20250109094613"
    },
    {
        "id": 6136,
        "name": "Queso Fresco Tradicional Tarrina CONSUM",
        "price": 2.45,
        "price_kilo": 9.8,
        "slug": "queso-fresco-tradicional-tarrina",
        "description": "Queso Fresco Tradicional Tarrina 250 Gr",
        "image": "https:\/\/cdn-consum.aktiosdigitalservices.com\/tol\/consum\/media\/product\/img\/300x300\/7101728.jpg?t=20250103080557"
    },
    {
        "id": 6139,
        "name": "Preparado L\u00e1cteo Max con Cereales PULEVA",
        "price": 1.89,
        "price_kilo": 1.89,
        "slug": "preparado-lacteo-max-con-cereales",
        "description": "Preparado L\u00e1cteo Max con Cereales 1 L",
        "image": "https:\/\/cdn-consum.aktiosdigitalservices.com\/tol\/consum\/media\/product\/img\/300x300\/7101793.jpg?t=20250311104353"
    },
    {
        "id": 6140,
        "name": "Chorizo Tradicional REVILLA",
        "price": 1,
        "price_kilo": 15.38,
        "slug": "chorizo-tradicional",
        "description": "Chorizo Tradicional 65 Gr",
        "image": "https:\/\/cdn-consum.aktiosdigitalservices.com\/tol\/consum\/media\/product\/img\/300x300\/7101806.jpg?t=20241217081019"
    },
    {
        "id": 6141,
        "name": "Bebida de Soja Ligera Brik ALPRO",
        "price": 1.99,
        "price_kilo": 1.99,
        "slug": "bebida-de-soja-ligera-brik",
        "description": "Bebida de Soja Ligera Brik 1 L",
        "image": "https:\/\/cdn-consum.aktiosdigitalservices.com\/tol\/consum\/media\/product\/img\/300x300\/7101871.jpg?t=20250313080045"
    },
    {
        "id": 6142,
        "name": "Alb\u00f3ndigas de Bacalao Caseras congeladas PRECOAN",
        "price": 2.35,
        "price_kilo": 5.88,
        "slug": "albondigas-de-bacalao-caseras-congeladas",
        "description": "Alb\u00f3ndigas de Bacalao Caseras congeladas 400 Gr",
        "image": "https:\/\/cdn-consum.aktiosdigitalservices.com\/tol\/consum\/media\/product\/img\/300x300\/7102072.jpg?t=20250218080055"
    },
    {
        "id": 6145,
        "name": "Chocolate Puro y Almendras sin Az\u00facar VALOR",
        "price": 3.99,
        "price_kilo": 26.6,
        "slug": "chocolate-puro-y-almendras-sin-azucar",
        "description": "Chocolate Puro y Almendras sin Az\u00facar 150 Gr",
        "image": "https:\/\/cdn-consum.aktiosdigitalservices.com\/tol\/consum\/media\/product\/img\/300x300\/7102247.jpg?t=20250311133302"
    },
    {
        "id": 6146,
        "name": "Cubitos de Hielo Bolsa HIELOSUR",
        "price": 0.95,
        "price_kilo": 0.48,
        "slug": "cubitos-de-hielo-bolsa",
        "description": "Cubitos de Hielo Bolsa 2 Kg",
        "image": "https:\/\/cdn-consum.aktiosdigitalservices.com\/tol\/consum\/media\/product\/img\/300x300\/7102655.jpg?t=20241217081019"
    },
    {
        "id": 6147,
        "name": "Tomate Tamizado Lata CONSUM",
        "price": 0.9,
        "price_kilo": 2.25,
        "slug": "tomate-tamizado-lata",
        "description": "Tomate Tamizado Lata 400 Gr",
        "image": "https:\/\/cdn-consum.aktiosdigitalservices.com\/tol\/consum\/media\/product\/img\/300x300\/7102759.jpg?t=20250312092745"
    },
    {
        "id": 6149,
        "name": "Moras Tarrina ",
        "price": 2.79,
        "price_kilo": 22.32,
        "slug": "moras-tarrina",
        "description": "Moras Tarrina 125 Gr",
        "image": "https:\/\/cdn-consum.aktiosdigitalservices.com\/tol\/consum\/media\/product\/img\/300x300\/7102791.jpg?t=20250312125125"
    },
    {
        "id": 6150,
        "name": "Compota de Manzana sin Fr\u00edo Pack de 2 ANELA",
        "price": 1.4,
        "price_kilo": 7,
        "slug": "compota-de-manzana-sin-frio-pack-de-2",
        "description": "Compota de Manzana sin Fr\u00edo Pack de 2 2 x 100 Gr",
        "image": "https:\/\/cdn-consum.aktiosdigitalservices.com\/tol\/consum\/media\/product\/img\/300x300\/7102952.jpg?t=20250311133306"
    },
    {
        "id": 6151,
        "name": "Dracos Snack de Ma\u00edz Sabor Queso-Bac\u00f3n CONSUM",
        "price": 1.19,
        "price_kilo": 14.88,
        "slug": "dracos-snack-de-maiz-sabor-queso-bacon",
        "description": "Dracos Snack de Ma\u00edz Sabor Queso-Bac\u00f3n 80 Gr",
        "image": "https:\/\/cdn-consum.aktiosdigitalservices.com\/tol\/consum\/media\/product\/img\/300x300\/7103042.jpg?t=20250312092745"
    },
    {
        "id": 6152,
        "name": "Batido de Cacao Pack de 6 CONSUM",
        "price": 1.45,
        "price_kilo": 1.21,
        "slug": "batido-de-cacao-pack-de-6",
        "description": "Batido de Cacao Pack de 6 6 x 200 ml",
        "image": "https:\/\/cdn-consum.aktiosdigitalservices.com\/tol\/consum\/media\/product\/img\/300x300\/7103208.jpg?t=20250312092745"
    },
    {
        "id": 6153,
        "name": "Philadelphia Natural Tarrina PHILADELPHIA",
        "price": 2.54,
        "price_kilo": 12.7,
        "slug": "philadelphia-natural-tarrina",
        "description": "Philadelphia Natural Tarrina 200 Gr",
        "image": "https:\/\/cdn-consum.aktiosdigitalservices.com\/tol\/consum\/media\/product\/img\/300x300\/7103658.jpg?t=20250206091132"
    },
    {
        "id": 6156,
        "name": "Agua Mineral Natural. Botella AQUABONA",
        "price": 0.65,
        "price_kilo": 0.43,
        "slug": "agua-mineral-natural-botella",
        "description": "Agua Mineral Natural. Botella 1,5 L",
        "image": "https:\/\/cdn-consum.aktiosdigitalservices.com\/tol\/consum\/media\/product\/img\/300x300\/7103740.jpg?t=20250220080105"
    },
    {
        "id": 6160,
        "name": "Alcachofas ",
        "price": 0.45,
        "price_kilo": 2.59,
        "slug": "alcachofas",
        "description": "Alcachofas (Granel)",
        "image": "https:\/\/cdn-consum.aktiosdigitalservices.com\/tol\/consum\/media\/product\/img\/300x300\/7104164.jpg?t=20250322075841"
    },
    {
        "id": 6161,
        "name": "Comida para Conejos Enanos VITAKRAFT",
        "price": 3.99,
        "price_kilo": 3.99,
        "slug": "comida-para-conejos-enanos",
        "description": "Comida para Conejos Enanos 1 Kg",
        "image": "https:\/\/cdn-consum.aktiosdigitalservices.com\/tol\/consum\/media\/product\/img\/300x300\/7104300.jpg?t=20250206091138"
    },
    {
        "id": 6162,
        "name": "Caldo Casero Cocido Brik CONSUM",
        "price": 0.9,
        "price_kilo": 0.9,
        "slug": "caldo-casero-cocido-brik",
        "description": "Caldo Casero Cocido Brik 1 L",
        "image": "https:\/\/cdn-consum.aktiosdigitalservices.com\/tol\/consum\/media\/product\/img\/300x300\/7104511.jpg?t=20241217081020"
    },
    {
        "id": 6163,
        "name": "Mantequillla CONSUM",
        "price": 2.3,
        "price_kilo": 9.2,
        "slug": "mantequillla",
        "description": "Mantequilla - Pastilla de 250 Gr",
        "image": "https:\/\/cdn-consum.aktiosdigitalservices.com\/tol\/consum\/media\/product\/img\/300x300\/7104599.jpg?t=20241217081020"
    },
    {
        "id": 6164,
        "name": "Baguette R\u00fastica ",
        "price": 0.96,
        "price_kilo": 4.57,
        "slug": "baguette-rustica",
        "description": "Baguette R\u00fastica 210 Gr",
        "image": "https:\/\/cdn-consum.aktiosdigitalservices.com\/tol\/consum\/media\/product\/img\/300x300\/7104961.jpg?t=20250211075843"
    },
    {
        "id": 6165,
        "name": "Patata Fre\u00edr ",
        "price": 3.7,
        "price_kilo": 1.85,
        "slug": "patata-freir",
        "description": "Patata Fre\u00edr 2 Kg",
        "image": "https:\/\/cdn-consum.aktiosdigitalservices.com\/tol\/consum\/media\/product\/img\/300x300\/7105232.jpg?t=20250204080251"
    },
    {
        "id": 6166,
        "name": "Patata Cocer ",
        "price": 3.7,
        "price_kilo": 1.85,
        "slug": "patata-cocer",
        "description": "Patata Cocer 2 Kg",
        "image": "https:\/\/cdn-consum.aktiosdigitalservices.com\/tol\/consum\/media\/product\/img\/300x300\/7105237.jpg?t=20250204080254"
    },
    {
        "id": 6168,
        "name": "Masa de Empanada Rectangular BUITONI",
        "price": 2.46,
        "price_kilo": 8.78,
        "slug": "masa-de-empanada-rectangular",
        "description": "Masa de Empanada Rectangular 280 Gr",
        "image": "https:\/\/cdn-consum.aktiosdigitalservices.com\/tol\/consum\/media\/product\/img\/300x300\/7105591.jpg?t=20250227090709"
    },
    {
        "id": 6170,
        "name": "Activia 0% Edulcorado Desnatado Natural P-4ud DANONE",
        "price": 2.69,
        "price_kilo": 5.6,
        "slug": "activia-0-edulcorado-desnatado-natural-p-4ud",
        "description": "Activia 0% Edulcorado Desnatado Natural P-4ud 4 x 120 Gr",
        "image": "https:\/\/cdn-consum.aktiosdigitalservices.com\/tol\/consum\/media\/product\/img\/300x300\/7106032.jpg?t=20250213075905"
    },
    {
        "id": 6173,
        "name": "Guindillas Vascas en Vinagre Frasco GUIPUZCOANA",
        "price": 4.99,
        "price_kilo": 38.38,
        "slug": "guindillas-vascas-en-vinagre-frasco",
        "description": "Guindillas Vascas en Vinagre Frasco 130 Gr",
        "image": "https:\/\/cdn-consum.aktiosdigitalservices.com\/tol\/consum\/media\/product\/img\/300x300\/7106248.jpg?t=20241217081020"
    },
    {
        "id": 6175,
        "name": "Refresco Cola Zero Bipack Indivisible COCA-COLA",
        "price": 3.72,
        "price_kilo": 0.93,
        "slug": "refresco-cola-zero-bipack-indivisible",
        "description": "Refresco Cola Zero Bipack Indivisible 2 x 2 L",
        "image": "https:\/\/cdn-consum.aktiosdigitalservices.com\/tol\/consum\/media\/product\/img\/300x300\/7106339.jpg?t=20250227090712"
    },
    {
        "id": 6176,
        "name": "Pimiento Italiano ",
        "price": 0.32,
        "price_kilo": 2.79,
        "slug": "pimiento-italiano",
        "description": "Pimiento Italiano",
        "image": "https:\/\/cdn-consum.aktiosdigitalservices.com\/tol\/consum\/media\/product\/img\/300x300\/7106425.jpg?t=20250322075842"
    },
    {
        "id": 6177,
        "name": "Verduras para Cocido Peso Variable ",
        "price": 2.3,
        "price_kilo": 2.07,
        "slug": "verduras-para-cocido-peso-variable",
        "description": "Verduras para Cocido Peso Variable",
        "image": "https:\/\/cdn-consum.aktiosdigitalservices.com\/tol\/consum\/media\/product\/img\/300x300\/7106438.jpg?t=20250322075844"
    },
    {
        "id": 6180,
        "name": "Desodorante Spray Cuidado 24 Horas Men LACTOVIT",
        "price": 2.69,
        "price_kilo": 1.35,
        "slug": "desodorante-spray-cuidado-24-horas-men",
        "description": "Desodorante Spray Cuidado 24 Horas Men 200 ml",
        "image": "https:\/\/cdn-consum.aktiosdigitalservices.com\/tol\/consum\/media\/product\/img\/300x300\/7106581.jpg?t=20250227090716"
    },
    {
        "id": 6183,
        "name": "Vino Tinto Joven D.O.Valdepe\u00f1as SE\u00d1OR.LLANOS",
        "price": 2,
        "price_kilo": 2.66,
        "slug": "vino-tinto-joven-dovaldepenas",
        "description": "Vino Tinto Joven D.O.Valdepe\u00f1as 0,75 L",
        "image": "https:\/\/cdn-consum.aktiosdigitalservices.com\/tol\/consum\/media\/product\/img\/300x300\/7107233.jpg?t=20250227090718"
    },
    {
        "id": 6186,
        "name": "Protege Slip Fresh m\u00e1s 4 ud de Regalo CAREFREE",
        "price": 2.39,
        "price_kilo": 0.05,
        "slug": "protege-slip-fresh-mas-4-ud-de-regalo",
        "description": "Protege Slip Fresh m\u00e1s 4 ud de Regalo 44 U",
        "image": "https:\/\/cdn-consum.aktiosdigitalservices.com\/tol\/consum\/media\/product\/img\/300x300\/7107399.jpg?t=20250311133314"
    },
    {
        "id": 6193,
        "name": "Protegeslip Maxi Plus CAREFREE",
        "price": 2.39,
        "price_kilo": 0.07,
        "slug": "protegeslip-maxi-plus",
        "description": "Protegeslip Maxi Plus 36 U",
        "image": "https:\/\/cdn-consum.aktiosdigitalservices.com\/tol\/consum\/media\/product\/img\/300x300\/7107915.jpg?t=20250312160002"
    },
    {
        "id": 6194,
        "name": "Filete At\u00fan Claro Aceite de Oliva Frasco CALVO",
        "price": 5.79,
        "price_kilo": 35.52,
        "slug": "filete-atun-claro-aceite-de-oliva-frasco",
        "description": "Filete At\u00fan Claro Aceite de Oliva Frasco 163 Gr",
        "image": "https:\/\/cdn-consum.aktiosdigitalservices.com\/tol\/consum\/media\/product\/img\/300x300\/7107972.jpg?t=20250313080059"
    },
    {
        "id": 6195,
        "name": "Protege Slip Transpirable m\u00e1s 4 ud Regalo CAREFREE",
        "price": 1.89,
        "price_kilo": 0.04,
        "slug": "protege-slip-transpirable-mas-4-ud-regalo",
        "description": "Protege Slip Transpirable m\u00e1s 4 ud Regalo 44 U",
        "image": "https:\/\/cdn-consum.aktiosdigitalservices.com\/tol\/consum\/media\/product\/img\/300x300\/7108116.jpg?t=20250312160005"
    },
    {
        "id": 6196,
        "name": "Galletas de Cacao Rellenas de Crema OREO",
        "price": 1.6,
        "price_kilo": 10.39,
        "slug": "galletas-de-cacao-rellenas-de-crema",
        "description": "Galletas de Cacao Rellenas de Crema 154 Gr",
        "image": "https:\/\/cdn-consum.aktiosdigitalservices.com\/tol\/consum\/media\/product\/img\/300x300\/7108223.jpg?t=20250312160007"
    },
    {
        "id": 6200,
        "name": "Chocolate Negro Postres CONSUM",
        "price": 2.39,
        "price_kilo": 11.95,
        "slug": "chocolate-negro-postres",
        "description": "Chocolate Negro Postres 200 Gr",
        "image": "https:\/\/cdn-consum.aktiosdigitalservices.com\/tol\/consum\/media\/product\/img\/300x300\/7108504.jpg?t=20250311133318"
    },
    {
        "id": 6205,
        "name": "Chocolate Relleno Caramelo MILKA",
        "price": 1.99,
        "price_kilo": 19.9,
        "slug": "chocolate-relleno-caramelo",
        "description": "Chocolate Relleno Caramelo 100 Gr",
        "image": "https:\/\/cdn-consum.aktiosdigitalservices.com\/tol\/consum\/media\/product\/img\/300x300\/7109036.jpg?t=20250312160012"
    },
    {
        "id": 6210,
        "name": "Pepinillos Estilo Alem\u00e1n Frasco ORZECH",
        "price": 4.29,
        "price_kilo": 4.88,
        "slug": "pepinillos-estilo-aleman-frasco",
        "description": "Pepinillos Estilo Alem\u00e1n Frasco 880 Gr",
        "image": "https:\/\/cdn-consum.aktiosdigitalservices.com\/tol\/consum\/media\/product\/img\/300x300\/7109858.jpg?t=20250312092746"
    },
    {
        "id": 6211,
        "name": "Merluza Empanada congelada PESCANOVA",
        "price": 4.35,
        "price_kilo": 12.79,
        "slug": "merluza-empanada-congelada",
        "description": "Merluza Empanada congelada 340 Gr",
        "image": "https:\/\/cdn-consum.aktiosdigitalservices.com\/tol\/consum\/media\/product\/img\/300x300\/7109973.jpg?t=20250227090732"
    },
    {
        "id": 6212,
        "name": "Bocaditos 18 Unidades CONSUM",
        "price": 1.49,
        "price_kilo": 4.03,
        "slug": "bocaditos-18-unidades",
        "description": "Bocaditos 18 Unidades 370 Gr",
        "image": "https:\/\/cdn-consum.aktiosdigitalservices.com\/tol\/consum\/media\/product\/img\/300x300\/7110161.jpg?t=20250312092746"
    },
    {
        "id": 6213,
        "name": "Bocaditos Chocolate 12 Unidades CONSUM",
        "price": 1.42,
        "price_kilo": 4.3,
        "slug": "bocaditos-chocolate-12-unidades",
        "description": "Bocaditos Chocolate 12 Unidades 330 Gr",
        "image": "https:\/\/cdn-consum.aktiosdigitalservices.com\/tol\/consum\/media\/product\/img\/300x300\/7110166.jpg?t=20250312092746"
    },
    {
        "id": 6217,
        "name": "Higi\u00e9nico Triple Capa Seda 4 Rollos m\u00e1s 2 Gratis FOXY",
        "price": 2.99,
        "price_kilo": 0.5,
        "slug": "higienico-triple-capa-seda-4-rollos-mas-2-gratis",
        "description": "Higi\u00e9nico Triple Capa Seda 4 Rollos m\u00e1s 2 Gratis 6 U",
        "image": "https:\/\/cdn-consum.aktiosdigitalservices.com\/tol\/consum\/media\/product\/img\/300x300\/7110232.jpg?t=20250313080103"
    },
    {
        "id": 6218,
        "name": "Tarrina Sobrasada ELPOZO",
        "price": 2.35,
        "price_kilo": 9.4,
        "slug": "tarrina-sobrasada",
        "description": "Tarrina Sobrasada 250 Gr",
        "image": "https:\/\/cdn-consum.aktiosdigitalservices.com\/tol\/consum\/media\/product\/img\/300x300\/7110307.jpg?t=20250227090736"
    },
    {
        "id": 6219,
        "name": "Bifrutas Tropical BIFRUTAS",
        "price": 1.99,
        "price_kilo": 1.99,
        "slug": "bifrutas-tropical",
        "description": "Bifrutas Tropical 1 L",
        "image": "https:\/\/cdn-consum.aktiosdigitalservices.com\/tol\/consum\/media\/product\/img\/300x300\/7110401.jpg?t=20250313080106"
    },
    {
        "id": 6223,
        "name": "Gel Higienizante Manos Hidro-Alcoh\u00f3lico ANIAN",
        "price": 1.99,
        "price_kilo": 1.99,
        "slug": "gel-higienizante-manos-hidro-alcoholico",
        "description": "Gel Higienizante Manos Hidro-Alcoh\u00f3lico 100 ml",
        "image": "https:\/\/cdn-consum.aktiosdigitalservices.com\/tol\/consum\/media\/product\/img\/300x300\/7111131.jpg?t=20241217081021"
    },
    {
        "id": 6227,
        "name": "Mascarilla Total Repair5 ELVIVE",
        "price": 4.5,
        "price_kilo": 1.45,
        "slug": "mascarilla-total-repair5",
        "description": "Mascarilla Total Repair5 310 ml",
        "image": "https:\/\/cdn-consum.aktiosdigitalservices.com\/tol\/consum\/media\/product\/img\/300x300\/7111326.jpg?t=20250312160018"
    },
    {
        "id": 6228,
        "name": "Mascarilla Color Vive ELVIVE",
        "price": 3.6,
        "price_kilo": 1.16,
        "slug": "mascarilla-color-vive",
        "description": "Mascarilla Color Vive 310 ml",
        "image": "https:\/\/cdn-consum.aktiosdigitalservices.com\/tol\/consum\/media\/product\/img\/300x300\/7111354.jpg?t=20250312160021"
    },
    {
        "id": 6229,
        "name": "Miel Milflores Panal Dosificador GRANJA S.FCO",
        "price": 6.77,
        "price_kilo": 15.93,
        "slug": "miel-milflores-panal-dosificador",
        "description": "Miel Milflores Panal Dosificador 425 Gr",
        "image": "https:\/\/cdn-consum.aktiosdigitalservices.com\/tol\/consum\/media\/product\/img\/300x300\/7111529.jpg?t=20250311104453"
    },
    {
        "id": 6230,
        "name": "Papel Cocina Compacto Mega3 2 Unid.Igual a 6 FOXY",
        "price": 3.75,
        "price_kilo": 1.88,
        "slug": "papel-cocina-compacto-mega3-2-unidigual-a-6",
        "description": "Papel Cocina Compacto Mega3 2 Unid.Igual a 6 2 U",
        "image": "https:\/\/cdn-consum.aktiosdigitalservices.com\/tol\/consum\/media\/product\/img\/300x300\/7111784.jpg?t=20250206091211"
    },
    {
        "id": 6231,
        "name": "Plumero de Avestruz KORONIS",
        "price": 4.5,
        "price_kilo": 4.5,
        "slug": "plumero-de-avestruz",
        "description": "Plumero de Avestruz 1 U",
        "image": "https:\/\/cdn-consum.aktiosdigitalservices.com\/tol\/consum\/media\/product\/img\/300x300\/7111842.jpg?t=20250121080051"
    },
    {
        "id": 6232,
        "name": "Solomillo de Pollo . CONSUM",
        "price": 4.2,
        "price_kilo": 8.39,
        "slug": "solomillo-de-pollo-",
        "description": "Solomillo de Pollo .",
        "image": "https:\/\/cdn-consum.aktiosdigitalservices.com\/tol\/consum\/media\/product\/img\/300x300\/7112266.jpg?t=20241217081021"
    },
    {
        "id": 6233,
        "name": "Alas Partidas de Pollo CONSUM",
        "price": 2.75,
        "price_kilo": 5.49,
        "slug": "alas-partidas-de-pollo",
        "description": "Alas Partidas de Pollo",
        "image": "https:\/\/cdn-consum.aktiosdigitalservices.com\/tol\/consum\/media\/product\/img\/300x300\/7112365.jpg?t=20250218080111"
    },
    {
        "id": 6238,
        "name": "Cerveza Gran Reserva Botella CRUZCAMPO",
        "price": 1.29,
        "price_kilo": 3.91,
        "slug": "cerveza-gran-reserva-botella",
        "description": "Cerveza Gran Reserva Botella 0,33 L",
        "image": "https:\/\/cdn-consum.aktiosdigitalservices.com\/tol\/consum\/media\/product\/img\/300x300\/7112717.jpg?t=20250312125137"
    },
    {
        "id": 6242,
        "name": "Bebida de Soja Brik VIVESOY",
        "price": 1.89,
        "price_kilo": 1.89,
        "slug": "bebida-de-soja-brik",
        "description": "Bebida de Soja Brik 1 L",
        "image": "https:\/\/cdn-consum.aktiosdigitalservices.com\/tol\/consum\/media\/product\/img\/300x300\/7113033.jpg?t=20250311104459"
    },
    {
        "id": 6243,
        "name": "Masa Brisa BUITONI",
        "price": 2.35,
        "price_kilo": 10.22,
        "slug": "masa-brisa",
        "description": "Masa Brisa 230 Gr",
        "image": "https:\/\/cdn-consum.aktiosdigitalservices.com\/tol\/consum\/media\/product\/img\/300x300\/7113223.jpg?t=20250206091216"
    },
    {
        "id": 6248,
        "name": "Bebida de Soja sin Az\u00facares A\u00f1adidos Brik CONSUM",
        "price": 0.75,
        "price_kilo": 0.75,
        "slug": "bebida-de-soja-sin-azucares-anadidos-brik",
        "description": "Bebida de Soja sin Az\u00facares A\u00f1adidos Brik 1 L",
        "image": "https:\/\/cdn-consum.aktiosdigitalservices.com\/tol\/consum\/media\/product\/img\/300x300\/7113756.jpg?t=20250311104504"
    },
    {
        "id": 6249,
        "name": "Bebida de Soja con Calcio Brik CONSUM",
        "price": 0.65,
        "price_kilo": 0.65,
        "slug": "bebida-de-soja-con-calcio-brik",
        "description": "Bebida de Soja con Calcio Brik 1 L",
        "image": "https:\/\/cdn-consum.aktiosdigitalservices.com\/tol\/consum\/media\/product\/img\/300x300\/7113764.jpg?t=20250311104506"
    },
    {
        "id": 6250,
        "name": "Bebida Isot\u00f3nica Lim\u00f3n Botella AQUARIUS",
        "price": 1.99,
        "price_kilo": 1.33,
        "slug": "bebida-isotonica-limon-botella",
        "description": "Bebida Isot\u00f3nica Lim\u00f3n Botella 1,5 L",
        "image": "https:\/\/cdn-consum.aktiosdigitalservices.com\/tol\/consum\/media\/product\/img\/300x300\/7114002.jpg?t=20250227090756"
    },
    {
        "id": 6251,
        "name": "Bebida Isot\u00f3nica Naranja Botella AQUARIUS",
        "price": 1.99,
        "price_kilo": 1.33,
        "slug": "bebida-isotonica-naranja-botella",
        "description": "Bebida Isot\u00f3nica Naranja Botella 1,5 L",
        "image": "https:\/\/cdn-consum.aktiosdigitalservices.com\/tol\/consum\/media\/product\/img\/300x300\/7114015.jpg?t=20250227090759"
    },
    {
        "id": 6252,
        "name": "Crema de Setas con Champi\u00f1ones KNORR",
        "price": 2.29,
        "price_kilo": 4.58,
        "slug": "crema-de-setas-con-champinones",
        "description": "Crema de Setas con Champi\u00f1ones 0,5 L",
        "image": "https:\/\/cdn-consum.aktiosdigitalservices.com\/tol\/consum\/media\/product\/img\/300x300\/7114049.jpg?t=20241217081021"
    },
    {
        "id": 6254,
        "name": "Bandeja Cart\u00f3n Redonda m\u00e1s Blondas 32cm 4un. NV",
        "price": 2.89,
        "price_kilo": 2.89,
        "slug": "bandeja-carton-redonda-mas-blondas-32cm-4un",
        "description": "Bandeja Cart\u00f3n Redonda m\u00e1s Blondas 32cm 4un. 1 U",
        "image": "https:\/\/cdn-consum.aktiosdigitalservices.com\/tol\/consum\/media\/product\/img\/300x300\/7114155.jpg?t=20250311164542"
    },
    {
        "id": 6255,
        "name": "Caramelo con Mu\u00f1eco M\u00e1s 3 Recambios PEZ",
        "price": 2.05,
        "price_kilo": 7.88,
        "slug": "caramelo-con-muneco-mas-3-recambios",
        "description": "Caramelo con Mu\u00f1eco M\u00e1s 3 Recambios 26 Gr",
        "image": "https:\/\/cdn-consum.aktiosdigitalservices.com\/tol\/consum\/media\/product\/img\/300x300\/7114288.jpg?t=20250311124218"
    },
    {
        "id": 6256,
        "name": "Cacao Puro en Polvo sin Az\u00facar VALOR",
        "price": 6.25,
        "price_kilo": 25,
        "slug": "cacao-puro-en-polvo-sin-azucar",
        "description": "Cacao Puro en Polvo sin Az\u00facar 250 Gr",
        "image": "https:\/\/cdn-consum.aktiosdigitalservices.com\/tol\/consum\/media\/product\/img\/300x300\/7114630.jpg?t=20250311133328"
    },
    {
        "id": 6257,
        "name": "Chocolate con leche y Almendras sin Az\u00facar VALOR",
        "price": 3.99,
        "price_kilo": 26.6,
        "slug": "chocolate-con-leche-y-almendras-sin-azucar",
        "description": "Chocolate con leche y Almendras sin Az\u00facar 150 Gr",
        "image": "https:\/\/cdn-consum.aktiosdigitalservices.com\/tol\/consum\/media\/product\/img\/300x300\/7114635.jpg?t=20250311133330"
    },
    {
        "id": 6258,
        "name": "Chocolate Negro 55% CONSUM",
        "price": 1.65,
        "price_kilo": 11,
        "slug": "chocolate-negro-55",
        "description": "Chocolate Negro 55% 150 Gr",
        "image": "https:\/\/cdn-consum.aktiosdigitalservices.com\/tol\/consum\/media\/product\/img\/300x300\/7114903.jpg?t=20250311133332"
    },
    {
        "id": 6259,
        "name": "Jam\u00f3n Cocido CAMPOFR\u00cdO",
        "price": 1,
        "price_kilo": 13.33,
        "slug": "jamon-cocido",
        "description": "Jam\u00f3n Cocido 75 Gr",
        "image": "https:\/\/cdn-consum.aktiosdigitalservices.com\/tol\/consum\/media\/product\/img\/300x300\/7114929.jpg?t=20241217081021"
    },
    {
        "id": 6260,
        "name": "Huevos Camperos 1\/2 Docena MONTERDE",
        "price": 1.9,
        "price_kilo": 3.8,
        "slug": "huevos-camperos-1-2-docena",
        "description": "Huevos Camperos 1\/2 Docena 0,5 Dc",
        "image": "https:\/\/cdn-consum.aktiosdigitalservices.com\/tol\/consum\/media\/product\/img\/300x300\/7114932.jpg?t=20250311104518"
    },
    {
        "id": 6261,
        "name": "Infusi\u00f3n Delgaxan Plus 20 Bolsitas POMPADOUR",
        "price": 2.35,
        "price_kilo": 0.12,
        "slug": "infusion-delgaxan-plus-20-bolsitas",
        "description": "Infusi\u00f3n Delgaxan Plus 20 Bolsitas 20 U",
        "image": "https:\/\/cdn-consum.aktiosdigitalservices.com\/tol\/consum\/media\/product\/img\/300x300\/7116432.jpg?t=20250311104527"
    },
    {
        "id": 6264,
        "name": "Jugoso al Horno Hierbas Provenzales MAGGI",
        "price": 1.19,
        "price_kilo": 3.5,
        "slug": "jugoso-al-horno-hierbas-provenzales",
        "description": "Jugoso al Horno Hierbas Provenzales 34 Gr",
        "image": "https:\/\/cdn-consum.aktiosdigitalservices.com\/tol\/consum\/media\/product\/img\/300x300\/7116499.jpg?t=20250313080113"
    },
    {
        "id": 6269,
        "name": "Leche Semidesnatada sin Lactosa PASCUAL",
        "price": 1.49,
        "price_kilo": 1.49,
        "slug": "leche-semidesnatada-sin-lactosa",
        "description": "Leche Semidesnatada sin Lactosa 1 L",
        "image": "https:\/\/cdn-consum.aktiosdigitalservices.com\/tol\/consum\/media\/product\/img\/300x300\/7116627.jpg?t=20250311104529"
    },
    {
        "id": 6270,
        "name": "Leche Desnatada sin Lactosa PASCUAL",
        "price": 1.45,
        "price_kilo": 1.45,
        "slug": "leche-desnatada-sin-lactosa",
        "description": "Leche Desnatada sin Lactosa 1 L",
        "image": "https:\/\/cdn-consum.aktiosdigitalservices.com\/tol\/consum\/media\/product\/img\/300x300\/7116630.jpg?t=20250311104532"
    },
    {
        "id": 6272,
        "name": "Panecilllos Tostados Bolsa CONSUM",
        "price": 0.76,
        "price_kilo": 3.8,
        "slug": "panecilllos-tostados-bolsa",
        "description": "Panecilllos Tostados Bolsa 200 Gr",
        "image": "https:\/\/cdn-consum.aktiosdigitalservices.com\/tol\/consum\/media\/product\/img\/300x300\/7116833.jpg?t=20250311104534"
    },
    {
        "id": 6273,
        "name": "Panecillos Tostados Integrales bolsa CONSUM",
        "price": 0.76,
        "price_kilo": 3.8,
        "slug": "panecillos-tostados-integrales-bolsa",
        "description": "Panecillos Tostados Integrales bolsa 200 Gr",
        "image": "https:\/\/cdn-consum.aktiosdigitalservices.com\/tol\/consum\/media\/product\/img\/300x300\/7116838.jpg?t=20250311104537"
    },
    {
        "id": 6274,
        "name": "Bebida L\u00e1ctea c\/Nueces Desnatada Omega 3 Brik PULEVA",
        "price": 1.69,
        "price_kilo": 1.69,
        "slug": "bebida-lactea-c-nueces-desnatada-omega-3-brik",
        "description": "Bebida L\u00e1ctea c\/Nueces Desnatada Omega 3 Brik 1 L",
        "image": "https:\/\/cdn-consum.aktiosdigitalservices.com\/tol\/consum\/media\/product\/img\/300x300\/7116986.jpg?t=20250313080115"
    },
    {
        "id": 6279,
        "name": "Queso Fundido Light 16 Lonchas CONSUM",
        "price": 1.93,
        "price_kilo": 6.43,
        "slug": "queso-fundido-light-16-lonchas",
        "description": "Queso Fundido Light 16 Lonchas 300 Gr",
        "image": "https:\/\/cdn-consum.aktiosdigitalservices.com\/tol\/consum\/media\/product\/img\/300x300\/7117302.jpg?t=20250103080648"
    },
    {
        "id": 6281,
        "name": "Minibiscotte Normal CONSUM",
        "price": 0.76,
        "price_kilo": 6.33,
        "slug": "minibiscotte-normal",
        "description": "Minibiscotte Normal 120 Gr",
        "image": "https:\/\/cdn-consum.aktiosdigitalservices.com\/tol\/consum\/media\/product\/img\/300x300\/7117591.jpg?t=20250311104544"
    },
    {
        "id": 6287,
        "name": "Gel Dental Menta Fresca 2EN1 KYREY",
        "price": 1.05,
        "price_kilo": 1.05,
        "slug": "gel-dental-menta-fresca-2en1",
        "description": "Gel Dental Menta Fresca 2EN1 100 ml",
        "image": "https:\/\/cdn-consum.aktiosdigitalservices.com\/tol\/consum\/media\/product\/img\/300x300\/7118727.jpg?t=20241217081022"
    },
    {
        "id": 6288,
        "name": "Gel Dental Blanqueador 2 en 1 KYREY",
        "price": 1.05,
        "price_kilo": 1.05,
        "slug": "gel-dental-blanqueador-2-en-1",
        "description": "Gel Dental Blanqueador 2 en 1 100 ml",
        "image": "https:\/\/cdn-consum.aktiosdigitalservices.com\/tol\/consum\/media\/product\/img\/300x300\/7118730.jpg?t=20241217081022"
    },
    {
        "id": 6294,
        "name": "N\u00e9ctar Naranja Disfruta sin Az\u00facar A\u00f1adido Pet DON SIMON",
        "price": 2.69,
        "price_kilo": 1.79,
        "slug": "nectar-naranja-disfruta-sin-azucar-anadido-pet",
        "description": "N\u00e9ctar Naranja Disfruta sin Az\u00facar A\u00f1adido Pet 1,5 L",
        "image": "https:\/\/cdn-consum.aktiosdigitalservices.com\/tol\/consum\/media\/product\/img\/300x300\/7119043.jpg?t=20250220080125"
    },
    {
        "id": 6295,
        "name": "N\u00e9ctar Pi\u00f1a Disfruta sin Az\u00facar A\u00f1adido Pet DON SIMON",
        "price": 1.95,
        "price_kilo": 1.3,
        "slug": "nectar-pina-disfruta-sin-azucar-anadido-pet",
        "description": "N\u00e9ctar Pi\u00f1a Disfruta sin Az\u00facar A\u00f1adido Pet 1,5 L",
        "image": "https:\/\/cdn-consum.aktiosdigitalservices.com\/tol\/consum\/media\/product\/img\/300x300\/7119048.jpg?t=20250220080127"
    },
    {
        "id": 6296,
        "name": "N\u00e9ctar Mango Manzana sin Az\u00facar A\u00f1adido Pet DON SIMON",
        "price": 1.95,
        "price_kilo": 1.3,
        "slug": "nectar-mango-manzana-sin-azucar-anadido-pet",
        "description": "N\u00e9ctar Mango Manzana sin Az\u00facar A\u00f1adido Pet 1,5 L",
        "image": "https:\/\/cdn-consum.aktiosdigitalservices.com\/tol\/consum\/media\/product\/img\/300x300\/7119113.jpg?t=20250220080130"
    },
    {
        "id": 6297,
        "name": "N\u00e9ctar Naranja Zanahoria Mango sin Az\u00facar A\u00f1. Pet DON SIMON",
        "price": 1.95,
        "price_kilo": 1.3,
        "slug": "nectar-naranja-zanahoria-mango-sin-azucar-an-pet",
        "description": "N\u00e9ctar Naranja Zanahoria Mango sin Az\u00facar A\u00f1. Pet 1,5 L",
        "image": "https:\/\/cdn-consum.aktiosdigitalservices.com\/tol\/consum\/media\/product\/img\/300x300\/7119118.jpg?t=20250220080132"
    },
    {
        "id": 6298,
        "name": "Espinacas congeladas con Pasas y Pi\u00f1ones FINDUS",
        "price": 3.89,
        "price_kilo": 9.73,
        "slug": "espinacas-congeladas-con-pasas-y-pinones",
        "description": "Espinacas congeladas con Pasas y Pi\u00f1ones 400 Gr",
        "image": "https:\/\/cdn-consum.aktiosdigitalservices.com\/tol\/consum\/media\/product\/img\/300x300\/7119154.jpg?t=20250206091254"
    },
    {
        "id": 6301,
        "name": "Actimel L\u00edquido 0% 0% Natural pack de 12 DANONE",
        "price": 5.79,
        "price_kilo": 4.83,
        "slug": "actimel-liquido-0-0-natural-pack-de-12",
        "description": "Actimel L\u00edquido 0% 0% Natural pack de 12 x 100 Gr",
        "image": "https:\/\/cdn-consum.aktiosdigitalservices.com\/tol\/consum\/media\/product\/img\/300x300\/7119451.jpg?t=20250227090815"
    },
    {
        "id": 6305,
        "name": "Agua Mineral Natural Garrafa FONT VELLA",
        "price": 2.09,
        "price_kilo": 0.34,
        "slug": "agua-mineral-natural-garrafa",
        "description": "Agua Mineral Natural Garrafa 6,25 L",
        "image": "https:\/\/cdn-consum.aktiosdigitalservices.com\/tol\/consum\/media\/product\/img\/300x300\/7119709.jpg?t=20250311133339"
    },
    {
        "id": 6308,
        "name": "Pizza congelada Ristorante Jam\u00f3n RISTORANTE",
        "price": 3.89,
        "price_kilo": 11.44,
        "slug": "pizza-congelada-ristorante-jamon",
        "description": "Pizza congelada Ristorante Jam\u00f3n 340 Gr",
        "image": "https:\/\/cdn-consum.aktiosdigitalservices.com\/tol\/consum\/media\/product\/img\/300x300\/7119878.jpg?t=20250227090820"
    },
    {
        "id": 6317,
        "name": "Tinto Verano Cl\u00e1sico sin Alcohol Botella Pet DON SIMON",
        "price": 1.55,
        "price_kilo": 1.03,
        "slug": "tinto-verano-clasico-sin-alcohol-botella-pet",
        "description": "Tinto Verano Cl\u00e1sico sin Alcohol Botella Pet 1,5 L",
        "image": "https:\/\/cdn-consum.aktiosdigitalservices.com\/tol\/consum\/media\/product\/img\/300x300\/7120397.jpg?t=20250228075920"
    },
    {
        "id": 6318,
        "name": "Tinto Verano Lim\u00f3n Sin Alcohol Botella Pet DON SIMON",
        "price": 1.55,
        "price_kilo": 1.03,
        "slug": "tinto-verano-limon-sin-alcohol-botella-pet",
        "description": "Tinto Verano Lim\u00f3n Sin Alcohol Botella Pet 1,5 L",
        "image": "https:\/\/cdn-consum.aktiosdigitalservices.com\/tol\/consum\/media\/product\/img\/300x300\/7120400.jpg?t=20250228075923"
    },
    {
        "id": 6324,
        "name": "Salsa Fresca de Setas Boletus RANA",
        "price": 2.4,
        "price_kilo": 13.33,
        "slug": "salsa-fresca-de-setas-boletus",
        "description": "Salsa Fresca de Setas Boletus 180 Gr",
        "image": "https:\/\/cdn-consum.aktiosdigitalservices.com\/tol\/consum\/media\/product\/img\/300x300\/7120843.jpg?t=20250312125151"
    },
    {
        "id": 6325,
        "name": "Salsa Fresca de Queso Parmigiano Regiano RANA",
        "price": 2.4,
        "price_kilo": 13.33,
        "slug": "salsa-fresca-de-queso-parmigiano-regiano",
        "description": "Salsa Fresca de Queso Parmigiano Regiano 180 Gr",
        "image": "https:\/\/cdn-consum.aktiosdigitalservices.com\/tol\/consum\/media\/product\/img\/300x300\/7120848.jpg?t=20250312125153"
    },
    {
        "id": 6326,
        "name": "Philadelphia Finas Hierbas PHILADELPHIA",
        "price": 2.7,
        "price_kilo": 18,
        "slug": "philadelphia-finas-hierbas",
        "description": "Philadelphia Finas Hierbas 150 Gr",
        "image": "https:\/\/cdn-consum.aktiosdigitalservices.com\/tol\/consum\/media\/product\/img\/300x300\/7120900.jpg?t=20250227090834"
    },
    {
        "id": 6332,
        "name": "Caf\u00e9 Cortado C\u00e1psulas DOLCE GUSTO",
        "price": 5.2,
        "price_kilo": 0.33,
        "slug": "cafe-cortado-capsulas",
        "description": "Caf\u00e9 Cortado C\u00e1psulas 16 U",
        "image": "https:\/\/cdn-consum.aktiosdigitalservices.com\/tol\/consum\/media\/product\/img\/300x300\/7131233.jpg?t=20250312160026"
    },
    {
        "id": 6333,
        "name": "Queso Emmental Lonchas JUAN LUNA",
        "price": 2.99,
        "price_kilo": 14.95,
        "slug": "queso-emmental-lonchas",
        "description": "Queso Emmental Lonchas 200 Gr",
        "image": "https:\/\/cdn-consum.aktiosdigitalservices.com\/tol\/consum\/media\/product\/img\/300x300\/7131274.jpg?t=20250103080657"
    },
    {
        "id": 6334,
        "name": "D\u00fao Can\u00f3nigo R\u00facula Bolsa FLORETTE",
        "price": 1.99,
        "price_kilo": 19.9,
        "slug": "duo-canonigo-rucula-bolsa",
        "description": "D\u00fao Can\u00f3nigo R\u00facula Bolsa 100 Gr",
        "image": "https:\/\/cdn-consum.aktiosdigitalservices.com\/tol\/consum\/media\/product\/img\/300x300\/7131290.jpg?t=20250225075844"
    },
    {
        "id": 6345,
        "name": "Bebida Isot\u00f3nica Lim\u00f3n Zero Botella AQUARIUS",
        "price": 1.99,
        "price_kilo": 1.33,
        "slug": "bebida-isotonica-limon-zero-botella",
        "description": "Bebida Isot\u00f3nica Lim\u00f3n Zero Botella 1,5 L",
        "image": "https:\/\/cdn-consum.aktiosdigitalservices.com\/tol\/consum\/media\/product\/img\/300x300\/7134369.jpg?t=20250227090841"
    },
    {
        "id": 6346,
        "name": "Bebida Isot\u00f3nica Naranja Zero Botella AQUARIUS",
        "price": 1.99,
        "price_kilo": 1.33,
        "slug": "bebida-isotonica-naranja-zero-botella",
        "description": "Bebida Isot\u00f3nica Naranja Zero Botella 1,5 L",
        "image": "https:\/\/cdn-consum.aktiosdigitalservices.com\/tol\/consum\/media\/product\/img\/300x300\/7134372.jpg?t=20250227090843"
    },
    {
        "id": 6347,
        "name": "Ginebra SEAGRAM\u00b4S",
        "price": 16.95,
        "price_kilo": 24.21,
        "slug": "ginebra",
        "description": "Ginebra 0,7 L",
        "image": "https:\/\/cdn-consum.aktiosdigitalservices.com\/tol\/consum\/media\/product\/img\/300x300\/7134443.jpg?t=20250322075849"
    },
    {
        "id": 6348,
        "name": "Arroz Bomba LA FALLERA",
        "price": 6.03,
        "price_kilo": 6.03,
        "slug": "arroz-bomba",
        "description": "Arroz Bomba 1 Kg",
        "image": "https:\/\/cdn-consum.aktiosdigitalservices.com\/tol\/consum\/media\/product\/img\/300x300\/7134497.jpg?t=20250320075832"
    },
    {
        "id": 6352,
        "name": "Arroz Redondo Vaso Pack de 2 BRILLANTE",
        "price": 1.25,
        "price_kilo": 5,
        "slug": "arroz-redondo-vaso-pack-de-2",
        "description": "Arroz Redondo Vaso Pack de 2 2 x 125 Gr",
        "image": "https:\/\/cdn-consum.aktiosdigitalservices.com\/tol\/consum\/media\/product\/img\/300x300\/7135101.jpg?t=20241217081023"
    },
    {
        "id": 6353,
        "name": "Arroz Integral Vaso Pack de 2 BRILLANTE",
        "price": 1.25,
        "price_kilo": 5,
        "slug": "arroz-integral-vaso-pack-de-2",
        "description": "Arroz Integral Vaso Pack de 2 2 x 125 Gr",
        "image": "https:\/\/cdn-consum.aktiosdigitalservices.com\/tol\/consum\/media\/product\/img\/300x300\/7135106.jpg?t=20241217081023"
    },
    {
        "id": 6354,
        "name": "Vino Blanco Verdejo D.O.Rueda DEHES.VIEJAS",
        "price": 3.9,
        "price_kilo": 5.2,
        "slug": "vino-blanco-verdejo-dorueda",
        "description": "Vino Blanco Verdejo D.O.Rueda 0,75 L",
        "image": "https:\/\/cdn-consum.aktiosdigitalservices.com\/tol\/consum\/media\/product\/img\/300x300\/7135176.jpg?t=20250129075815"
    },
    {
        "id": 6358,
        "name": "Letras Paquete CONSUM",
        "price": 0.86,
        "price_kilo": 1.72,
        "slug": "letras-paquete",
        "description": "Letras Paquete 500 Gr",
        "image": "https:\/\/cdn-consum.aktiosdigitalservices.com\/tol\/consum\/media\/product\/img\/300x300\/7140002.jpg?t=20250322075851"
    },
    {
        "id": 6360,
        "name": "Fregona Sint\u00e9tica Tira Amarilla CONSUM",
        "price": 1,
        "price_kilo": 1,
        "slug": "fregona-sintetica-tira-amarilla",
        "description": "Fregona Sint\u00e9tica Tira Amarilla 1 U",
        "image": "https:\/\/cdn-consum.aktiosdigitalservices.com\/tol\/consum\/media\/product\/img\/300x300\/7140759.jpg?t=20241217081023"
    },
    {
        "id": 6361,
        "name": "Fregona Sint\u00e9tica Algod\u00f3n Crudo CONSUM",
        "price": 1.1,
        "price_kilo": 1.1,
        "slug": "fregona-sintetica-algodon-crudo",
        "description": "Fregona Sint\u00e9tica Algod\u00f3n Crudo 1 U",
        "image": "https:\/\/cdn-consum.aktiosdigitalservices.com\/tol\/consum\/media\/product\/img\/300x300\/7140762.jpg?t=20241217081023"
    },
    {
        "id": 6362,
        "name": "Crema de Cacao 1 Sabor. Bote CONSUM",
        "price": 1.95,
        "price_kilo": 3.9,
        "slug": "crema-de-cacao-1-sabor-bote",
        "description": "Crema de Cacao 1 Sabor. Bote 500 Gr",
        "image": "https:\/\/cdn-consum.aktiosdigitalservices.com\/tol\/consum\/media\/product\/img\/300x300\/7140767.jpg?t=20250311133347"
    },
    {
        "id": 6363,
        "name": "Crema Calabac\u00edn con Quesito KNORR",
        "price": 2.29,
        "price_kilo": 4.58,
        "slug": "crema-calabacin-con-quesito",
        "description": "Crema Calabac\u00edn con Quesito 0,5 L",
        "image": "https:\/\/cdn-consum.aktiosdigitalservices.com\/tol\/consum\/media\/product\/img\/300x300\/7140783.jpg?t=20250312092746"
    },
    {
        "id": 6366,
        "name": "T\u00f3nica Lata CONSUM",
        "price": 0.37,
        "price_kilo": 1.12,
        "slug": "tonica-lata",
        "description": "T\u00f3nica Lata 0,33 L",
        "image": "https:\/\/cdn-consum.aktiosdigitalservices.com\/tol\/consum\/media\/product\/img\/300x300\/7140879.jpg?t=20241217081023"
    },
    {
        "id": 6367,
        "name": "Refresco Cola Light Lata CONSUM",
        "price": 0.34,
        "price_kilo": 1.03,
        "slug": "refresco-cola-light-lata",
        "description": "Refresco Cola Light Lata 0,33 L",
        "image": "https:\/\/cdn-consum.aktiosdigitalservices.com\/tol\/consum\/media\/product\/img\/300x300\/7140882.jpg?t=20241217081023"
    },
    {
        "id": 6369,
        "name": "Chocolate con Leche Extrafino NESTLE",
        "price": 3.55,
        "price_kilo": 14.2,
        "slug": "chocolate-con-leche-extrafino",
        "description": "Chocolate con Leche Extrafino 250 Gr",
        "image": "https:\/\/cdn-consum.aktiosdigitalservices.com\/tol\/consum\/media\/product\/img\/300x300\/7141104.jpg?t=20250311133349"
    },
    {
        "id": 6373,
        "name": "Higi\u00e9nico Mega3 FOXY",
        "price": 3.89,
        "price_kilo": 0.97,
        "slug": "higienico-mega3",
        "description": "Higi\u00e9nico Mega3 4 U",
        "image": "https:\/\/cdn-consum.aktiosdigitalservices.com\/tol\/consum\/media\/product\/img\/300x300\/7141471.jpg?t=20250206091337"
    },
    {
        "id": 6374,
        "name": "Yogur Natural Azucarado S\/Lactosa Pack de 4 Ud KAIKU",
        "price": 1.99,
        "price_kilo": 3.98,
        "slug": "yogur-natural-azucarado-s-lactosa-pack-de-4-ud",
        "description": "Yogur Natural Azucarado S\/Lactosa Pack de 4 Ud 4 x 125 Gr",
        "image": "https:\/\/cdn-consum.aktiosdigitalservices.com\/tol\/consum\/media\/product\/img\/300x300\/7141542.jpg?t=20250114084048"
    },
    {
        "id": 6375,
        "name": "Caff\u00e8 Latte Cappuccino KAIKU",
        "price": 1.79,
        "price_kilo": 7.78,
        "slug": "caffe-latte-cappuccino",
        "description": "Caff\u00e8 Latte Cappuccino 230 ml",
        "image": "https:\/\/cdn-consum.aktiosdigitalservices.com\/tol\/consum\/media\/product\/img\/300x300\/7141559.jpg?t=20250201075832"
    },
    {
        "id": 6376,
        "name": "Caff\u00e8 Latte Espresso KAIKU",
        "price": 1.79,
        "price_kilo": 7.78,
        "slug": "caffe-latte-espresso",
        "description": "Caff\u00e8 Latte Espresso 230 ml",
        "image": "https:\/\/cdn-consum.aktiosdigitalservices.com\/tol\/consum\/media\/product\/img\/300x300\/7141562.jpg?t=20250218080151"
    },
    {
        "id": 6377,
        "name": "Caff\u00e8 Latte Light sin Lactosa KAIKU",
        "price": 1.39,
        "price_kilo": 6.04,
        "slug": "caffe-latte-light-sin-lactosa",
        "description": "Caff\u00e8 Latte Light sin Lactosa 230 ml",
        "image": "https:\/\/cdn-consum.aktiosdigitalservices.com\/tol\/consum\/media\/product\/img\/300x300\/7141567.jpg?t=20250227090852"
    },
    {
        "id": 6378,
        "name": "Yogur D\u00fao Kit Kat Pack de 2 Unidades NESTLE",
        "price": 1.69,
        "price_kilo": 7.35,
        "slug": "yogur-duo-kit-kat-pack-de-2-unidades",
        "description": "Yogur D\u00fao Kit Kat Pack de 2 Unidades 2 x 115 Gr",
        "image": "https:\/\/cdn-consum.aktiosdigitalservices.com\/tol\/consum\/media\/product\/img\/300x300\/7141799.jpg?t=20250227090853"
    },
    {
        "id": 6379,
        "name": "Queso Fundido Light Porciones CONSUM",
        "price": 1.68,
        "price_kilo": 6.72,
        "slug": "queso-fundido-light-porciones",
        "description": "Queso Fundido Light Porciones 250 Gr",
        "image": "https:\/\/cdn-consum.aktiosdigitalservices.com\/tol\/consum\/media\/product\/img\/300x300\/7142032.jpg?t=20250103080721"
    },
    {
        "id": 6380,
        "name": "Queso Fundido Porciones CONSUM",
        "price": 1.55,
        "price_kilo": 6.2,
        "slug": "queso-fundido-porciones",
        "description": "Queso Fundido Porciones 250 Gr",
        "image": "https:\/\/cdn-consum.aktiosdigitalservices.com\/tol\/consum\/media\/product\/img\/300x300\/7142045.jpg?t=20250103080724"
    },
    {
        "id": 6381,
        "name": "Queso Tierno Mezcla Lonchas CONSUM",
        "price": 1.89,
        "price_kilo": 9.45,
        "slug": "queso-tierno-mezcla-lonchas",
        "description": "Queso Tierno Mezcla Lonchas 200 Gr",
        "image": "https:\/\/cdn-consum.aktiosdigitalservices.com\/tol\/consum\/media\/product\/img\/300x300\/7142052.jpg?t=20250227090856"
    },
    {
        "id": 6382,
        "name": "Queso Mezcla Semi Lonchas CONSUM",
        "price": 2.35,
        "price_kilo": 11.75,
        "slug": "queso-mezcla-semi-lonchas",
        "description": "Queso Mezcla Semi Lonchas 200 Gr",
        "image": "https:\/\/cdn-consum.aktiosdigitalservices.com\/tol\/consum\/media\/product\/img\/300x300\/7142057.jpg?t=20250103080728"
    },
    {
        "id": 6383,
        "name": "Mermelada Melocot\u00f3n 0% Az\u00facares A\u00f1adidos HELIOS",
        "price": 1.99,
        "price_kilo": 7.11,
        "slug": "mermelada-melocoton-0-azucares-anadidos",
        "description": "Mermelada Melocot\u00f3n 0% Az\u00facares A\u00f1adidos 280 Gr",
        "image": "https:\/\/cdn-consum.aktiosdigitalservices.com\/tol\/consum\/media\/product\/img\/300x300\/7142198.jpg?t=20250315075728"
    },
    {
        "id": 6384,
        "name": "Pizza Jam\u00f3n y Queso al Horno de Piedra CONSUM",
        "price": 2.5,
        "price_kilo": 6.25,
        "slug": "pizza-jamon-y-queso-al-horno-de-piedra",
        "description": "Pizza Jam\u00f3n y Queso al Horno de Piedra 400 Gr",
        "image": "https:\/\/cdn-consum.aktiosdigitalservices.com\/tol\/consum\/media\/product\/img\/300x300\/7142474.jpg?t=20250218080154"
    },
    {
        "id": 6385,
        "name": "Pizza 4 Quesos al Horno de Piedra CONSUM",
        "price": 2.9,
        "price_kilo": 7.25,
        "slug": "pizza-4-quesos-al-horno-de-piedra",
        "description": "Pizza 4 Quesos al Horno de Piedra 400 Gr",
        "image": "https:\/\/cdn-consum.aktiosdigitalservices.com\/tol\/consum\/media\/product\/img\/300x300\/7142479.jpg?t=20241217081024"
    },
    {
        "id": 6386,
        "name": "Pizza At\u00fan y Bac\u00f3n CONSUM",
        "price": 2.9,
        "price_kilo": 7.25,
        "slug": "pizza-atun-y-bacon",
        "description": "Pizza At\u00fan y Bac\u00f3n 400 Gr",
        "image": "https:\/\/cdn-consum.aktiosdigitalservices.com\/tol\/consum\/media\/product\/img\/300x300\/7142482.jpg?t=20241217081024"
    },
    {
        "id": 6387,
        "name": "Crema de Cacao 2 Sabores Bote CONSUM",
        "price": 1.95,
        "price_kilo": 3.9,
        "slug": "crema-de-cacao-2-sabores-bote",
        "description": "Crema de Cacao 2 Sabores Bote 500 Gr",
        "image": "https:\/\/cdn-consum.aktiosdigitalservices.com\/tol\/consum\/media\/product\/img\/300x300\/7144157.jpg?t=20250311133354"
    },
    {
        "id": 6389,
        "name": "Mayonesa Tarro Cristal HELLMANN'S",
        "price": 1.95,
        "price_kilo": 8.67,
        "slug": "mayonesa-tarro-cristal",
        "description": "Mayonesa Tarro Cristal 225 ml",
        "image": "https:\/\/cdn-consum.aktiosdigitalservices.com\/tol\/consum\/media\/product\/img\/300x300\/7144207.jpg?t=20250227090901"
    },
    {
        "id": 6394,
        "name": "Tarrito Buenas Noches Guisantes con Jam\u00f3n P-2 HERO",
        "price": 2.99,
        "price_kilo": 7.87,
        "slug": "tarrito-buenas-noches-guisantes-con-jamon-p-2",
        "description": "Tarrito Buenas Noches Guisantes con Jam\u00f3n P-2 2 x 190 Gr",
        "image": "https:\/\/cdn-consum.aktiosdigitalservices.com\/tol\/consum\/media\/product\/img\/300x300\/7144558.jpg?t=20250311133358"
    },
    {
        "id": 6401,
        "name": "Cepillo Dental 2 M\u00e1s 2 Extra Clean COLGATE",
        "price": 2.99,
        "price_kilo": 0.75,
        "slug": "cepillo-dental-2-mas-2-extra-clean",
        "description": "Cepillo Dental 2 M\u00e1s 2 Extra Clean 4 U",
        "image": "https:\/\/cdn-consum.aktiosdigitalservices.com\/tol\/consum\/media\/product\/img\/300x300\/7145571.jpg?t=20250312160036"
    },
    {
        "id": 6402,
        "name": "Refresco Cola Zero Zero Pet COCA-COLA",
        "price": 2.1,
        "price_kilo": 1.05,
        "slug": "refresco-cola-zero-zero-pet",
        "description": "Refresco Cola Zero Zero Pet 2 L",
        "image": "https:\/\/cdn-consum.aktiosdigitalservices.com\/tol\/consum\/media\/product\/img\/300x300\/7145860.jpg?t=20250311133401"
    },
    {
        "id": 6403,
        "name": "Bebida Energ\u00e9tica Lata RED BULL",
        "price": 2.09,
        "price_kilo": 5.97,
        "slug": "bebida-energetica-lata",
        "description": "Bebida Energ\u00e9tica Lata 0,35 L",
        "image": "https:\/\/cdn-consum.aktiosdigitalservices.com\/tol\/consum\/media\/product\/img\/300x300\/7146186.jpg?t=20250319075810"
    },
    {
        "id": 6405,
        "name": "Tomate Asurcado ",
        "price": 0.76,
        "price_kilo": 3.99,
        "slug": "tomate-asurcado",
        "description": "Tomate Asurcado",
        "image": "https:\/\/cdn-consum.aktiosdigitalservices.com\/tol\/consum\/media\/product\/img\/300x300\/7146798.jpg?t=20250322075853"
    },
    {
        "id": 6406,
        "name": "Cerveza Mexicana Botella CORONA",
        "price": 1.53,
        "price_kilo": 4.37,
        "slug": "cerveza-mexicana-botella",
        "description": "Cerveza Mexicana Botella 0,35 L",
        "image": "https:\/\/cdn-consum.aktiosdigitalservices.com\/tol\/consum\/media\/product\/img\/300x300\/7147192.jpg?t=20250320075838"
    },
    {
        "id": 6407,
        "name": "Filet\u00f3n de Bacalao ANGOMAR",
        "price": 6.95,
        "price_kilo": 13.9,
        "slug": "fileton-de-bacalao",
        "description": "Filet\u00f3n de Bacalao",
        "image": "https:\/\/cdn-consum.aktiosdigitalservices.com\/tol\/consum\/media\/product\/img\/300x300\/7147689.jpg?t=20250315075735"
    },
    {
        "id": 6408,
        "name": "Agua Mineral Natural Tap\u00f3n Rosca SOLAN CABRAS",
        "price": 0.66,
        "price_kilo": 1.32,
        "slug": "agua-mineral-natural-tapon-rosca",
        "description": "Agua Mineral Natural Tap\u00f3n Rosca 0,5 L",
        "image": "https:\/\/cdn-consum.aktiosdigitalservices.com\/tol\/consum\/media\/product\/img\/300x300\/7147895.jpg?t=20250311133404"
    },
    {
        "id": 6414,
        "name": "Agua Mineral Natural Botella SOLAN CABRAS",
        "price": 0.93,
        "price_kilo": 0.62,
        "slug": "agua-mineral-natural-botella",
        "description": "Agua Mineral Natural Botella 1,5 L",
        "image": "https:\/\/cdn-consum.aktiosdigitalservices.com\/tol\/consum\/media\/product\/img\/300x300\/7148203.jpg?t=20250314121416"
    },
    {
        "id": 6415,
        "name": "Palmeras ",
        "price": 2.29,
        "price_kilo": 14.31,
        "slug": "palmeras",
        "description": "Palmeras 160 Gr",
        "image": "https:\/\/cdn-consum.aktiosdigitalservices.com\/tol\/consum\/media\/product\/img\/300x300\/7148856.jpg?t=20250320075847"
    },
    {
        "id": 6416,
        "name": "Pan de Molde Cl\u00e1sico Sin Corteza CONSUM",
        "price": 1.13,
        "price_kilo": 2.51,
        "slug": "pan-de-molde-clasico-sin-corteza",
        "description": "Pan de Molde Cl\u00e1sico Sin Corteza 450 Gr",
        "image": "https:\/\/cdn-consum.aktiosdigitalservices.com\/tol\/consum\/media\/product\/img\/300x300\/7149094.jpg?t=20250311104636"
    },
    {
        "id": 6418,
        "name": "Body Milk Aceite de Oliva Piel Seca NIVEA",
        "price": 4.49,
        "price_kilo": 1.12,
        "slug": "body-milk-aceite-de-oliva-piel-seca",
        "description": "Body Milk Aceite de Oliva Piel Seca 400 ml",
        "image": "https:\/\/cdn-consum.aktiosdigitalservices.com\/tol\/consum\/media\/product\/img\/300x300\/7149222.jpg?t=20250313080123"
    },
    {
        "id": 6419,
        "name": "Desodorante Roll-On Invisible Black & White NIVEA",
        "price": 1.6,
        "price_kilo": 3.2,
        "slug": "desodorante-roll-on-invisible-black-white",
        "description": "Desodorante Roll-On Invisible Black & White 50 ml",
        "image": "https:\/\/cdn-consum.aktiosdigitalservices.com\/tol\/consum\/media\/product\/img\/300x300\/7149227.jpg?t=20250312092748"
    },
    {
        "id": 6420,
        "name": "Cerveza Lata \u00c1GUILA NEGRA",
        "price": 0.31,
        "price_kilo": 0.94,
        "slug": "cerveza-lata",
        "description": "Cerveza Lata 0,33 L",
        "image": "https:\/\/cdn-consum.aktiosdigitalservices.com\/tol\/consum\/media\/product\/img\/300x300\/7149230.jpg?t=20250225075854"
    },
    {
        "id": 6422,
        "name": "Zumo+Leche Mediterr\u00e1neo CONSUM",
        "price": 1.2,
        "price_kilo": 1,
        "slug": "zumoleche-mediterraneo",
        "description": "Zumo+Leche Mediterr\u00e1neo 6 x 200 ml",
        "image": "https:\/\/cdn-consum.aktiosdigitalservices.com\/tol\/consum\/media\/product\/img\/300x300\/7149438.jpg?t=20250312092748"
    },
    {
        "id": 6423,
        "name": "Zumo+Leche Tropical CONSUM",
        "price": 1.2,
        "price_kilo": 1,
        "slug": "zumoleche-tropical",
        "description": "Zumo+Leche Tropical 6 x 200 ml",
        "image": "https:\/\/cdn-consum.aktiosdigitalservices.com\/tol\/consum\/media\/product\/img\/300x300\/7149441.jpg?t=20250312092748"
    },
    {
        "id": 6424,
        "name": "Queso Mezcla Curado Ya Cortado L Pasteurizada G.BAQUERO",
        "price": 4.19,
        "price_kilo": 18.62,
        "slug": "queso-mezcla-curado-ya-cortado-l-pasteurizada",
        "description": "Queso Mezcla Curado Ya Cortado L Pasteurizada 225 Gr",
        "image": "https:\/\/cdn-consum.aktiosdigitalservices.com\/tol\/consum\/media\/product\/img\/300x300\/7149565.jpg?t=20250227090914"
    },
    {
        "id": 6428,
        "name": "L\u00e1cteo Fibra Brik ASTURIANA",
        "price": 1.59,
        "price_kilo": 1.59,
        "slug": "lacteo-fibra-brik",
        "description": "L\u00e1cteo Fibra Brik 1 L",
        "image": "https:\/\/cdn-consum.aktiosdigitalservices.com\/tol\/consum\/media\/product\/img\/300x300\/7149818.jpg?t=20250311104645"
    },
    {
        "id": 6430,
        "name": "Bebida Energ\u00e9tica Green Lata MONSTER",
        "price": 1.79,
        "price_kilo": 3.58,
        "slug": "bebida-energetica-green-lata",
        "description": "Bebida Energ\u00e9tica Green Lata 0,5 L",
        "image": "https:\/\/cdn-consum.aktiosdigitalservices.com\/tol\/consum\/media\/product\/img\/300x300\/7150071.jpg?t=20250320075851"
    },
    {
        "id": 6435,
        "name": "Gazpacho Suave CONSUM",
        "price": 1.8,
        "price_kilo": 1.8,
        "slug": "gazpacho-suave",
        "description": "Gazpacho Suave 1 L",
        "image": "https:\/\/cdn-consum.aktiosdigitalservices.com\/tol\/consum\/media\/product\/img\/300x300\/7150311.jpg?t=20241217081025"
    },
    {
        "id": 6437,
        "name": "Dent\u00edfrico Repair-Protect SENSODYNE",
        "price": 3.99,
        "price_kilo": 5.32,
        "slug": "dentifrico-repair-protect",
        "description": "Dent\u00edfrico Repair-Protect 75 ml",
        "image": "https:\/\/cdn-consum.aktiosdigitalservices.com\/tol\/consum\/media\/product\/img\/300x300\/7150407.jpg?t=20250227090923"
    },
    {
        "id": 6439,
        "name": "Tomate Frito Brik ORLANDO",
        "price": 0.85,
        "price_kilo": 2.43,
        "slug": "tomate-frito-brik",
        "description": "Tomate Frito Brik 350 Gr",
        "image": "https:\/\/cdn-consum.aktiosdigitalservices.com\/tol\/consum\/media\/product\/img\/300x300\/7150584.jpg?t=20250227090926"
    },
    {
        "id": 6440,
        "name": "Tomate Frito Brik Pack de 3 ORLANDO",
        "price": 1.99,
        "price_kilo": 3.16,
        "slug": "tomate-frito-brik-pack-de-3",
        "description": "Tomate Frito Brik Pack de 3 3 x 210 Gr",
        "image": "https:\/\/cdn-consum.aktiosdigitalservices.com\/tol\/consum\/media\/product\/img\/300x300\/7150589.jpg?t=20250312092748"
    },
    {
        "id": 6444,
        "name": "Compresa Ultra Normal Con Alas AUSONIA",
        "price": 1.85,
        "price_kilo": 0.13,
        "slug": "compresa-ultra-normal-con-alas",
        "description": "Compresa Ultra Normal Con Alas 14 U",
        "image": "https:\/\/cdn-consum.aktiosdigitalservices.com\/tol\/consum\/media\/product\/img\/300x300\/7151082.jpg?t=20241217081025"
    },
    {
        "id": 6447,
        "name": "Crema Lata Azul Cara,Cuerpo y Manos NIVEA",
        "price": 1.19,
        "price_kilo": 3.97,
        "slug": "crema-lata-azul-caracuerpo-y-manos",
        "description": "Crema Lata Azul Cara,Cuerpo y Manos 30 ml",
        "image": "https:\/\/cdn-consum.aktiosdigitalservices.com\/tol\/consum\/media\/product\/img\/300x300\/7151285.jpg?t=20250208075741"
    },
    {
        "id": 6448,
        "name": "Crema Hidrantante Soft Cara,Cuerpo y Manos NIVEA",
        "price": 1.49,
        "price_kilo": 2.98,
        "slug": "crema-hidrantante-soft-caracuerpo-y-manos",
        "description": "Crema Hidrantante Soft Cara,Cuerpo y Manos 50 ml",
        "image": "https:\/\/cdn-consum.aktiosdigitalservices.com\/tol\/consum\/media\/product\/img\/300x300\/7151298.jpg?t=20250313080132"
    },
    {
        "id": 6453,
        "name": "Pizza At\u00fan y Cebolla CONSUM",
        "price": 2.6,
        "price_kilo": 7.03,
        "slug": "pizza-atun-y-cebolla",
        "description": "Pizza At\u00fan y Cebolla 370 Gr",
        "image": "https:\/\/cdn-consum.aktiosdigitalservices.com\/tol\/consum\/media\/product\/img\/300x300\/7151330.jpg?t=20241217081025"
    },
    {
        "id": 6454,
        "name": "Pizza congelada 5 Quesos CONSUM",
        "price": 2.5,
        "price_kilo": 7.25,
        "slug": "pizza-congelada-5-quesos",
        "description": "Pizza congelada 5 Quesos 345 Gr",
        "image": "https:\/\/cdn-consum.aktiosdigitalservices.com\/tol\/consum\/media\/product\/img\/300x300\/7151335.jpg?t=20250227090929"
    },
    {
        "id": 6455,
        "name": "Pizza congelada Jam\u00f3n y Queso CONSUM",
        "price": 2.5,
        "price_kilo": 7.35,
        "slug": "pizza-congelada-jamon-y-queso",
        "description": "Pizza congelada Jam\u00f3n y Queso 340 Gr",
        "image": "https:\/\/cdn-consum.aktiosdigitalservices.com\/tol\/consum\/media\/product\/img\/300x300\/7151343.jpg?t=20250227090931"
    },
    {
        "id": 6462,
        "name": "Caf\u00e9 Con Leche C\u00e1psulas DOLCE GUSTO",
        "price": 5.2,
        "price_kilo": 0.33,
        "slug": "cafe-con-leche-capsulas",
        "description": "Caf\u00e9 Con Leche C\u00e1psulas 16 U",
        "image": "https:\/\/cdn-consum.aktiosdigitalservices.com\/tol\/consum\/media\/product\/img\/300x300\/7152010.jpg?t=20250312160044"
    },
    {
        "id": 6463,
        "name": "Infusi\u00f3n Cola de Caballo Plus 3 Bolsitas 20 Unid. POMPADOUR",
        "price": 2.35,
        "price_kilo": 0.12,
        "slug": "infusion-cola-de-caballo-plus-3-bolsitas-20-unid",
        "description": "Infusi\u00f3n Cola de Caballo Plus 3 Bolsitas 20 Unid. 20 Do",
        "image": "https:\/\/cdn-consum.aktiosdigitalservices.com\/tol\/consum\/media\/product\/img\/300x300\/7152028.jpg?t=20250311104654"
    },
    {
        "id": 6464,
        "name": "Tinto Verano Lim\u00f3n Botella Pet DON SIMON",
        "price": 1.85,
        "price_kilo": 1.23,
        "slug": "tinto-verano-limon-botella-pet",
        "description": "Tinto Verano Lim\u00f3n Botella Pet 1,5 L",
        "image": "https:\/\/cdn-consum.aktiosdigitalservices.com\/tol\/consum\/media\/product\/img\/300x300\/7152031.jpg?t=20250228075951"
    },
    {
        "id": 6473,
        "name": "Desodorante Spray Invisible Black&White NIVEA",
        "price": 2.95,
        "price_kilo": 1.48,
        "slug": "desodorante-spray-invisible-blackwhite",
        "description": "Desodorante Spray Invisible Black&White 200 ml",
        "image": "https:\/\/cdn-consum.aktiosdigitalservices.com\/tol\/consum\/media\/product\/img\/300x300\/7152754.jpg?t=20250227090935"
    },
    {
        "id": 6474,
        "name": "Leche Merengada Pack de 2 Unidades MONZO",
        "price": 1.95,
        "price_kilo": 4.88,
        "slug": "leche-merengada-pack-de-2-unidades",
        "description": "Leche Merengada Pack de 2 Unidades 2 x 200 ml",
        "image": "https:\/\/cdn-consum.aktiosdigitalservices.com\/tol\/consum\/media\/product\/img\/300x300\/7153448.jpg?t=20241217081025"
    },
    {
        "id": 6475,
        "name": "Panecillos Tostados Sabor Ajo y Perejil CONSUM",
        "price": 1.2,
        "price_kilo": 7.5,
        "slug": "panecillos-tostados-sabor-ajo-y-perejil",
        "description": "Panecillos Tostados Sabor Ajo y Perejil 160 Gr",
        "image": "https:\/\/cdn-consum.aktiosdigitalservices.com\/tol\/consum\/media\/product\/img\/300x300\/7153794.jpg?t=20250311104704"
    },
    {
        "id": 6477,
        "name": "Antical Gel CALGON",
        "price": 8.99,
        "price_kilo": 11.99,
        "slug": "antical-gel",
        "description": "Antical Gel 0,75 L",
        "image": "https:\/\/cdn-consum.aktiosdigitalservices.com\/tol\/consum\/media\/product\/img\/300x300\/7153885.jpg?t=20250227090938"
    },
    {
        "id": 6479,
        "name": "Comida H\u00fameda para Perro Sabor Pollo en pat\u00e9 CESAR",
        "price": 1.69,
        "price_kilo": 11.27,
        "slug": "comida-humeda-para-perro-sabor-pollo-en-pate",
        "description": "Comida H\u00fameda para Perro Sabor Pollo en pat\u00e9 Tarrina 150g",
        "image": "https:\/\/cdn-consum.aktiosdigitalservices.com\/tol\/consum\/media\/product\/img\/300x300\/7153906.jpg?t=20250227090939"
    },
    {
        "id": 6486,
        "name": "Bac\u00f3n en Lonchas CONSUM",
        "price": 2.09,
        "price_kilo": 10.45,
        "slug": "bacon-en-lonchas",
        "description": "Bac\u00f3n en Lonchas 200 Gr",
        "image": "https:\/\/cdn-consum.aktiosdigitalservices.com\/tol\/consum\/media\/product\/img\/300x300\/7154487.jpg?t=20250227090955"
    },
    {
        "id": 6488,
        "name": "Vegetal Clean Universal Animales VITAKRAFT",
        "price": 6.9,
        "price_kilo": 0.86,
        "slug": "vegetal-clean-universal-animales",
        "description": "Vegetal Clean Universal Animales 8 L",
        "image": "https:\/\/cdn-consum.aktiosdigitalservices.com\/tol\/consum\/media\/product\/img\/300x300\/7154797.jpg?t=20250227090957"
    },
    {
        "id": 6490,
        "name": "Pat\u00e9 de Pato Pack de 2 Unidades LA CUINA",
        "price": 1.89,
        "price_kilo": 18.9,
        "slug": "pate-de-pato-pack-de-2-unidades",
        "description": "Pat\u00e9 de Pato Pack de 2 Unidades 2 x 50 Gr",
        "image": "https:\/\/cdn-consum.aktiosdigitalservices.com\/tol\/consum\/media\/product\/img\/300x300\/7155013.jpg?t=20241217081026"
    },
    {
        "id": 6491,
        "name": "Pat\u00e9 Pimienta Pack de 2 Unidades LA CUINA",
        "price": 1.45,
        "price_kilo": 14.5,
        "slug": "pate-pimienta-pack-de-2-unidades",
        "description": "Pat\u00e9 Pimienta Pack de 2 Unidades 2 x 50 Gr",
        "image": "https:\/\/cdn-consum.aktiosdigitalservices.com\/tol\/consum\/media\/product\/img\/300x300\/7155021.jpg?t=20241217081026"
    },
    {
        "id": 6494,
        "name": "Picatostes Fritos Naturales CONSUM",
        "price": 0.61,
        "price_kilo": 8.13,
        "slug": "picatostes-fritos-naturales",
        "description": "Picatostes Fritos Naturales 75 Gr",
        "image": "https:\/\/cdn-consum.aktiosdigitalservices.com\/tol\/consum\/media\/product\/img\/300x300\/7155310.jpg?t=20250312092748"
    },
    {
        "id": 6495,
        "name": "Picatostes Fritos al Aroma de Ajo CONSUM",
        "price": 0.61,
        "price_kilo": 8.13,
        "slug": "picatostes-fritos-al-aroma-de-ajo",
        "description": "Picatostes Fritos al Aroma de Ajo 75 Gr",
        "image": "https:\/\/cdn-consum.aktiosdigitalservices.com\/tol\/consum\/media\/product\/img\/300x300\/7155315.jpg?t=20250311104714"
    },
    {
        "id": 6496,
        "name": "Colonia Infantil Spray NENUCO",
        "price": 3.99,
        "price_kilo": 1.66,
        "slug": "colonia-infantil-spray",
        "description": "Colonia Infantil Spray 240 ml",
        "image": "https:\/\/cdn-consum.aktiosdigitalservices.com\/tol\/consum\/media\/product\/img\/300x300\/7155591.jpg?t=20241217081026"
    },
    {
        "id": 6498,
        "name": "Desmaquillante Ojos Cuidado Essencials Bif GARNIER",
        "price": 3.95,
        "price_kilo": 3.16,
        "slug": "desmaquillante-ojos-cuidado-essencials-bif",
        "description": "Desmaquillante Ojos Cuidado Essencials Bif 125 ml",
        "image": "https:\/\/cdn-consum.aktiosdigitalservices.com\/tol\/consum\/media\/product\/img\/300x300\/7155609.jpg?t=20250214075752"
    },
    {
        "id": 6500,
        "name": "Tinte N\u00ba8 Rubio Claro PALETTE",
        "price": 4.79,
        "price_kilo": 4.79,
        "slug": "tinte-n8-rubio-claro",
        "description": "Tinte N\u00ba8 Rubio Claro 1 U",
        "image": "https:\/\/cdn-consum.aktiosdigitalservices.com\/tol\/consum\/media\/product\/img\/300x300\/7155666.jpg?t=20250312160048"
    },
    {
        "id": 6501,
        "name": "Tinte N\u00ba6 Rubio Oscuro PALETTE",
        "price": 4.79,
        "price_kilo": 4.79,
        "slug": "tinte-n6-rubio-oscuro",
        "description": "Tinte N\u00ba6 Rubio Oscuro 1 U",
        "image": "https:\/\/cdn-consum.aktiosdigitalservices.com\/tol\/consum\/media\/product\/img\/300x300\/7155674.jpg?t=20250312160051"
    },
    {
        "id": 6502,
        "name": "Tinte N\u00ba5 Casta\u00f1o Claro PALETTE",
        "price": 4.79,
        "price_kilo": 4.79,
        "slug": "tinte-n5-castano-claro",
        "description": "Tinte N\u00ba5 Casta\u00f1o Claro 1 U",
        "image": "https:\/\/cdn-consum.aktiosdigitalservices.com\/tol\/consum\/media\/product\/img\/300x300\/7155679.jpg?t=20250312160053"
    },
    {
        "id": 6503,
        "name": "Tinte N\u00ba3.65 Casta\u00f1o Chocolate PALETTE",
        "price": 4.79,
        "price_kilo": 4.79,
        "slug": "tinte-n365-castano-chocolate",
        "description": "Tinte N\u00ba3.65 Casta\u00f1o Chocolate 1 U",
        "image": "https:\/\/cdn-consum.aktiosdigitalservices.com\/tol\/consum\/media\/product\/img\/300x300\/7155682.jpg?t=20250312160056"
    },
    {
        "id": 6504,
        "name": "Tinte N\u00ba 3 Casta\u00f1o Oscuro PALETTE",
        "price": 4.79,
        "price_kilo": 4.79,
        "slug": "tinte-n-3-castano-oscuro",
        "description": "Tinte N\u00ba 3 Casta\u00f1o Oscuro 1 U",
        "image": "https:\/\/cdn-consum.aktiosdigitalservices.com\/tol\/consum\/media\/product\/img\/300x300\/7155687.jpg?t=20250312160058"
    },
    {
        "id": 6505,
        "name": "Tinte N\u00ba1 Negro PALETTE",
        "price": 4.79,
        "price_kilo": 4.79,
        "slug": "tinte-n1-negro",
        "description": "Tinte N\u00ba1 Negro 1 U",
        "image": "https:\/\/cdn-consum.aktiosdigitalservices.com\/tol\/consum\/media\/product\/img\/300x300\/7155695.jpg?t=20250312160100"
    },
    {
        "id": 6506,
        "name": "Tinte N\u00ba1.1 Negro Azulado PALETTE",
        "price": 4.79,
        "price_kilo": 4.79,
        "slug": "tinte-n11-negro-azulado",
        "description": "Tinte N\u00ba1.1 Negro Azulado 1 U",
        "image": "https:\/\/cdn-consum.aktiosdigitalservices.com\/tol\/consum\/media\/product\/img\/300x300\/7155703.jpg?t=20250312160103"
    },
    {
        "id": 6513,
        "name": "Toallitas Lavadora Antitransferente CONSUM",
        "price": 1.85,
        "price_kilo": 0.09,
        "slug": "toallitas-lavadora-antitransferente",
        "description": "Toallitas Lavadora Antitransferente 20 U",
        "image": "https:\/\/cdn-consum.aktiosdigitalservices.com\/tol\/consum\/media\/product\/img\/300x300\/7156185.jpg?t=20250312092748"
    },
    {
        "id": 6515,
        "name": "Snacks dentales para perros peque\u00f1os Dentastix PEDIGREE",
        "price": 1.99,
        "price_kilo": 18.09,
        "slug": "snacks-dentales-para-perros-pequenos-dentastix",
        "description": "Snacks dentales para perros peque\u00f1os Dentastix Pedigree 110g",
        "image": "https:\/\/cdn-consum.aktiosdigitalservices.com\/tol\/consum\/media\/product\/img\/300x300\/7156446.jpg?t=20250227091005"
    },
    {
        "id": 6519,
        "name": "Pinza Punta Oblicua KYREY",
        "price": 2,
        "price_kilo": 2,
        "slug": "pinza-punta-oblicua",
        "description": "Pinza Punta Oblicua 1 U",
        "image": "https:\/\/cdn-consum.aktiosdigitalservices.com\/tol\/consum\/media\/product\/img\/300x300\/7156631.jpg?t=20241217081026"
    },
    {
        "id": 6520,
        "name": "Cepillo de U\u00f1as KYREY",
        "price": 1.89,
        "price_kilo": 1.89,
        "slug": "cepillo-de-unas",
        "description": "Cepillo de U\u00f1as 1 U",
        "image": "https:\/\/cdn-consum.aktiosdigitalservices.com\/tol\/consum\/media\/product\/img\/300x300\/7156672.jpg?t=20241217081026"
    },
    {
        "id": 6522,
        "name": "Lima Fibra de Vidrio KYREY",
        "price": 0.99,
        "price_kilo": 0.99,
        "slug": "lima-fibra-de-vidrio",
        "description": "Lima Fibra de Vidrio 1 U",
        "image": "https:\/\/cdn-consum.aktiosdigitalservices.com\/tol\/consum\/media\/product\/img\/300x300\/7156685.jpg?t=20241217081026"
    },
    {
        "id": 6525,
        "name": "Lima Durezas y Raspador KYREY",
        "price": 3.09,
        "price_kilo": 3.09,
        "slug": "lima-durezas-y-raspador",
        "description": "Lima Durezas y Raspador 1 U",
        "image": "https:\/\/cdn-consum.aktiosdigitalservices.com\/tol\/consum\/media\/product\/img\/300x300\/7156727.jpg?t=20241217081026"
    },
    {
        "id": 6526,
        "name": "Piedra Durezas Pies y Manos KYREY",
        "price": 2.49,
        "price_kilo": 2.49,
        "slug": "piedra-durezas-pies-y-manos",
        "description": "Piedra Durezas Pies y Manos 1 U",
        "image": "https:\/\/cdn-consum.aktiosdigitalservices.com\/tol\/consum\/media\/product\/img\/300x300\/7156735.jpg?t=20241217081026"
    },
    {
        "id": 6533,
        "name": "Chicles Sin Az\u00facar de Eucalipto en grageas, 10 uds ORBIT",
        "price": 1.29,
        "price_kilo": 9.21,
        "slug": "chicles-sin-azucar-de-eucalipto-en-grageas-10-uds",
        "description": "Chicles Sin Az\u00facar de Eucalipto en grageas, 10 uds",
        "image": "https:\/\/cdn-consum.aktiosdigitalservices.com\/tol\/consum\/media\/product\/img\/300x300\/7156982.jpg?t=20250311124305"
    },
    {
        "id": 6535,
        "name": "Chicles Sin Az\u00facar de Menta en grageas, 10 uds ORBIT",
        "price": 1.29,
        "price_kilo": 9.21,
        "slug": "chicles-sin-azucar-de-menta-en-grageas-10-uds",
        "description": "Chicles Sin Az\u00facar de Menta en grageas, 10 uds",
        "image": "https:\/\/cdn-consum.aktiosdigitalservices.com\/tol\/consum\/media\/product\/img\/300x300\/7156990.jpg?t=20250311124308"
    },
    {
        "id": 6536,
        "name": "Chicles Sin Az\u00facar de Hierbabuena en grageas, 10 u ORBIT",
        "price": 1.29,
        "price_kilo": 9.21,
        "slug": "chicles-sin-azucar-de-hierbabuena-en-grageas-10-u",
        "description": "Chicles Sin Az\u00facar de Hierbabuena en grageas, 10 uds 14gr",
        "image": "https:\/\/cdn-consum.aktiosdigitalservices.com\/tol\/consum\/media\/product\/img\/300x300\/7156995.jpg?t=20250311124310"
    },
    {
        "id": 6537,
        "name": "Boomer MaxiRoll Chicle de Fresa en Rollo, 180cm BOOMER",
        "price": 3.05,
        "price_kilo": 54.46,
        "slug": "boomer-maxiroll-chicle-de-fresa-en-rollo-180cm",
        "description": "Boomer MaxiRoll Chicle de Fresa en Rollo, 180cm 56 Gr",
        "image": "https:\/\/cdn-consum.aktiosdigitalservices.com\/tol\/consum\/media\/product\/img\/300x300\/7157014.jpg?t=20250311124313"
    },
    {
        "id": 6541,
        "name": "Patatas al Vapor Microondas ",
        "price": 1.49,
        "price_kilo": 3.73,
        "slug": "patatas-al-vapor-microondas",
        "description": "Patatas al Vapor Microondas 400 Gr",
        "image": "https:\/\/cdn-consum.aktiosdigitalservices.com\/tol\/consum\/media\/product\/img\/300x300\/7157654.jpg?t=20250101080841"
    },
    {
        "id": 6549,
        "name": "L Casei Fresa Pack de 12 Unidades CONSUM",
        "price": 2.22,
        "price_kilo": 1.85,
        "slug": "l-casei-fresa-pack-de-12-unidades",
        "description": "L Casei Fresa Pack de 12 Unidades 12 x 100 Gr",
        "image": "https:\/\/cdn-consum.aktiosdigitalservices.com\/tol\/consum\/media\/product\/img\/300x300\/7157860.jpg?t=20241223075932"
    },
    {
        "id": 6558,
        "name": "Huevo Chocolate con Sorpresa Pack KINDER",
        "price": 3.79,
        "price_kilo": 63.17,
        "slug": "huevo-chocolate-con-sorpresa-pack",
        "description": "Huevo Chocolate con Sorpresa Pack 3 x 20 Gr",
        "image": "https:\/\/cdn-consum.aktiosdigitalservices.com\/tol\/consum\/media\/product\/img\/300x300\/7159411.jpg?t=20250311133426"
    },
    {
        "id": 6560,
        "name": "Cera Peinado N\u00ba4 Poder Mate NELLY",
        "price": 3.89,
        "price_kilo": 3.89,
        "slug": "cera-peinado-n4-poder-mate",
        "description": "Cera Peinado N\u00ba4 Poder Mate 100 ml",
        "image": "https:\/\/cdn-consum.aktiosdigitalservices.com\/tol\/consum\/media\/product\/img\/300x300\/7159866.jpg?t=20241217081027"
    },
    {
        "id": 6561,
        "name": "Whisky Scotch GLENWOOD",
        "price": 6.99,
        "price_kilo": 9.99,
        "slug": "whisky-scotch",
        "description": "Whisky Scotch 0,7 L",
        "image": "https:\/\/cdn-consum.aktiosdigitalservices.com\/tol\/consum\/media\/product\/img\/300x300\/7159874.jpg?t=20250319075824"
    },
    {
        "id": 6567,
        "name": "Leche Sin Lactosa Semidesnatada CONSUM",
        "price": 0.93,
        "price_kilo": 0.93,
        "slug": "leche-sin-lactosa-semidesnatada",
        "description": "Leche Sin Lactosa Semidesnatada 1 L",
        "image": "https:\/\/cdn-consum.aktiosdigitalservices.com\/tol\/consum\/media\/product\/img\/300x300\/7161685.jpg?t=20250311104740"
    },
    {
        "id": 6568,
        "name": "Chocolate con Oreo MILKA",
        "price": 1.99,
        "price_kilo": 19.9,
        "slug": "chocolate-con-oreo",
        "description": "Chocolate con Oreo 100 Gr",
        "image": "https:\/\/cdn-consum.aktiosdigitalservices.com\/tol\/consum\/media\/product\/img\/300x300\/7161904.jpg?t=20250312160114"
    },
    {
        "id": 6571,
        "name": "Chicle Fresa en Bolsa TRIDENT",
        "price": 1.45,
        "price_kilo": 3.3,
        "slug": "chicle-fresa-en-bolsa",
        "description": "Chicle Fresa en Bolsa 44 Gr",
        "image": "https:\/\/cdn-consum.aktiosdigitalservices.com\/tol\/consum\/media\/product\/img\/300x300\/7162100.jpg?t=20250311124320"
    },
    {
        "id": 6572,
        "name": "Chicle Menta en Bolsa TRIDENT",
        "price": 1.45,
        "price_kilo": 3.3,
        "slug": "chicle-menta-en-bolsa",
        "description": "Chicle Menta en Bolsa 44 Gr",
        "image": "https:\/\/cdn-consum.aktiosdigitalservices.com\/tol\/consum\/media\/product\/img\/300x300\/7162118.jpg?t=20250311124323"
    },
    {
        "id": 6587,
        "name": "Body Milk Aloe Vera KYREY",
        "price": 1.19,
        "price_kilo": 0.3,
        "slug": "body-milk-aloe-vera",
        "description": "Body Milk Aloe Vera 400 ml",
        "image": "https:\/\/cdn-consum.aktiosdigitalservices.com\/tol\/consum\/media\/product\/img\/300x300\/7163314.jpg?t=20241217081027"
    },
    {
        "id": 6588,
        "name": "Body Milk Pieles At\u00f3picas KYREY",
        "price": 2.2,
        "price_kilo": 0.55,
        "slug": "body-milk-pieles-atopicas",
        "description": "Body Milk Pieles At\u00f3picas 400 ml",
        "image": "https:\/\/cdn-consum.aktiosdigitalservices.com\/tol\/consum\/media\/product\/img\/300x300\/7163327.jpg?t=20241217081027"
    },
    {
        "id": 6590,
        "name": "Crema Corporal Nutritiva Aceite de Oliva KYREY",
        "price": 1.4,
        "price_kilo": 0.7,
        "slug": "crema-corporal-nutritiva-aceite-de-oliva",
        "description": "Crema Corporal Nutritiva Aceite de Oliva 200 ml",
        "image": "https:\/\/cdn-consum.aktiosdigitalservices.com\/tol\/consum\/media\/product\/img\/300x300\/7163343.jpg?t=20241217081027"
    },
    {
        "id": 6596,
        "name": "Leche Limpiadora Con Aloe KYREY",
        "price": 1.15,
        "price_kilo": 0.58,
        "slug": "leche-limpiadora-con-aloe",
        "description": "Leche Limpiadora Con Aloe 200 ml",
        "image": "https:\/\/cdn-consum.aktiosdigitalservices.com\/tol\/consum\/media\/product\/img\/300x300\/7163413.jpg?t=20241217081027"
    },
    {
        "id": 6597,
        "name": "T\u00f3nico Facial con Aloe KYREY",
        "price": 1.15,
        "price_kilo": 0.58,
        "slug": "tonico-facial-con-aloe",
        "description": "T\u00f3nico Facial con Aloe 200 ml",
        "image": "https:\/\/cdn-consum.aktiosdigitalservices.com\/tol\/consum\/media\/product\/img\/300x300\/7163418.jpg?t=20241217081027"
    },
    {
        "id": 6607,
        "name": "Caf\u00e9 Espresso Bonka C\u00e1psulas DOLCE GUSTO",
        "price": 5.2,
        "price_kilo": 0.33,
        "slug": "cafe-espresso-bonka-capsulas",
        "description": "Caf\u00e9 Espresso Bonka C\u00e1psulas 16 U",
        "image": "https:\/\/cdn-consum.aktiosdigitalservices.com\/tol\/consum\/media\/product\/img\/300x300\/7163553.jpg?t=20250311133433"
    },
    {
        "id": 6612,
        "name": "Vino Tinto Barrica D.O.Cari\u00f1ena MONAST.VI\u00d1AS",
        "price": 3.29,
        "price_kilo": 4.39,
        "slug": "vino-tinto-barrica-docarinena",
        "description": "Vino Tinto Barrica D.O.Cari\u00f1ena 0,75 L",
        "image": "https:\/\/cdn-consum.aktiosdigitalservices.com\/tol\/consum\/media\/product\/img\/300x300\/7163822.jpg?t=20250206091527"
    },
    {
        "id": 6614,
        "name": "Cava Brut Nature D.O.Cava DOMN.DUQUES",
        "price": 3.65,
        "price_kilo": 4.87,
        "slug": "cava-brut-nature-docava",
        "description": "Cava Brut Nature D.O.Cava 0,75 L",
        "image": "https:\/\/cdn-consum.aktiosdigitalservices.com\/tol\/consum\/media\/product\/img\/300x300\/7163871.jpg?t=20250218080219"
    },
    {
        "id": 6615,
        "name": "Quitamanchas Tinte NELLY",
        "price": 2.85,
        "price_kilo": 2.85,
        "slug": "quitamanchas-tinte",
        "description": "Quitamanchas Tinte 100 ml",
        "image": "https:\/\/cdn-consum.aktiosdigitalservices.com\/tol\/consum\/media\/product\/img\/300x300\/7163913.jpg?t=20241217081028"
    },
    {
        "id": 6633,
        "name": "Paletina Tinte PONETTE",
        "price": 1.29,
        "price_kilo": 1.29,
        "slug": "paletina-tinte",
        "description": "Paletina Tinte 1 U",
        "image": "https:\/\/cdn-consum.aktiosdigitalservices.com\/tol\/consum\/media\/product\/img\/300x300\/7164122.jpg?t=20241217081028"
    },
    {
        "id": 6636,
        "name": "Vino Tinto Botell\u00edn D.O.Rioja FAUSTINO VII",
        "price": 1.69,
        "price_kilo": 9.04,
        "slug": "vino-tinto-botellin-dorioja",
        "description": "Vino Tinto Botell\u00edn D.O.Rioja 187 ml",
        "image": "https:\/\/cdn-consum.aktiosdigitalservices.com\/tol\/consum\/media\/product\/img\/300x300\/7164171.jpg?t=20250206091530"
    },
    {
        "id": 6639,
        "name": "Nuez C\u00e1scara Bolsa CONSUM",
        "price": 3.9,
        "price_kilo": 6.5,
        "slug": "nuez-cascara-bolsa",
        "description": "Nuez C\u00e1scara Bolsa 600 Gr",
        "image": "https:\/\/cdn-consum.aktiosdigitalservices.com\/tol\/consum\/media\/product\/img\/300x300\/7164510.jpg?t=20250221075913"
    },
    {
        "id": 6641,
        "name": "Mermelada Fresa de Temporada HERO",
        "price": 2.49,
        "price_kilo": 7.11,
        "slug": "mermelada-fresa-de-temporada",
        "description": "Mermelada Fresa de Temporada 350 Gr",
        "image": "https:\/\/cdn-consum.aktiosdigitalservices.com\/tol\/consum\/media\/product\/img\/300x300\/7164585.jpg?t=20250311104755"
    },
    {
        "id": 6644,
        "name": "Leche Semidesnatada Ec\u00f3logica, Brik PULEVA",
        "price": 1.51,
        "price_kilo": 1.51,
        "slug": "leche-semidesnatada-ecologica-brik",
        "description": "Leche Semidesnatada Ec\u00f3logica, Brik 1 L",
        "image": "https:\/\/cdn-consum.aktiosdigitalservices.com\/tol\/consum\/media\/product\/img\/300x300\/7164643.jpg?t=20250312092748"
    },
    {
        "id": 6648,
        "name": "Bebida de Soja sabor Vainilla CONSUM",
        "price": 1.09,
        "price_kilo": 1.09,
        "slug": "bebida-de-soja-sabor-vainilla",
        "description": "Bebida de Soja sabor Vainilla 1 L",
        "image": "https:\/\/cdn-consum.aktiosdigitalservices.com\/tol\/consum\/media\/product\/img\/300x300\/7164767.jpg?t=20250312092749"
    },
    {
        "id": 6649,
        "name": "Bebida de Soja con Chocolate CONSUM",
        "price": 1.09,
        "price_kilo": 1.09,
        "slug": "bebida-de-soja-con-chocolate",
        "description": "Bebida de Soja con Chocolate 1 L",
        "image": "https:\/\/cdn-consum.aktiosdigitalservices.com\/tol\/consum\/media\/product\/img\/300x300\/7164770.jpg?t=20250311104802"
    },
    {
        "id": 6650,
        "name": "Bolsas Basura Autocierre Lila Perfumada 30 Litros CONSUM",
        "price": 1.45,
        "price_kilo": 0.07,
        "slug": "bolsas-basura-autocierre-lila-perfumada-30-litros",
        "description": "Bolsas Basura Autocierre Lila Perfumada 30 Litros 20 U",
        "image": "https:\/\/cdn-consum.aktiosdigitalservices.com\/tol\/consum\/media\/product\/img\/300x300\/7164775.jpg?t=20241217081028"
    },
    {
        "id": 6652,
        "name": "Bolsa Basura Autocierre Blanca de  50 Litros CONSUM",
        "price": 1.6,
        "price_kilo": 0.11,
        "slug": "bolsa-basura-autocierre-blanca-de-50-litros",
        "description": "Bolsa Basura Autocierre Blanca de  50 Litros 15 U",
        "image": "https:\/\/cdn-consum.aktiosdigitalservices.com\/tol\/consum\/media\/product\/img\/300x300\/7164791.jpg?t=20250312092749"
    },
    {
        "id": 6653,
        "name": "Bolsas Basura Autocierre Gris de 30 Litros CONSUM",
        "price": 1.65,
        "price_kilo": 0.04,
        "slug": "bolsas-basura-autocierre-gris-de-30-litros",
        "description": "Bolsas Basura Autocierre Gris de 30 Litros 40 U",
        "image": "https:\/\/cdn-consum.aktiosdigitalservices.com\/tol\/consum\/media\/product\/img\/300x300\/7164804.jpg?t=20250211075913"
    },
    {
        "id": 6654,
        "name": "Bolsa Basura Autocierre Especi.Ba\u00f1os Blanca 10L CONSUM",
        "price": 1.35,
        "price_kilo": 0.03,
        "slug": "bolsa-basura-autocierre-especibanos-blanca-10l",
        "description": "Bolsa Basura Autocierre Especi.Ba\u00f1os Blanca 10L 40 U",
        "image": "https:\/\/cdn-consum.aktiosdigitalservices.com\/tol\/consum\/media\/product\/img\/300x300\/7164809.jpg?t=20241217081029"
    },
    {
        "id": 6655,
        "name": "Bolsa Basura Autocierre Gris de 100 Litros CONSUM",
        "price": 1.89,
        "price_kilo": 0.19,
        "slug": "bolsa-basura-autocierre-gris-de-100-litros",
        "description": "Bolsa Basura Autocierre Gris de 100 Litros 10 U",
        "image": "https:\/\/cdn-consum.aktiosdigitalservices.com\/tol\/consum\/media\/product\/img\/300x300\/7164812.jpg?t=20241217081029"
    },
    {
        "id": 6666,
        "name": "Flan de Huevo Equilibrio Desnatado Pack de 4 U. REINA",
        "price": 1.95,
        "price_kilo": 4.88,
        "slug": "flan-de-huevo-equilibrio-desnatado-pack-de-4-u",
        "description": "Flan de Huevo Equilibrio Desnatado Pack de 4 U. 4 x 100 Gr",
        "image": "https:\/\/cdn-consum.aktiosdigitalservices.com\/tol\/consum\/media\/product\/img\/300x300\/7166312.jpg?t=20250227091029"
    },
    {
        "id": 6668,
        "name": "Perfeccionador Prodigioso P.Media GARNIER",
        "price": 9.75,
        "price_kilo": 19.5,
        "slug": "perfeccionador-prodigioso-pmedia",
        "description": "Perfeccionador Prodigioso P.Media 50 ml",
        "image": "https:\/\/cdn-consum.aktiosdigitalservices.com\/tol\/consum\/media\/product\/img\/300x300\/7166341.jpg?t=20250214075758"
    },
    {
        "id": 6672,
        "name": "Higi\u00e9nico Doble Capa CONSUM",
        "price": 1.89,
        "price_kilo": 0.32,
        "slug": "higienico-doble-capa",
        "description": "Higi\u00e9nico Doble Capa 6 U",
        "image": "https:\/\/cdn-consum.aktiosdigitalservices.com\/tol\/consum\/media\/product\/img\/300x300\/7166887.jpg?t=20250312092749"
    },
    {
        "id": 6673,
        "name": "Comida H\u00fameda Gatos Mousse Gourmet Gold GOURMET",
        "price": 6.45,
        "price_kilo": 9.49,
        "slug": "comida-humeda-gatos-mousse-gourmet-gold",
        "description": "Comida H\u00fameda Gatos Mousse Gourmet Gold 8 x 85 Gr",
        "image": "https:\/\/cdn-consum.aktiosdigitalservices.com\/tol\/consum\/media\/product\/img\/300x300\/7167005.jpg?t=20250207075916"
    },
    {
        "id": 6674,
        "name": "Postre Gelificado Sabor Fresa Pack de 6 U CONSUM",
        "price": 1,
        "price_kilo": 1.67,
        "slug": "postre-gelificado-sabor-fresa-pack-de-6-u",
        "description": "Postre Gelificado Sabor Fresa Pack de 6 U 6 x 100 Gr",
        "image": "https:\/\/cdn-consum.aktiosdigitalservices.com\/tol\/consum\/media\/product\/img\/300x300\/7167062.jpg?t=20241217081029"
    },
    {
        "id": 6676,
        "name": "Tarrina Dulce de Leche 900 Ml CONSUM",
        "price": 3.75,
        "price_kilo": 7.81,
        "slug": "tarrina-dulce-de-leche-900-ml",
        "description": "Tarrina Dulce de Leche 900 Ml 480 Gr",
        "image": "https:\/\/cdn-consum.aktiosdigitalservices.com\/tol\/consum\/media\/product\/img\/300x300\/7167463.jpg?t=20241217081029"
    },
    {
        "id": 6679,
        "name": "Altramuces Tarro SALADITOS",
        "price": 1.69,
        "price_kilo": 4.45,
        "slug": "altramuces-tarro",
        "description": "Altramuces Tarro 380 Gr",
        "image": "https:\/\/cdn-consum.aktiosdigitalservices.com\/tol\/consum\/media\/product\/img\/300x300\/7167794.jpg?t=20241217081029"
    },
    {
        "id": 6680,
        "name": "Infusi\u00f3n Tomillo 20 bolsitas POMPADOUR",
        "price": 2.79,
        "price_kilo": 0.14,
        "slug": "infusion-tomillo-20-bolsitas",
        "description": "Infusi\u00f3n Tomillo 20 bolsitas 20 U",
        "image": "https:\/\/cdn-consum.aktiosdigitalservices.com\/tol\/consum\/media\/product\/img\/300x300\/7167844.jpg?t=20250312160121"
    },
    {
        "id": 6683,
        "name": "Pizza Barbacoa al Horno de Piedra CONSUM",
        "price": 2.5,
        "price_kilo": 6.25,
        "slug": "pizza-barbacoa-al-horno-de-piedra",
        "description": "Pizza Barbacoa al Horno de Piedra 400 Gr",
        "image": "https:\/\/cdn-consum.aktiosdigitalservices.com\/tol\/consum\/media\/product\/img\/300x300\/7168011.jpg?t=20241217081029"
    },
    {
        "id": 6684,
        "name": "Pizza Romana CONSUM",
        "price": 2.9,
        "price_kilo": 7.25,
        "slug": "pizza-romana",
        "description": "Pizza Romana 400 Gr",
        "image": "https:\/\/cdn-consum.aktiosdigitalservices.com\/tol\/consum\/media\/product\/img\/300x300\/7168016.jpg?t=20241217081029"
    },
    {
        "id": 6692,
        "name": "Patatas Original PRINGLES",
        "price": 1.99,
        "price_kilo": 12.06,
        "slug": "patatas-original",
        "description": "Patatas Original 165 Gr",
        "image": "https:\/\/cdn-consum.aktiosdigitalservices.com\/tol\/consum\/media\/product\/img\/300x300\/7168649.jpg?t=20250227091039"
    },
    {
        "id": 6693,
        "name": "Patatas Sour Cream PRINGLES",
        "price": 1.99,
        "price_kilo": 12.06,
        "slug": "patatas-sour-cream",
        "description": "Patatas Sour Cream 165 Gr",
        "image": "https:\/\/cdn-consum.aktiosdigitalservices.com\/tol\/consum\/media\/product\/img\/300x300\/7168651.jpg?t=20250227091041"
    },
    {
        "id": 6696,
        "name": "Vino Tinto Joven D.O.Utiel-Requena M.VERDELLANO",
        "price": 1.49,
        "price_kilo": 1.99,
        "slug": "vino-tinto-joven-doutiel-requena",
        "description": "Vino Tinto Joven D.O.Utiel-Requena 0,75 L",
        "image": "https:\/\/cdn-consum.aktiosdigitalservices.com\/tol\/consum\/media\/product\/img\/300x300\/7168680.jpg?t=20241217081029"
    },
    {
        "id": 6701,
        "name": "Refresco Cola Cero Botella CONSUM",
        "price": 0.75,
        "price_kilo": 0.38,
        "slug": "refresco-cola-cero-botella",
        "description": "Refresco Cola Cero Botella 2 L",
        "image": "https:\/\/cdn-consum.aktiosdigitalservices.com\/tol\/consum\/media\/product\/img\/300x300\/7169006.jpg?t=20241217081029"
    },
    {
        "id": 6702,
        "name": "Almendras con Piel Tostadas Sal Bolsa CONSUM",
        "price": 3.25,
        "price_kilo": 16.25,
        "slug": "almendras-con-piel-tostadas-sal-bolsa",
        "description": "Almendras con Piel Tostadas Sal Bolsa 200 Gr",
        "image": "https:\/\/cdn-consum.aktiosdigitalservices.com\/tol\/consum\/media\/product\/img\/300x300\/7169084.jpg?t=20250312092749"
    },
    {
        "id": 6704,
        "name": "Tortitas Arroz Sabor Yogur Paquete BICENTURY",
        "price": 2.19,
        "price_kilo": 16.8,
        "slug": "tortitas-arroz-sabor-yogur-paquete",
        "description": "Tortitas Arroz Sabor Yogur Paquete 130,4 Gr",
        "image": "https:\/\/cdn-consum.aktiosdigitalservices.com\/tol\/consum\/media\/product\/img\/300x300\/7169626.jpg?t=20250311133439"
    },
    {
        "id": 6705,
        "name": "Pizza congelada Tradizionale Speciale TRADIZIONALE",
        "price": 4.59,
        "price_kilo": 11.92,
        "slug": "pizza-congelada-tradizionale-speciale",
        "description": "Pizza congelada Tradizionale Speciale 385 Gr",
        "image": "https:\/\/cdn-consum.aktiosdigitalservices.com\/tol\/consum\/media\/product\/img\/300x300\/7169662.jpg?t=20250312125234"
    },
    {
        "id": 6707,
        "name": "Leche Entera Sin Lactosa PASCUAL",
        "price": 1.55,
        "price_kilo": 1.55,
        "slug": "leche-entera-sin-lactosa",
        "description": "Leche Entera Sin Lactosa 1 L",
        "image": "https:\/\/cdn-consum.aktiosdigitalservices.com\/tol\/consum\/media\/product\/img\/300x300\/7169688.jpg?t=20250311104814"
    },
    {
        "id": 6709,
        "name": "Toallita Higiene Corporal Adulto SALUSTAR",
        "price": 3.99,
        "price_kilo": 0.07,
        "slug": "toallita-higiene-corporal-adulto",
        "description": "Toallita Higiene Corporal Adulto 60 U",
        "image": "https:\/\/cdn-consum.aktiosdigitalservices.com\/tol\/consum\/media\/product\/img\/300x300\/7169811.jpg?t=20250319080110"
    },
    {
        "id": 6712,
        "name": "Gel Dark Temptation AXE",
        "price": 3.45,
        "price_kilo": 0.86,
        "slug": "gel-dark-temptation",
        "description": "Gel Dark Temptation 400 ml",
        "image": "https:\/\/cdn-consum.aktiosdigitalservices.com\/tol\/consum\/media\/product\/img\/300x300\/7169852.jpg?t=20250227091057"
    },
    {
        "id": 6713,
        "name": "Caramelo Menta sin Az\u00facar SMINT",
        "price": 3.95,
        "price_kilo": 16.46,
        "slug": "caramelo-menta-sin-azucar",
        "description": "Caramelo Menta sin Az\u00facar 3 x 8 Gr",
        "image": "https:\/\/cdn-consum.aktiosdigitalservices.com\/tol\/consum\/media\/product\/img\/300x300\/7169865.jpg?t=20250311124329"
    },
    {
        "id": 6715,
        "name": "Agua Mineral con Gas Botella CONSUM",
        "price": 0.43,
        "price_kilo": 0.29,
        "slug": "agua-mineral-con-gas-botella",
        "description": "Agua Mineral con Gas Botella 1,5 L",
        "image": "https:\/\/cdn-consum.aktiosdigitalservices.com\/tol\/consum\/media\/product\/img\/300x300\/7169993.jpg?t=20250205080056"
    },
    {
        "id": 6716,
        "name": "Agua Mineral con Gas Botella CONSUM",
        "price": 0.29,
        "price_kilo": 0.58,
        "slug": "agua-mineral-con-gas-botella",
        "description": "Agua Mineral con Gas Botella 0,5 L",
        "image": "https:\/\/cdn-consum.aktiosdigitalservices.com\/tol\/consum\/media\/product\/img\/300x300\/7169998.jpg?t=20250312092749"
    },
    {
        "id": 6717,
        "name": "Tomate Frito Brik Pack de 3 CONSUM",
        "price": 0.95,
        "price_kilo": 1.58,
        "slug": "tomate-frito-brik-pack-de-3",
        "description": "Tomate Frito Brik Pack de 3 3 x 200 Gr",
        "image": "https:\/\/cdn-consum.aktiosdigitalservices.com\/tol\/consum\/media\/product\/img\/300x300\/7170012.jpg?t=20250312092749"
    },
    {
        "id": 6718,
        "name": "Tomate Frito Aceite Oliva Brik Pack de 3 CONSUM",
        "price": 1.33,
        "price_kilo": 2.22,
        "slug": "tomate-frito-aceite-oliva-brik-pack-de-3",
        "description": "Tomate Frito Aceite Oliva Brik Pack de 3 3 x 200 Gr",
        "image": "https:\/\/cdn-consum.aktiosdigitalservices.com\/tol\/consum\/media\/product\/img\/300x300\/7170017.jpg?t=20250312092749"
    },
    {
        "id": 6721,
        "name": "Estropajo Vitroceramicas Superficies Delicadas CONSUM",
        "price": 0.9,
        "price_kilo": 0.3,
        "slug": "estropajo-vitroceramicas-superficies-delicadas",
        "description": "Estropajo Vitroceramicas Superficies Delicadas 3 U",
        "image": "https:\/\/cdn-consum.aktiosdigitalservices.com\/tol\/consum\/media\/product\/img\/300x300\/7170418.jpg?t=20241217081030"
    },
    {
        "id": 6722,
        "name": "Estropajos Salvau\u00f1as CONSUM",
        "price": 0.75,
        "price_kilo": 0.25,
        "slug": "estropajos-salvaunas",
        "description": "Estropajos Salvau\u00f1as 3 U",
        "image": "https:\/\/cdn-consum.aktiosdigitalservices.com\/tol\/consum\/media\/product\/img\/300x300\/7170426.jpg?t=20241217081030"
    },
    {
        "id": 6724,
        "name": "Queso Rallado Parmigiano Reggiano FERRARINI",
        "price": 1.89,
        "price_kilo": 31.5,
        "slug": "queso-rallado-parmigiano-reggiano",
        "description": "Queso Rallado Parmigiano Reggiano 60 Gr",
        "image": "https:\/\/cdn-consum.aktiosdigitalservices.com\/tol\/consum\/media\/product\/img\/300x300\/7170442.jpg?t=20250227091100"
    },
    {
        "id": 6726,
        "name": "Desodorante Spray Invisible B&W Men NIVEA",
        "price": 2.95,
        "price_kilo": 1.48,
        "slug": "desodorante-spray-invisible-bw-men",
        "description": "Desodorante Spray Invisible B&W Men 200 ml",
        "image": "https:\/\/cdn-consum.aktiosdigitalservices.com\/tol\/consum\/media\/product\/img\/300x300\/7170819.jpg?t=20250227091103"
    },
    {
        "id": 6727,
        "name": "Desodorante Roll-On Invisible B&W Men NIVEA",
        "price": 1.6,
        "price_kilo": 3.2,
        "slug": "desodorante-roll-on-invisible-bw-men",
        "description": "Desodorante Roll-On Invisible B&W Men 50 ml",
        "image": "https:\/\/cdn-consum.aktiosdigitalservices.com\/tol\/consum\/media\/product\/img\/300x300\/7170822.jpg?t=20250311133443"
    },
    {
        "id": 6736,
        "name": "Detergente Concentrado VIKER",
        "price": 2.05,
        "price_kilo": 13.67,
        "slug": "detergente-concentrado",
        "description": "Detergente Concentrado 0,15 Kg",
        "image": "https:\/\/cdn-consum.aktiosdigitalservices.com\/tol\/consum\/media\/product\/img\/300x300\/7171999.jpg?t=20250318080934"
    },
    {
        "id": 6738,
        "name": "Enjuague Bucal Zero LISTERINE",
        "price": 5.35,
        "price_kilo": 1.07,
        "slug": "enjuague-bucal-zero",
        "description": "Enjuague Bucal Zero 500 ml",
        "image": "https:\/\/cdn-consum.aktiosdigitalservices.com\/tol\/consum\/media\/product\/img\/300x300\/7172125.jpg?t=20250206091623"
    },
    {
        "id": 6739,
        "name": "Crema Manos Oliva Hidratacion Duradera NIVEA",
        "price": 2.25,
        "price_kilo": 2.25,
        "slug": "crema-manos-oliva-hidratacion-duradera",
        "description": "Crema Manos Oliva Hidratacion Duradera 100 ml",
        "image": "https:\/\/cdn-consum.aktiosdigitalservices.com\/tol\/consum\/media\/product\/img\/300x300\/7172166.jpg?t=20250313080154"
    },
    {
        "id": 6741,
        "name": "Agua Mineral Natural de Mineralizaci\u00f3n Muy d\u00e9bil BEZOYA",
        "price": 0.55,
        "price_kilo": 1.67,
        "slug": "agua-mineral-natural-de-mineralizacion-muy-debil",
        "description": "Agua Mineral Natural de Mineralizaci\u00f3n Muy d\u00e9bil Bezoya T.Sport 0,33 L",
        "image": "https:\/\/cdn-consum.aktiosdigitalservices.com\/tol\/consum\/media\/product\/img\/300x300\/7172364.jpg?t=20250312092749"
    },
    {
        "id": 6742,
        "name": "Pipas con Sal Bolsa GREFUSA",
        "price": 1.6,
        "price_kilo": 9.7,
        "slug": "pipas-con-sal-bolsa",
        "description": "Pipas con Sal Bolsa 165 Gr",
        "image": "https:\/\/cdn-consum.aktiosdigitalservices.com\/tol\/consum\/media\/product\/img\/300x300\/7172476.jpg?t=20250109095258"
    },
    {
        "id": 6743,
        "name": "Colgador WC Poder Activo Natura BREF",
        "price": 1.45,
        "price_kilo": 1.45,
        "slug": "colgador-wc-poder-activo-natura",
        "description": "Colgador WC Poder Activo Natura 1 U",
        "image": "https:\/\/cdn-consum.aktiosdigitalservices.com\/tol\/consum\/media\/product\/img\/300x300\/7172518.jpg?t=20250227091112"
    },
    {
        "id": 6744,
        "name": "Dent\u00edfrico Dientes Sensibles KYREY",
        "price": 1.25,
        "price_kilo": 1.67,
        "slug": "dentifrico-dientes-sensibles",
        "description": "Dent\u00edfrico Dientes Sensibles 75 ml",
        "image": "https:\/\/cdn-consum.aktiosdigitalservices.com\/tol\/consum\/media\/product\/img\/300x300\/7172740.jpg?t=20241217081030"
    },
    {
        "id": 6745,
        "name": "Gel \u00cdntimo CHILLY",
        "price": 4.55,
        "price_kilo": 1.82,
        "slug": "gel-intimo",
        "description": "Gel \u00cdntimo 250 ml",
        "image": "https:\/\/cdn-consum.aktiosdigitalservices.com\/tol\/consum\/media\/product\/img\/300x300\/7172757.jpg?t=20250312160125"
    },
    {
        "id": 6746,
        "name": "Toallita Intima Verde CHILLY",
        "price": 2.55,
        "price_kilo": 0.21,
        "slug": "toallita-intima-verde",
        "description": "Toallita Intima Verde 12 U",
        "image": "https:\/\/cdn-consum.aktiosdigitalservices.com\/tol\/consum\/media\/product\/img\/300x300\/7172773.jpg?t=20250227091114"
    },
    {
        "id": 6747,
        "name": "Impulsor reposter\u00eda 6 sobres de 15gr. CONSUM",
        "price": 0.7,
        "price_kilo": 7.78,
        "slug": "impulsor-reposteria-6-sobres-de-15gr",
        "description": "Impulsor reposter\u00eda 6 sobres de 15gr. 90 Gr",
        "image": "https:\/\/cdn-consum.aktiosdigitalservices.com\/tol\/consum\/media\/product\/img\/300x300\/7172927.jpg?t=20250311104825"
    },
    {
        "id": 6749,
        "name": "Caf\u00e9 Soluble Descafeinado Sticks CONSUM",
        "price": 1.2,
        "price_kilo": 0.12,
        "slug": "cafe-soluble-descafeinado-sticks",
        "description": "Caf\u00e9 Soluble Descafeinado Sticks 10 U",
        "image": "https:\/\/cdn-consum.aktiosdigitalservices.com\/tol\/consum\/media\/product\/img\/300x300\/7172989.jpg?t=20250311133449"
    },
    {
        "id": 6753,
        "name": "Queso Mozzarella Fresca CONSUM",
        "price": 0.97,
        "price_kilo": 7.76,
        "slug": "queso-mozzarella-fresca",
        "description": "Queso Mozzarella Fresca 125 Gr",
        "image": "https:\/\/cdn-consum.aktiosdigitalservices.com\/tol\/consum\/media\/product\/img\/300x300\/7173094.jpg?t=20250103080828"
    },
    {
        "id": 6755,
        "name": "Danonino Street Sabor Fresa Pack de 4 U DANONE",
        "price": 2.59,
        "price_kilo": 9.25,
        "slug": "danonino-street-sabor-fresa-pack-de-4-u",
        "description": "Danonino Street Sabor Fresa Pack de 4 U 4 x 70 Gr",
        "image": "https:\/\/cdn-consum.aktiosdigitalservices.com\/tol\/consum\/media\/product\/img\/300x300\/7173227.jpg?t=20250213075941"
    },
    {
        "id": 6756,
        "name": "Bebida Isot\u00f3nica Lim\u00f3n Zero Lata AQUARIUS",
        "price": 0.85,
        "price_kilo": 2.58,
        "slug": "bebida-isotonica-limon-zero-lata",
        "description": "Bebida Isot\u00f3nica Lim\u00f3n Zero Lata 0,33 L",
        "image": "https:\/\/cdn-consum.aktiosdigitalservices.com\/tol\/consum\/media\/product\/img\/300x300\/7173516.jpg?t=20250227091117"
    },
    {
        "id": 6758,
        "name": "Queso Tierno Precortado CONSUM",
        "price": 3.12,
        "price_kilo": 12.48,
        "slug": "queso-tierno-precortado",
        "description": "Queso Tierno Precortado 250 Gr",
        "image": "https:\/\/cdn-consum.aktiosdigitalservices.com\/tol\/consum\/media\/product\/img\/300x300\/7173834.jpg?t=20250103080831"
    },
    {
        "id": 6759,
        "name": "Queso Semicurado Precortado CONSUM",
        "price": 3.53,
        "price_kilo": 14.12,
        "slug": "queso-semicurado-precortado",
        "description": "Queso Semicurado Precortado 250 Gr",
        "image": "https:\/\/cdn-consum.aktiosdigitalservices.com\/tol\/consum\/media\/product\/img\/300x300\/7173839.jpg?t=20250103080833"
    },
    {
        "id": 6760,
        "name": "Queso Tierno Light Lonchas CONSUM",
        "price": 2.37,
        "price_kilo": 11.85,
        "slug": "queso-tierno-light-lonchas",
        "description": "Queso Tierno Light Lonchas 200 Gr",
        "image": "https:\/\/cdn-consum.aktiosdigitalservices.com\/tol\/consum\/media\/product\/img\/300x300\/7173847.jpg?t=20250103080838"
    },
    {
        "id": 6762,
        "name": "Tabla Mixta de Quesos CONSUM",
        "price": 2.87,
        "price_kilo": 19.13,
        "slug": "tabla-mixta-de-quesos",
        "description": "Tabla Mixta de Quesos 150 Gr",
        "image": "https:\/\/cdn-consum.aktiosdigitalservices.com\/tol\/consum\/media\/product\/img\/300x300\/7173859.jpg?t=20250103080840"
    },
    {
        "id": 6772,
        "name": "Jam\u00f3n Curado 1\/2 Lonchas NAVIDUL",
        "price": 1,
        "price_kilo": 2.22,
        "slug": "jamon-curado-1-2-lonchas",
        "description": "Jam\u00f3n Curado 1\/2 Lonchas 45 Gr",
        "image": "https:\/\/cdn-consum.aktiosdigitalservices.com\/tol\/consum\/media\/product\/img\/300x300\/7174761.jpg?t=20241217081030"
    },
    {
        "id": 6776,
        "name": "Leche NESTL\u00c9 JUNIOR Galleta NESTLE",
        "price": 2.35,
        "price_kilo": 2.35,
        "slug": "leche-nestle-junior-galleta",
        "description": "Leche NESTL\u00c9 JUNIOR Galleta 1 L",
        "image": "https:\/\/cdn-consum.aktiosdigitalservices.com\/tol\/consum\/media\/product\/img\/300x300\/7176233.jpg?t=20250311133452"
    },
    {
        "id": 6791,
        "name": "Lima Bandeja ",
        "price": 1.59,
        "price_kilo": 6.36,
        "slug": "lima-bandeja",
        "description": "Lima Bandeja 250 Gr",
        "image": "https:\/\/cdn-consum.aktiosdigitalservices.com\/tol\/consum\/media\/product\/img\/300x300\/7177165.jpg?t=20250204080413"
    },
    {
        "id": 6792,
        "name": "Refresco Naranja sin Gas Zero Lata TRINA",
        "price": 0.66,
        "price_kilo": 2,
        "slug": "refresco-naranja-sin-gas-zero-lata",
        "description": "Refresco Naranja sin Gas Zero Lata 0,33 L",
        "image": "https:\/\/cdn-consum.aktiosdigitalservices.com\/tol\/consum\/media\/product\/img\/300x300\/7177207.jpg?t=20250227091127"
    },
    {
        "id": 6793,
        "name": "Laca Brillo Fuerte NELLY",
        "price": 3.15,
        "price_kilo": 0.79,
        "slug": "laca-brillo-fuerte",
        "description": "Laca Brillo Fuerte 400 ml",
        "image": "https:\/\/cdn-consum.aktiosdigitalservices.com\/tol\/consum\/media\/product\/img\/300x300\/7177236.jpg?t=20241217081031"
    },
    {
        "id": 6796,
        "name": "Ca\u00f1a Lomo en Lonchas NAVIDUL",
        "price": 1.1,
        "price_kilo": 2.75,
        "slug": "cana-lomo-en-lonchas",
        "description": "Ca\u00f1a Lomo en Lonchas 40 Gr",
        "image": "https:\/\/cdn-consum.aktiosdigitalservices.com\/tol\/consum\/media\/product\/img\/300x300\/7177355.jpg?t=20241217081031"
    },
    {
        "id": 6798,
        "name": "Fruta Leche Caribe Zero. Pack de 6 DON SIMON",
        "price": 1.5,
        "price_kilo": 1.25,
        "slug": "fruta-leche-caribe-zero-pack-de-6",
        "description": "Fruta Leche Caribe Zero. Pack de 6 6 x 200 ml",
        "image": "https:\/\/cdn-consum.aktiosdigitalservices.com\/tol\/consum\/media\/product\/img\/300x300\/7177512.jpg?t=20250311104844"
    },
    {
        "id": 6799,
        "name": "Rollo Multiusos 2 Capas 125 metros CONSUM",
        "price": 3.25,
        "price_kilo": 3.25,
        "slug": "rollo-multiusos-2-capas-125-metros",
        "description": "Rollo Multiusos 2 Capas 125 metros 1 U",
        "image": "https:\/\/cdn-consum.aktiosdigitalservices.com\/tol\/consum\/media\/product\/img\/300x300\/7177660.jpg?t=20241217081031"
    },
    {
        "id": 6800,
        "name": "Servilletas 2 Capas Blanca 30x30 CONSUM",
        "price": 1.55,
        "price_kilo": 0.02,
        "slug": "servilletas-2-capas-blanca-30x30",
        "description": "Servilletas 2 Capas Blanca 30x30 100 U",
        "image": "https:\/\/cdn-consum.aktiosdigitalservices.com\/tol\/consum\/media\/product\/img\/300x300\/7177665.jpg?t=20250312092749"
    },
    {
        "id": 6802,
        "name": "Servilleta 1 Capa Blanca 30x30 200unidad. CONSUM",
        "price": 1.25,
        "price_kilo": 0.01,
        "slug": "servilleta-1-capa-blanca-30x30-200unidad",
        "description": "Servilleta 1 Capa Blanca 30x30 200unidad. 1 U",
        "image": "https:\/\/cdn-consum.aktiosdigitalservices.com\/tol\/consum\/media\/product\/img\/300x300\/7177681.jpg?t=20241217081031"
    },
    {
        "id": 6803,
        "name": "Servilleta 1 Capa Decorada 33x33 CONSUM",
        "price": 1.85,
        "price_kilo": 0.02,
        "slug": "servilleta-1-capa-decorada-33x33",
        "description": "Servilleta 1 Capa Decorada 33x33 100 U",
        "image": "https:\/\/cdn-consum.aktiosdigitalservices.com\/tol\/consum\/media\/product\/img\/300x300\/7177686.jpg?t=20250123075825"
    },
    {
        "id": 6804,
        "name": "Higi\u00e9nico Doble Capa CONSUM",
        "price": 2.5,
        "price_kilo": 0.21,
        "slug": "higienico-doble-capa",
        "description": "Higi\u00e9nico Doble Capa 12 U",
        "image": "https:\/\/cdn-consum.aktiosdigitalservices.com\/tol\/consum\/media\/product\/img\/300x300\/7177723.jpg?t=20241217081031"
    },
    {
        "id": 6805,
        "name": "Higi\u00e9nico Triple Capa Perfumado CONSUM",
        "price": 4.99,
        "price_kilo": 0.42,
        "slug": "higienico-triple-capa-perfumado",
        "description": "Higi\u00e9nico Triple Capa Perfumado 12 U",
        "image": "https:\/\/cdn-consum.aktiosdigitalservices.com\/tol\/consum\/media\/product\/img\/300x300\/7177736.jpg?t=20241217081031"
    },
    {
        "id": 6807,
        "name": "Papel Cocina Megarrollo 2 Unidades Igual a 8 CONSUM",
        "price": 4.19,
        "price_kilo": 2.1,
        "slug": "papel-cocina-megarrollo-2-unidades-igual-a-8",
        "description": "Papel Cocina Megarrollo 2 Unidades Igual a 8 2 U",
        "image": "https:\/\/cdn-consum.aktiosdigitalservices.com\/tol\/consum\/media\/product\/img\/300x300\/7178200.jpg?t=20241217081031"
    },
    {
        "id": 6808,
        "name": "Papel Cocina Compacto 3 Unidades Igual a 6 CONSUM",
        "price": 2.79,
        "price_kilo": 0.93,
        "slug": "papel-cocina-compacto-3-unidades-igual-a-6",
        "description": "Papel Cocina Compacto 3 Unidades Igual a 6 3 U",
        "image": "https:\/\/cdn-consum.aktiosdigitalservices.com\/tol\/consum\/media\/product\/img\/300x300\/7178205.jpg?t=20241217081031"
    },
    {
        "id": 6809,
        "name": "Papel Cocina Blanco CONSUM",
        "price": 2.39,
        "price_kilo": 0.6,
        "slug": "papel-cocina-blanco",
        "description": "Papel Cocina Blanco 4 U",
        "image": "https:\/\/cdn-consum.aktiosdigitalservices.com\/tol\/consum\/media\/product\/img\/300x300\/7178234.jpg?t=20241217081031"
    },
    {
        "id": 6811,
        "name": "Caldo Verduras Brick CONSUM",
        "price": 1,
        "price_kilo": 1,
        "slug": "caldo-verduras-brick",
        "description": "Caldo Verduras Brick 1 L",
        "image": "https:\/\/cdn-consum.aktiosdigitalservices.com\/tol\/consum\/media\/product\/img\/300x300\/7178341.jpg?t=20250206091645"
    },
    {
        "id": 6812,
        "name": "Caldo de Pollo 12 Pastillas CONSUM",
        "price": 0.72,
        "price_kilo": 6,
        "slug": "caldo-de-pollo-12-pastillas",
        "description": "Caldo de Pollo 12 Pastillas 120 Gr",
        "image": "https:\/\/cdn-consum.aktiosdigitalservices.com\/tol\/consum\/media\/product\/img\/300x300\/7178705.jpg?t=20241217081031"
    },
    {
        "id": 6817,
        "name": "Galleta Dinosaurus ARTIACH",
        "price": 2.49,
        "price_kilo": 7.56,
        "slug": "galleta-dinosaurus",
        "description": "Galleta Dinosaurus 329 Gr",
        "image": "https:\/\/cdn-consum.aktiosdigitalservices.com\/tol\/consum\/media\/product\/img\/300x300\/7179112.jpg?t=20250312092749"
    },
    {
        "id": 6822,
        "name": "Berenjena Rayada ",
        "price": 0.84,
        "price_kilo": 1.89,
        "slug": "berenjena-rayada",
        "description": "Berenjena Rayada",
        "image": "https:\/\/cdn-consum.aktiosdigitalservices.com\/tol\/consum\/media\/product\/img\/300x300\/7179257.jpg?t=20250322075913"
    },
    {
        "id": 6823,
        "name": "Tomate Tipo Valenciano ",
        "price": 1.6,
        "price_kilo": 3.99,
        "slug": "tomate-tipo-valenciano",
        "description": "Tomate Tipo Valenciano",
        "image": "https:\/\/cdn-consum.aktiosdigitalservices.com\/tol\/consum\/media\/product\/img\/300x300\/7179265.jpg?t=20250322075914"
    },
    {
        "id": 6833,
        "name": "Batido de Vainilla Pack de 6 CONSUM KIDS",
        "price": 1.55,
        "price_kilo": 1.29,
        "slug": "batido-de-vainilla-pack-de-6",
        "description": "Batido de Vainilla Pack de 6 6 x 200 ml",
        "image": "https:\/\/cdn-consum.aktiosdigitalservices.com\/tol\/consum\/media\/product\/img\/300x300\/7179419.jpg?t=20250312092749"
    },
    {
        "id": 6834,
        "name": "Batido de Fresa Pack de 6 CONSUM KIDS",
        "price": 1.55,
        "price_kilo": 1.29,
        "slug": "batido-de-fresa-pack-de-6",
        "description": "Batido de Fresa Pack de 6 6 x 200 ml",
        "image": "https:\/\/cdn-consum.aktiosdigitalservices.com\/tol\/consum\/media\/product\/img\/300x300\/7179422.jpg?t=20250312092749"
    },
    {
        "id": 6841,
        "name": "Cereales Corn Flakes Caja KELLOGG'S",
        "price": 3,
        "price_kilo": 6,
        "slug": "cereales-corn-flakes-caja",
        "description": "Cereales Corn Flakes Caja 500 Gr",
        "image": "https:\/\/cdn-consum.aktiosdigitalservices.com\/tol\/consum\/media\/product\/img\/300x300\/7180016.jpg?t=20250313080203"
    },
    {
        "id": 6843,
        "name": "Comida H\u00fameda para Perro Senior con Pollo y Arroz CESAR",
        "price": 1.69,
        "price_kilo": 11.27,
        "slug": "comida-humeda-para-perro-senior-con-pollo-y-arroz",
        "description": "Comida H\u00fameda para Perro Senior con Pollo y Arroz en gelatina Tarrina 150gr",
        "image": "https:\/\/cdn-consum.aktiosdigitalservices.com\/tol\/consum\/media\/product\/img\/300x300\/7180206.jpg?t=20250227091145"
    },
    {
        "id": 6844,
        "name": "Smiley Sticks Dentales para Perros 175g FROLIC",
        "price": 1.99,
        "price_kilo": 0.28,
        "slug": "smiley-sticks-dentales-para-perros-175g",
        "description": "Smiley Sticks Dentales para Perros 175g 7 U",
        "image": "https:\/\/cdn-consum.aktiosdigitalservices.com\/tol\/consum\/media\/product\/img\/300x300\/7180268.jpg?t=20250313080205"
    },
    {
        "id": 6846,
        "name": "Almendras Repeladas Fritas Bolsa CONSUM",
        "price": 3.05,
        "price_kilo": 15.25,
        "slug": "almendras-repeladas-fritas-bolsa",
        "description": "Almendras Repeladas Fritas Bolsa 200 Gr",
        "image": "https:\/\/cdn-consum.aktiosdigitalservices.com\/tol\/consum\/media\/product\/img\/300x300\/7180391.jpg?t=20250312092749"
    },
    {
        "id": 6847,
        "name": "Habas Fritas Bolsa CONSUM",
        "price": 1.39,
        "price_kilo": 13.9,
        "slug": "habas-fritas-bolsa",
        "description": "Habas Fritas Bolsa 100 Gr",
        "image": "https:\/\/cdn-consum.aktiosdigitalservices.com\/tol\/consum\/media\/product\/img\/300x300\/7180420.jpg?t=20241225075750"
    },
    {
        "id": 6852,
        "name": "Lote Estropajos Multiusos Varios Colores GREEN NATURE",
        "price": 1.15,
        "price_kilo": 0.38,
        "slug": "lote-estropajos-multiusos-varios-colores",
        "description": "Lote Estropajos Multiusos Varios Colores 3 U",
        "image": "https:\/\/cdn-consum.aktiosdigitalservices.com\/tol\/consum\/media\/product\/img\/300x300\/7180628.jpg?t=20250312092749"
    },
    {
        "id": 6854,
        "name": "Bebida de Arroz Brik YOSOY",
        "price": 1.7,
        "price_kilo": 1.7,
        "slug": "bebida-de-arroz-brik",
        "description": "Bebida de Arroz Brik 1 L",
        "image": "https:\/\/cdn-consum.aktiosdigitalservices.com\/tol\/consum\/media\/product\/img\/300x300\/7180784.jpg?t=20250311104859"
    },
    {
        "id": 6856,
        "name": "Bebida de Avena Brik YOSOY",
        "price": 1.65,
        "price_kilo": 1.65,
        "slug": "bebida-de-avena-brik",
        "description": "Bebida de Avena Brik 1 L",
        "image": "https:\/\/cdn-consum.aktiosdigitalservices.com\/tol\/consum\/media\/product\/img\/300x300\/7180797.jpg?t=20250311104901"
    },
    {
        "id": 6857,
        "name": "Cortado Descafeinado C\u00e1psulas DOLCE GUSTO",
        "price": 5.2,
        "price_kilo": 0.33,
        "slug": "cortado-descafeinado-capsulas",
        "description": "Cortado Descafeinado C\u00e1psulas 16 U",
        "image": "https:\/\/cdn-consum.aktiosdigitalservices.com\/tol\/consum\/media\/product\/img\/300x300\/7180805.jpg?t=20250311104904"
    },
    {
        "id": 6862,
        "name": "Almendra Molida Bolsa CONSUM",
        "price": 2.29,
        "price_kilo": 18.32,
        "slug": "almendra-molida-bolsa",
        "description": "Almendra Molida Bolsa 125 Gr",
        "image": "https:\/\/cdn-consum.aktiosdigitalservices.com\/tol\/consum\/media\/product\/img\/300x300\/7181274.jpg?t=20250311104906"
    },
    {
        "id": 6863,
        "name": "Cacao a La Taza Paquete CONSUM",
        "price": 1.7,
        "price_kilo": 4.25,
        "slug": "cacao-a-la-taza-paquete",
        "description": "Cacao a La Taza Paquete 400 Gr",
        "image": "https:\/\/cdn-consum.aktiosdigitalservices.com\/tol\/consum\/media\/product\/img\/300x300\/7181311.jpg?t=20250311133504"
    },
    {
        "id": 6868,
        "name": "Natillas de Vainilla con Galleta Pack de 4 U. CONSUM",
        "price": 1.25,
        "price_kilo": 2.5,
        "slug": "natillas-de-vainilla-con-galleta-pack-de-4-u",
        "description": "Natillas de Vainilla con Galleta Pack de 4 U. 4 x 125 Gr",
        "image": "https:\/\/cdn-consum.aktiosdigitalservices.com\/tol\/consum\/media\/product\/img\/300x300\/7181485.jpg?t=20250312125253"
    },
    {
        "id": 6869,
        "name": "Arroz con Leche Pack de 4 Unidades CONSUM",
        "price": 1.35,
        "price_kilo": 2.7,
        "slug": "arroz-con-leche-pack-de-4-unidades",
        "description": "Arroz con Leche Pack de 4 Unidades 4 x 125 Gr",
        "image": "https:\/\/cdn-consum.aktiosdigitalservices.com\/tol\/consum\/media\/product\/img\/300x300\/7181493.jpg?t=20250221075922"
    },
    {
        "id": 6870,
        "name": "Surtido de Flanes Pack de 6 Unidades REINA",
        "price": 3.49,
        "price_kilo": 5.82,
        "slug": "surtido-de-flanes-pack-de-6-unidades",
        "description": "Surtido de Flanes Pack de 6 Unidades 6 x 100 Gr",
        "image": "https:\/\/cdn-consum.aktiosdigitalservices.com\/tol\/consum\/media\/product\/img\/300x300\/7181605.jpg?t=20250218080242"
    },
    {
        "id": 6871,
        "name": "Leche sin Lactosa Semidesnatada Brik ASTURIANA",
        "price": 1.2,
        "price_kilo": 1.2,
        "slug": "leche-sin-lactosa-semidesnatada-brik",
        "description": "Leche sin Lactosa Semidesnatada Brik 1 L",
        "image": "https:\/\/cdn-consum.aktiosdigitalservices.com\/tol\/consum\/media\/product\/img\/300x300\/7181720.jpg?t=20250311104913"
    },
    {
        "id": 6877,
        "name": "Champ\u00fa Fresco y Puro TIMOTEI",
        "price": 3.29,
        "price_kilo": 0.82,
        "slug": "champu-fresco-y-puro",
        "description": "Champ\u00fa Fresco y Puro 400 ml",
        "image": "https:\/\/cdn-consum.aktiosdigitalservices.com\/tol\/consum\/media\/product\/img\/300x300\/7181998.jpg?t=20250206091720"
    },
    {
        "id": 6879,
        "name": "Vino Tinto Tierra de Castilla A.MERCIER",
        "price": 2.2,
        "price_kilo": 2.93,
        "slug": "vino-tinto-tierra-de-castilla",
        "description": "Vino Tinto Tierra de Castilla 0,75 L",
        "image": "https:\/\/cdn-consum.aktiosdigitalservices.com\/tol\/consum\/media\/product\/img\/300x300\/7182124.jpg?t=20250204080428"
    },
    {
        "id": 6882,
        "name": "Guantes L\u00e1tex Talla Peque\u00f1a\/Mediana CONSUM",
        "price": 3.1,
        "price_kilo": 0.06,
        "slug": "guantes-latex-talla-pequena-mediana",
        "description": "Guantes L\u00e1tex Talla Peque\u00f1a\/Mediana 50 U",
        "image": "https:\/\/cdn-consum.aktiosdigitalservices.com\/tol\/consum\/media\/product\/img\/300x300\/7182582.jpg?t=20241217081032"
    },
    {
        "id": 6885,
        "name": "Bizcocho Duro Huevo CORAL",
        "price": 1.59,
        "price_kilo": 5.3,
        "slug": "bizcocho-duro-huevo",
        "description": "Bizcocho Duro Huevo 300 Gr",
        "image": "https:\/\/cdn-consum.aktiosdigitalservices.com\/tol\/consum\/media\/product\/img\/300x300\/7182819.jpg?t=20250311104915"
    },
    {
        "id": 6896,
        "name": "Tinte Creme Gloss 535 Chocolat CASTING",
        "price": 6.6,
        "price_kilo": 6.6,
        "slug": "tinte-creme-gloss-535-chocolat",
        "description": "Tinte Creme Gloss 535 Chocolat 1 U",
        "image": "https:\/\/cdn-consum.aktiosdigitalservices.com\/tol\/consum\/media\/product\/img\/300x300\/7183239.jpg?t=20250311164551"
    },
    {
        "id": 6897,
        "name": "Tinte Creme Gloss 300 Chat Fon CASTING",
        "price": 6.6,
        "price_kilo": 6.6,
        "slug": "tinte-creme-gloss-300-chat-fon",
        "description": "Tinte Creme Gloss 300 Chat Fon 1 U",
        "image": "https:\/\/cdn-consum.aktiosdigitalservices.com\/tol\/consum\/media\/product\/img\/300x300\/7183242.jpg?t=20241217081033"
    },
    {
        "id": 6898,
        "name": "Tinte Creme Gloss 500 Chat CASTING",
        "price": 6.6,
        "price_kilo": 6.6,
        "slug": "tinte-creme-gloss-500-chat",
        "description": "Tinte Creme Gloss 500 Chat 1 U",
        "image": "https:\/\/cdn-consum.aktiosdigitalservices.com\/tol\/consum\/media\/product\/img\/300x300\/7183259.jpg?t=20250311164551"
    },
    {
        "id": 6899,
        "name": "Tinte Creme Gloss 600 Blond CASTING",
        "price": 6.6,
        "price_kilo": 6.6,
        "slug": "tinte-creme-gloss-600-blond",
        "description": "Tinte Creme Gloss 600 Blond 1 U",
        "image": "https:\/\/cdn-consum.aktiosdigitalservices.com\/tol\/consum\/media\/product\/img\/300x300\/7183267.jpg?t=20241217081033"
    },
    {
        "id": 6900,
        "name": "Tinte Creme Gloss 515 Moka CASTING",
        "price": 6.6,
        "price_kilo": 6.6,
        "slug": "tinte-creme-gloss-515-moka",
        "description": "Tinte Creme Gloss 515 Moka 1 U",
        "image": "https:\/\/cdn-consum.aktiosdigitalservices.com\/tol\/consum\/media\/product\/img\/300x300\/7183288.jpg?t=20250311164551"
    },
    {
        "id": 6904,
        "name": "Naranja Malla ",
        "price": 2.75,
        "price_kilo": 1.38,
        "slug": "naranja-malla",
        "description": "Naranja Malla 2 Kg",
        "image": "https:\/\/cdn-consum.aktiosdigitalservices.com\/tol\/consum\/media\/product\/img\/300x300\/7183556.jpg?t=20250312125257"
    },
    {
        "id": 6905,
        "name": "Mermelada de Higos De Temporada HERO",
        "price": 2.69,
        "price_kilo": 7.69,
        "slug": "mermelada-de-higos-de-temporada",
        "description": "Mermelada de Higos De Temporada 350 Gr",
        "image": "https:\/\/cdn-consum.aktiosdigitalservices.com\/tol\/consum\/media\/product\/img\/300x300\/7183569.jpg?t=20250311104918"
    },
    {
        "id": 6906,
        "name": "Tomate Triturado Natural Lata ORLANDO",
        "price": 1.59,
        "price_kilo": 3.98,
        "slug": "tomate-triturado-natural-lata",
        "description": "Tomate Triturado Natural Lata 400 Gr",
        "image": "https:\/\/cdn-consum.aktiosdigitalservices.com\/tol\/consum\/media\/product\/img\/300x300\/7183577.jpg?t=20250312092750"
    },
    {
        "id": 6907,
        "name": "Peques3 Preparado L\u00e1cteo Cereales y Cacao PULEVA",
        "price": 1.99,
        "price_kilo": 3.32,
        "slug": "peques3-preparado-lacteo-cereales-y-cacao",
        "description": "Peques3 Preparado L\u00e1cteo Cereales y Cacao 3 x 200 ml",
        "image": "https:\/\/cdn-consum.aktiosdigitalservices.com\/tol\/consum\/media\/product\/img\/300x300\/7183585.jpg?t=20250311133506"
    },
    {
        "id": 6911,
        "name": "Kinder Bueno 2 Unidades Pack 3 KINDER",
        "price": 3.29,
        "price_kilo": 24.37,
        "slug": "kinder-bueno-2-unidades-pack-3",
        "description": "Kinder Bueno 2 Unidades Pack 3 135 Gr",
        "image": "https:\/\/cdn-consum.aktiosdigitalservices.com\/tol\/consum\/media\/product\/img\/300x300\/7184398.jpg?t=20250313080213"
    },
    {
        "id": 6915,
        "name": "Leche Evaporada Brik IDEAL",
        "price": 2.52,
        "price_kilo": 4.8,
        "slug": "leche-evaporada-brik",
        "description": "Leche Evaporada Brik 525 Gr",
        "image": "https:\/\/cdn-consum.aktiosdigitalservices.com\/tol\/consum\/media\/product\/img\/300x300\/7184497.jpg?t=20250311104928"
    },
    {
        "id": 6916,
        "name": "Mermelada Ar\u00e1ndano Tarro HELIOS",
        "price": 2.25,
        "price_kilo": 6.62,
        "slug": "mermelada-arandano-tarro",
        "description": "Mermelada Ar\u00e1ndano Tarro 340 Gr",
        "image": "https:\/\/cdn-consum.aktiosdigitalservices.com\/tol\/consum\/media\/product\/img\/300x300\/7184625.jpg?t=20250311133513"
    },
    {
        "id": 6920,
        "name": "Mascarilla Sin Aclarado Extra Brillo GLISS",
        "price": 5.65,
        "price_kilo": 3.77,
        "slug": "mascarilla-sin-aclarado-extra-brillo",
        "description": "Mascarilla Sin Aclarado Extra Brillo 150 ml",
        "image": "https:\/\/cdn-consum.aktiosdigitalservices.com\/tol\/consum\/media\/product\/img\/300x300\/7185358.jpg?t=20250312160142"
    },
    {
        "id": 6925,
        "name": "Mini Tosta con Ar\u00e1ndanos ORTIZ",
        "price": 1.88,
        "price_kilo": 20.89,
        "slug": "mini-tosta-con-arandanos",
        "description": "Mini Tosta con Ar\u00e1ndanos 90 Gr",
        "image": "https:\/\/cdn-consum.aktiosdigitalservices.com\/tol\/consum\/media\/product\/img\/300x300\/7186547.jpg?t=20250311104958"
    },
    {
        "id": 6927,
        "name": "Pouche Hero Nanos Pl\u00e1tano y Fresa HERO",
        "price": 1.19,
        "price_kilo": 11.9,
        "slug": "pouche-hero-nanos-platano-y-fresa",
        "description": "Pouche Hero Nanos Pl\u00e1tano y Fresa 100 Gr",
        "image": "https:\/\/cdn-consum.aktiosdigitalservices.com\/tol\/consum\/media\/product\/img\/300x300\/7186653.jpg?t=20250313080220"
    },
    {
        "id": 6928,
        "name": "Pouche Hero Nanos Naranja, Pl\u00e1tano y Galleta HERO",
        "price": 1.19,
        "price_kilo": 11.9,
        "slug": "pouche-hero-nanos-naranja-platano-y-galleta",
        "description": "Pouche Hero Nanos Naranja, Pl\u00e1tano y Galleta 100 Gr",
        "image": "https:\/\/cdn-consum.aktiosdigitalservices.com\/tol\/consum\/media\/product\/img\/300x300\/7186666.jpg?t=20250313080222"
    },
    {
        "id": 6933,
        "name": "Rollitos de Primavera congelados MAHESO",
        "price": 2.29,
        "price_kilo": 10.18,
        "slug": "rollitos-de-primavera-congelados",
        "description": "Rollitos de Primavera congelados 225 Gr",
        "image": "https:\/\/cdn-consum.aktiosdigitalservices.com\/tol\/consum\/media\/product\/img\/300x300\/7187057.jpg?t=20250227091210"
    },
    {
        "id": 6934,
        "name": "Vino Tinto Vendimia Plata D.O.Valencia J. DE JUANES",
        "price": 4.65,
        "price_kilo": 6.2,
        "slug": "vino-tinto-vendimia-plata-dovalencia",
        "description": "Vino Tinto Vendimia Plata D.O.Valencia 0,75 L",
        "image": "https:\/\/cdn-consum.aktiosdigitalservices.com\/tol\/consum\/media\/product\/img\/300x300\/7187359.jpg?t=20250227091213"
    },
    {
        "id": 6938,
        "name": "Tostada Canape Cuadrada RECONDO",
        "price": 3.77,
        "price_kilo": 18.85,
        "slug": "tostada-canape-cuadrada",
        "description": "Tostada Canape Cuadrada 200 Gr",
        "image": "https:\/\/cdn-consum.aktiosdigitalservices.com\/tol\/consum\/media\/product\/img\/300x300\/7187672.jpg?t=20250311105006"
    },
    {
        "id": 6940,
        "name": "Dent\u00edfrico Repair-Protect Blanqueante SENSODYNE",
        "price": 4.79,
        "price_kilo": 6.39,
        "slug": "dentifrico-repair-protect-blanqueante",
        "description": "Dent\u00edfrico Repair-Protect Blanqueante 75 ml",
        "image": "https:\/\/cdn-consum.aktiosdigitalservices.com\/tol\/consum\/media\/product\/img\/300x300\/7187685.jpg?t=20250312160146"
    },
    {
        "id": 6942,
        "name": "Salsa con Soja HEINZ",
        "price": 2.99,
        "price_kilo": 19.93,
        "slug": "salsa-con-soja",
        "description": "Salsa con Soja 150 ml",
        "image": "https:\/\/cdn-consum.aktiosdigitalservices.com\/tol\/consum\/media\/product\/img\/300x300\/7187805.jpg?t=20250313080224"
    },
    {
        "id": 6943,
        "name": "Caldo Casero de Pollo Brik G.BLANCA",
        "price": 2.2,
        "price_kilo": 2.2,
        "slug": "caldo-casero-de-pollo-brik",
        "description": "Caldo Casero de Pollo Brik 1 L",
        "image": "https:\/\/cdn-consum.aktiosdigitalservices.com\/tol\/consum\/media\/product\/img\/300x300\/7187839.jpg?t=20250227091218"
    },
    {
        "id": 6944,
        "name": "Agua Mineral Natural Botella FONT VELLA",
        "price": 1.49,
        "price_kilo": 0.6,
        "slug": "agua-mineral-natural-botella",
        "description": "Agua Mineral Natural Botella 2,5 L",
        "image": "https:\/\/cdn-consum.aktiosdigitalservices.com\/tol\/consum\/media\/product\/img\/300x300\/7188139.jpg?t=20250312092750"
    },
    {
        "id": 6946,
        "name": "Caldo Casero Pescado Brik G.BLANCA",
        "price": 2.2,
        "price_kilo": 2.2,
        "slug": "caldo-casero-pescado-brik",
        "description": "Caldo Casero Pescado Brik 1 L",
        "image": "https:\/\/cdn-consum.aktiosdigitalservices.com\/tol\/consum\/media\/product\/img\/300x300\/7188217.jpg?t=20250206091810"
    },
    {
        "id": 6947,
        "name": "Caldo Casero Cocido Brik G.BLANCA",
        "price": 2.2,
        "price_kilo": 2.2,
        "slug": "caldo-casero-cocido-brik",
        "description": "Caldo Casero Cocido Brik 1 L",
        "image": "https:\/\/cdn-consum.aktiosdigitalservices.com\/tol\/consum\/media\/product\/img\/300x300\/7188220.jpg?t=20250318080047"
    },
    {
        "id": 6948,
        "name": "Leche de Cabra Semidesnatada Botella PULEVA",
        "price": 2.2,
        "price_kilo": 2.2,
        "slug": "leche-de-cabra-semidesnatada-botella",
        "description": "Leche de Cabra Semidesnatada Botella 1 L",
        "image": "https:\/\/cdn-consum.aktiosdigitalservices.com\/tol\/consum\/media\/product\/img\/300x300\/7188261.jpg?t=20250311105011"
    },
    {
        "id": 6949,
        "name": "Papel Cocina Doble Capa Especi.Fritos Cartapaglia FOXY",
        "price": 2.89,
        "price_kilo": 1.45,
        "slug": "papel-cocina-doble-capa-especifritos-cartapaglia",
        "description": "Papel Cocina Doble Capa Especi.Fritos Cartapaglia 2 U",
        "image": "https:\/\/cdn-consum.aktiosdigitalservices.com\/tol\/consum\/media\/product\/img\/300x300\/7188493.jpg?t=20250313080226"
    },
    {
        "id": 6950,
        "name": "Coliflor-Br\u00f3coli-Zanahoria Microondas FLORETTE",
        "price": 1.99,
        "price_kilo": 7.24,
        "slug": "coliflor-brocoli-zanahoria-microondas",
        "description": "Coliflor-Br\u00f3coli-Zanahoria Microondas 275 Gr",
        "image": "https:\/\/cdn-consum.aktiosdigitalservices.com\/tol\/consum\/media\/product\/img\/300x300\/7188667.jpg?t=20250317075750"
    },
    {
        "id": 6952,
        "name": "Leche Condensada Entera Lata CONSUM",
        "price": 3.65,
        "price_kilo": 3.65,
        "slug": "leche-condensada-entera-lata",
        "description": "Leche Condensada Entera Lata 1 Kg",
        "image": "https:\/\/cdn-consum.aktiosdigitalservices.com\/tol\/consum\/media\/product\/img\/300x300\/7188675.jpg?t=20250311105014"
    },
    {
        "id": 6955,
        "name": "Patatas Fritas Lisas Sabor Campesinas CONSUM",
        "price": 1.2,
        "price_kilo": 8,
        "slug": "patatas-fritas-lisas-sabor-campesinas",
        "description": "Patatas Fritas Lisas Sabor Campesinas 150 Gr",
        "image": "https:\/\/cdn-consum.aktiosdigitalservices.com\/tol\/consum\/media\/product\/img\/300x300\/7188725.jpg?t=20250319075838"
    },
    {
        "id": 6957,
        "name": "Jab\u00f3n L\u00edquido Almendras PALMOLIVE",
        "price": 2.45,
        "price_kilo": 0.82,
        "slug": "jabon-liquido-almendras",
        "description": "Jab\u00f3n L\u00edquido Almendras 300 ml",
        "image": "https:\/\/cdn-consum.aktiosdigitalservices.com\/tol\/consum\/media\/product\/img\/300x300\/7188779.jpg?t=20241217081035"
    },
    {
        "id": 6958,
        "name": "Vino TInto Joven D.O.Rioja DUQUE NARDOS",
        "price": 2.3,
        "price_kilo": 3.07,
        "slug": "vino-tinto-joven-dorioja",
        "description": "Vino TInto Joven D.O.Rioja 0,75 L",
        "image": "https:\/\/cdn-consum.aktiosdigitalservices.com\/tol\/consum\/media\/product\/img\/300x300\/7188985.jpg?t=20241217081035"
    },
    {
        "id": 6959,
        "name": "Vino Rosado Lambrusco BAUTIS.MARTI",
        "price": 3.39,
        "price_kilo": 4.52,
        "slug": "vino-rosado-lambrusco",
        "description": "Vino Rosado Lambrusco 0,75 L",
        "image": "https:\/\/cdn-consum.aktiosdigitalservices.com\/tol\/consum\/media\/product\/img\/300x300\/7189004.jpg?t=20250312125303"
    },
    {
        "id": 6960,
        "name": "Bayeta Cristales y Espejos CONSUM",
        "price": 0.85,
        "price_kilo": 0.85,
        "slug": "bayeta-cristales-y-espejos",
        "description": "Bayeta Cristales y Espejos 1 U",
        "image": "https:\/\/cdn-consum.aktiosdigitalservices.com\/tol\/consum\/media\/product\/img\/300x300\/7189327.jpg?t=20241217081035"
    },
    {
        "id": 6961,
        "name": "Bayeta Especial Polvo Extrasuave CONSUM",
        "price": 0.89,
        "price_kilo": 0.89,
        "slug": "bayeta-especial-polvo-extrasuave",
        "description": "Bayeta Especial Polvo Extrasuave 1 U",
        "image": "https:\/\/cdn-consum.aktiosdigitalservices.com\/tol\/consum\/media\/product\/img\/300x300\/7189335.jpg?t=20250313080228"
    },
    {
        "id": 6965,
        "name": "Tinte 4.15 Chocolate OLIA",
        "price": 8.35,
        "price_kilo": 8.35,
        "slug": "tinte-415-chocolate",
        "description": "Tinte 4.15 Chocolate 1 U",
        "image": "https:\/\/cdn-consum.aktiosdigitalservices.com\/tol\/consum\/media\/product\/img\/300x300\/7189434.jpg?t=20250312160154"
    },
    {
        "id": 6966,
        "name": "Tinte 5.0 Casta\u00f1o Claro OLIA",
        "price": 8.35,
        "price_kilo": 8.35,
        "slug": "tinte-50-castano-claro",
        "description": "Tinte 5.0 Casta\u00f1o Claro 1 U",
        "image": "https:\/\/cdn-consum.aktiosdigitalservices.com\/tol\/consum\/media\/product\/img\/300x300\/7189439.jpg?t=20250312160156"
    },
    {
        "id": 6967,
        "name": "Tinte 6.0 Rubio Oscuro OLIA",
        "price": 8.35,
        "price_kilo": 8.35,
        "slug": "tinte-60-rubio-oscuro",
        "description": "Tinte 6.0 Rubio Oscuro 1 U",
        "image": "https:\/\/cdn-consum.aktiosdigitalservices.com\/tol\/consum\/media\/product\/img\/300x300\/7189442.jpg?t=20250312160158"
    },
    {
        "id": 6968,
        "name": "Tinte 7.0 Rubio OLIA",
        "price": 8.35,
        "price_kilo": 8.35,
        "slug": "tinte-70-rubio",
        "description": "Tinte 7.0 Rubio 1 U",
        "image": "https:\/\/cdn-consum.aktiosdigitalservices.com\/tol\/consum\/media\/product\/img\/300x300\/7189447.jpg?t=20250312160201"
    },
    {
        "id": 6969,
        "name": "Gel Exfoliante Facial Cereza KYREY",
        "price": 2.35,
        "price_kilo": 3.13,
        "slug": "gel-exfoliante-facial-cereza",
        "description": "Gel Exfoliante Facial Cereza 75 ml",
        "image": "https:\/\/cdn-consum.aktiosdigitalservices.com\/tol\/consum\/media\/product\/img\/300x300\/7189504.jpg?t=20241217081036"
    },
    {
        "id": 6970,
        "name": "Protector 60X90 Cm INDASBED",
        "price": 9.89,
        "price_kilo": 0.49,
        "slug": "protector-60x90-cm",
        "description": "Protector 60X90 Cm 20 U",
        "image": "https:\/\/cdn-consum.aktiosdigitalservices.com\/tol\/consum\/media\/product\/img\/300x300\/7189512.jpg?t=20241217081036"
    },
    {
        "id": 6971,
        "name": "Jengibre Con Lim\u00f3n 20 Bolsitas POMPADOUR",
        "price": 2.79,
        "price_kilo": 0.14,
        "slug": "jengibre-con-limon-20-bolsitas",
        "description": "Jengibre Con Lim\u00f3n 20 Bolsitas 20 U",
        "image": "https:\/\/cdn-consum.aktiosdigitalservices.com\/tol\/consum\/media\/product\/img\/300x300\/7189525.jpg?t=20250311133523"
    },
    {
        "id": 6974,
        "name": "Pa\u00f1al DryNites 4 a 7 A\u00f1os Ni\u00f1a HUGGIES",
        "price": 7.39,
        "price_kilo": 0.74,
        "slug": "panal-drynites-4-a-7-anos-nina",
        "description": "Pa\u00f1al DryNites 4 a 7 A\u00f1os Ni\u00f1a 10 U",
        "image": "https:\/\/cdn-consum.aktiosdigitalservices.com\/tol\/consum\/media\/product\/img\/300x300\/7189579.jpg?t=20250312160207"
    },
    {
        "id": 6975,
        "name": "Pa\u00f1al DryNites 4 a 7 A\u00f1os Ni\u00f1o HUGGIES",
        "price": 7.39,
        "price_kilo": 0.74,
        "slug": "panal-drynites-4-a-7-anos-nino",
        "description": "Pa\u00f1al DryNites 4 a 7 A\u00f1os Ni\u00f1o 10 U",
        "image": "https:\/\/cdn-consum.aktiosdigitalservices.com\/tol\/consum\/media\/product\/img\/300x300\/7189582.jpg?t=20250312160209"
    },
    {
        "id": 6976,
        "name": "Pa\u00f1al DryNites 8 a 13 A\u00f1os Ni\u00f1a HUGGIES",
        "price": 7.39,
        "price_kilo": 0.82,
        "slug": "panal-drynites-8-a-13-anos-nina",
        "description": "Pa\u00f1al DryNites 8 a 13 A\u00f1os Ni\u00f1a 9 U",
        "image": "https:\/\/cdn-consum.aktiosdigitalservices.com\/tol\/consum\/media\/product\/img\/300x300\/7189587.jpg?t=20250313081517"
    },
    {
        "id": 6977,
        "name": "Pa\u00f1al DryNites 8 a 13 A\u00f1os Ni\u00f1o HUGGIES",
        "price": 7.39,
        "price_kilo": 0.82,
        "slug": "panal-drynites-8-a-13-anos-nino",
        "description": "Pa\u00f1al DryNites 8 a 13 A\u00f1os Ni\u00f1o 9 U",
        "image": "https:\/\/cdn-consum.aktiosdigitalservices.com\/tol\/consum\/media\/product\/img\/300x300\/7189590.jpg?t=20250312160214"
    },
    {
        "id": 6978,
        "name": "Albahaca Bandeja EL DULZE",
        "price": 1.5,
        "price_kilo": 7.5,
        "slug": "albahaca-bandeja",
        "description": "Albahaca Bandeja 20 Gr",
        "image": "https:\/\/cdn-consum.aktiosdigitalservices.com\/tol\/consum\/media\/product\/img\/300x300\/7189673.jpg?t=20241217081036"
    },
    {
        "id": 6979,
        "name": "Chorizo  Extra CONSUM",
        "price": 2.49,
        "price_kilo": 8.89,
        "slug": "chorizo-extra",
        "description": "Chorizo  Extra 280 Gr",
        "image": "https:\/\/cdn-consum.aktiosdigitalservices.com\/tol\/consum\/media\/product\/img\/300x300\/7189769.jpg?t=20241217081036"
    },
    {
        "id": 6980,
        "name": "Chorizo Picante Extra CONSUM",
        "price": 2.49,
        "price_kilo": 8.89,
        "slug": "chorizo-picante-extra",
        "description": "Chorizo Picante Extra 280 Gr",
        "image": "https:\/\/cdn-consum.aktiosdigitalservices.com\/tol\/consum\/media\/product\/img\/300x300\/7189772.jpg?t=20241217081036"
    },
    {
        "id": 6984,
        "name": "Caldo Casero Carne Brik G.BLANCA",
        "price": 2.2,
        "price_kilo": 2.2,
        "slug": "caldo-casero-carne-brik",
        "description": "Caldo Casero Carne Brik 1 L",
        "image": "https:\/\/cdn-consum.aktiosdigitalservices.com\/tol\/consum\/media\/product\/img\/300x300\/7189967.jpg?t=20250318080049"
    },
    {
        "id": 6985,
        "name": "Rega\u00f1as CONSUM",
        "price": 1.04,
        "price_kilo": 4.16,
        "slug": "reganas",
        "description": "Rega\u00f1as 250 Gr",
        "image": "https:\/\/cdn-consum.aktiosdigitalservices.com\/tol\/consum\/media\/product\/img\/300x300\/7190130.jpg?t=20250311105019"
    },
    {
        "id": 6995,
        "name": "Cerveza Cl\u00e1sica Lata AMSTEL",
        "price": 0.49,
        "price_kilo": 1.48,
        "slug": "cerveza-clasica-lata",
        "description": "Cerveza Cl\u00e1sica Lata 0,33 L",
        "image": "https:\/\/cdn-consum.aktiosdigitalservices.com\/tol\/consum\/media\/product\/img\/300x300\/7190726.jpg?t=20250304115716"
    },
    {
        "id": 7006,
        "name": "Tortitas Ma\u00edz Sin Gluten Paquete BICENTURY",
        "price": 1.85,
        "price_kilo": 14.23,
        "slug": "tortitas-maiz-sin-gluten-paquete",
        "description": "Tortitas Ma\u00edz Sin Gluten Paquete 130 Gr",
        "image": "https:\/\/cdn-consum.aktiosdigitalservices.com\/tol\/consum\/media\/product\/img\/300x300\/7191687.jpg?t=20250312092750"
    },
    {
        "id": 7010,
        "name": "Natillas de Vainilla Pack de 4 Unidades CONSUM",
        "price": 1.05,
        "price_kilo": 2.1,
        "slug": "natillas-de-vainilla-pack-de-4-unidades",
        "description": "Natillas de Vainilla Pack de 4 Unidades 4 x 125 Gr",
        "image": "https:\/\/cdn-consum.aktiosdigitalservices.com\/tol\/consum\/media\/product\/img\/300x300\/7191963.jpg?t=20241217081036"
    },
    {
        "id": 7011,
        "name": "Natillas de Chocolate Pack de 4 Unidades CONSUM",
        "price": 1.05,
        "price_kilo": 2.1,
        "slug": "natillas-de-chocolate-pack-de-4-unidades",
        "description": "Natillas de Chocolate Pack de 4 Unidades 4 x 125 Gr",
        "image": "https:\/\/cdn-consum.aktiosdigitalservices.com\/tol\/consum\/media\/product\/img\/300x300\/7191968.jpg?t=20241217081036"
    },
    {
        "id": 7013,
        "name": "Flan de Vainilla Pack de 6 Unidades CONSUM",
        "price": 1,
        "price_kilo": 1.67,
        "slug": "flan-de-vainilla-pack-de-6-unidades",
        "description": "Flan de Vainilla Pack de 6 Unidades 6 x 100 Gr",
        "image": "https:\/\/cdn-consum.aktiosdigitalservices.com\/tol\/consum\/media\/product\/img\/300x300\/7192037.jpg?t=20241217081036"
    },
    {
        "id": 7021,
        "name": "Limpiador Concentrado de Vinagre JOSMI",
        "price": 0.9,
        "price_kilo": 0.9,
        "slug": "limpiador-concentrado-de-vinagre",
        "description": "Limpiador Concentrado de Vinagre 1 L",
        "image": "https:\/\/cdn-consum.aktiosdigitalservices.com\/tol\/consum\/media\/product\/img\/300x300\/7192698.jpg?t=20250312092750"
    },
    {
        "id": 7022,
        "name": "Arreglo para Paella de Pollo y Conejo CONSUM",
        "price": 5.94,
        "price_kilo": 6.95,
        "slug": "arreglo-para-paella-de-pollo-y-conejo",
        "description": "Arreglo para Paella de Pollo y Conejo",
        "image": "https:\/\/cdn-consum.aktiosdigitalservices.com\/tol\/consum\/media\/product\/img\/300x300\/7192727.jpg?t=20250318080052"
    },
    {
        "id": 7023,
        "name": "Limpiador Desinfectante Multiusos SANYTOL",
        "price": 2.99,
        "price_kilo": 3.99,
        "slug": "limpiador-desinfectante-multiusos",
        "description": "Limpiador Desinfectante Multiusos 750 ml",
        "image": "https:\/\/cdn-consum.aktiosdigitalservices.com\/tol\/consum\/media\/product\/img\/300x300\/7192847.jpg?t=20250312125315"
    },
    {
        "id": 7024,
        "name": "Pizza Forno congelada Caprese BUITONI",
        "price": 3.1,
        "price_kilo": 8.86,
        "slug": "pizza-forno-congelada-caprese",
        "description": "Pizza Forno congelada Caprese 350 Gr",
        "image": "https:\/\/cdn-consum.aktiosdigitalservices.com\/tol\/consum\/media\/product\/img\/300x300\/7193014.jpg?t=20250304110214"
    },
    {
        "id": 7026,
        "name": "Tinte Color Sensation N\u00ba1 Negro GARNIER",
        "price": 3.9,
        "price_kilo": 3.9,
        "slug": "tinte-color-sensation-n1-negro",
        "description": "Tinte Color Sensation N\u00ba1 Negro 1 U",
        "image": "https:\/\/cdn-consum.aktiosdigitalservices.com\/tol\/consum\/media\/product\/img\/300x300\/7193212.jpg?t=20241217081037"
    },
    {
        "id": 7027,
        "name": "Tinte Color Sensation N\u00ba3 Casta\u00f1o Oscuro GARNIER",
        "price": 3.9,
        "price_kilo": 3.9,
        "slug": "tinte-color-sensation-n3-castano-oscuro",
        "description": "Tinte Color Sensation N\u00ba3 Casta\u00f1o Oscuro 1 U",
        "image": "https:\/\/cdn-consum.aktiosdigitalservices.com\/tol\/consum\/media\/product\/img\/300x300\/7193217.jpg?t=20241217081037"
    },
    {
        "id": 7029,
        "name": "Tinte Color Sensation N\u00ba4.15 Chocolate GARNIER",
        "price": 3.9,
        "price_kilo": 3.9,
        "slug": "tinte-color-sensation-n415-chocolate",
        "description": "Tinte Color Sensation N\u00ba4.15 Chocolate 1 U",
        "image": "https:\/\/cdn-consum.aktiosdigitalservices.com\/tol\/consum\/media\/product\/img\/300x300\/7193225.jpg?t=20241217081037"
    },
    {
        "id": 7030,
        "name": "Tinte Color Sensation 5 Casta\u00f1o Luminoso GARNIER",
        "price": 3.9,
        "price_kilo": 3.9,
        "slug": "tinte-color-sensation-5-castano-luminoso",
        "description": "Tinte Color Sensation 5 Casta\u00f1o Luminoso 1 U",
        "image": "https:\/\/cdn-consum.aktiosdigitalservices.com\/tol\/consum\/media\/product\/img\/300x300\/7193233.jpg?t=20241217081037"
    },
    {
        "id": 7031,
        "name": "Tinte Color Sensation N\u00ba6 Rubio Oscuro GARNIER",
        "price": 3.9,
        "price_kilo": 3.9,
        "slug": "tinte-color-sensation-n6-rubio-oscuro",
        "description": "Tinte Color Sensation N\u00ba6 Rubio Oscuro 1 U",
        "image": "https:\/\/cdn-consum.aktiosdigitalservices.com\/tol\/consum\/media\/product\/img\/300x300\/7193238.jpg?t=20250311164552"
    },
    {
        "id": 7032,
        "name": "Tinte Color Sensation N\u00ba6.35 Rubio Caramelo GARNIER",
        "price": 3.9,
        "price_kilo": 3.9,
        "slug": "tinte-color-sensation-n635-rubio-caramelo",
        "description": "Tinte Color Sensation N\u00ba6.35 Rubio Caramelo 1 U",
        "image": "https:\/\/cdn-consum.aktiosdigitalservices.com\/tol\/consum\/media\/product\/img\/300x300\/7193246.jpg?t=20241217081037"
    },
    {
        "id": 7033,
        "name": "Tinte Color Sensation N\u00ba8 Rubio Luminoso GARNIER",
        "price": 3.9,
        "price_kilo": 3.9,
        "slug": "tinte-color-sensation-n8-rubio-luminoso",
        "description": "Tinte Color Sensation N\u00ba8 Rubio Luminoso 1 U",
        "image": "https:\/\/cdn-consum.aktiosdigitalservices.com\/tol\/consum\/media\/product\/img\/300x300\/7193261.jpg?t=20250311164552"
    },
    {
        "id": 7038,
        "name": "Chorizo Pamplona REVILLA",
        "price": 1,
        "price_kilo": 15.38,
        "slug": "chorizo-pamplona",
        "description": "Chorizo Pamplona 65 Gr",
        "image": "https:\/\/cdn-consum.aktiosdigitalservices.com\/tol\/consum\/media\/product\/img\/300x300\/7193498.jpg?t=20241217081037"
    },
    {
        "id": 7039,
        "name": "Salchich\u00f3n Extra REVILLA",
        "price": 1,
        "price_kilo": 15.38,
        "slug": "salchichon-extra",
        "description": "Salchich\u00f3n Extra 65 Gr",
        "image": "https:\/\/cdn-consum.aktiosdigitalservices.com\/tol\/consum\/media\/product\/img\/300x300\/7193501.jpg?t=20241217081037"
    },
    {
        "id": 7041,
        "name": "Crema para Caf\u00e9 Pack de 20 CAMPINA",
        "price": 1.3,
        "price_kilo": 6.5,
        "slug": "crema-para-cafe-pack-de-20",
        "description": "Crema para Caf\u00e9 Pack de 20 20 x 10 Gr",
        "image": "https:\/\/cdn-consum.aktiosdigitalservices.com\/tol\/consum\/media\/product\/img\/300x300\/7193717.jpg?t=20250311105038"
    },
    {
        "id": 7042,
        "name": "Salsa Pesto Genovese BARILLA",
        "price": 2.99,
        "price_kilo": 15.74,
        "slug": "salsa-pesto-genovese",
        "description": "Salsa Pesto Genovese 190 Gr",
        "image": "https:\/\/cdn-consum.aktiosdigitalservices.com\/tol\/consum\/media\/product\/img\/300x300\/7193725.jpg?t=20250227091304"
    },
    {
        "id": 7046,
        "name": "Escamas de Sal Marina Caja MALDON",
        "price": 3.25,
        "price_kilo": 26,
        "slug": "escamas-de-sal-marina-caja",
        "description": "Escamas de Sal Marina Caja 125 Gr",
        "image": "https:\/\/cdn-consum.aktiosdigitalservices.com\/tol\/consum\/media\/product\/img\/300x300\/7193886.jpg?t=20250108080256"
    },
    {
        "id": 7052,
        "name": "Salfumant JOSMI",
        "price": 1.1,
        "price_kilo": 1.1,
        "slug": "salfumant",
        "description": "Salfumant 1 L",
        "image": "https:\/\/cdn-consum.aktiosdigitalservices.com\/tol\/consum\/media\/product\/img\/300x300\/7194111.jpg?t=20241217081037"
    },
    {
        "id": 7056,
        "name": "Danonino Petit Suisse Fresa y Pl\u00e1tano Pack 6 U DANONE",
        "price": 1.5,
        "price_kilo": 5,
        "slug": "danonino-petit-suisse-fresa-y-platano-pack-6-u",
        "description": "Danonino Petit Suisse Fresa y Pl\u00e1tano Pack 6 U 6 x 50 Gr",
        "image": "https:\/\/cdn-consum.aktiosdigitalservices.com\/tol\/consum\/media\/product\/img\/300x300\/7194280.jpg?t=20250103080923"
    },
    {
        "id": 7057,
        "name": "Danonino Petit Suisse Sabor Fresa Pack de 6 U DANONE",
        "price": 1.5,
        "price_kilo": 5,
        "slug": "danonino-petit-suisse-sabor-fresa-pack-de-6-u",
        "description": "Danonino Petit Suisse Sabor Fresa Pack de 6 U 6 x 50 Gr",
        "image": "https:\/\/cdn-consum.aktiosdigitalservices.com\/tol\/consum\/media\/product\/img\/300x300\/7194285.jpg?t=20250103080925"
    },
    {
        "id": 7064,
        "name": "Magdalena Concha ARENAS",
        "price": 1.69,
        "price_kilo": 5.63,
        "slug": "magdalena-concha",
        "description": "Magdalena Concha 300 Gr",
        "image": "https:\/\/cdn-consum.aktiosdigitalservices.com\/tol\/consum\/media\/product\/img\/300x300\/7194579.jpg?t=20250311105055"
    },
    {
        "id": 7065,
        "name": "Zumo Exprimido Naranja Con Pulpa - Brik DON SIMON",
        "price": 1.99,
        "price_kilo": 1.99,
        "slug": "zumo-exprimido-naranja-con-pulpa---brik",
        "description": "Zumo Exprimido Naranja Con Pulpa - Brik 1 L",
        "image": "https:\/\/cdn-consum.aktiosdigitalservices.com\/tol\/consum\/media\/product\/img\/300x300\/7194629.jpg?t=20250311124404"
    },
    {
        "id": 7067,
        "name": "Pan Molde Normal CONSUM",
        "price": 1.18,
        "price_kilo": 1.44,
        "slug": "pan-molde-normal",
        "description": "Pan Molde Normal 820 Gr",
        "image": "https:\/\/cdn-consum.aktiosdigitalservices.com\/tol\/consum\/media\/product\/img\/300x300\/7194884.jpg?t=20250311133533"
    },
    {
        "id": 7068,
        "name": "Pan Molde Integral CONSUM",
        "price": 1.18,
        "price_kilo": 1.44,
        "slug": "pan-molde-integral",
        "description": "Pan Molde Integral 820 Gr",
        "image": "https:\/\/cdn-consum.aktiosdigitalservices.com\/tol\/consum\/media\/product\/img\/300x300\/7194889.jpg?t=20250311105100"
    },
    {
        "id": 7070,
        "name": "Refresco Naranja Sin Gas Botella TRINA",
        "price": 1.3,
        "price_kilo": 0.87,
        "slug": "refresco-naranja-sin-gas-botella",
        "description": "Refresco Naranja Sin Gas Botella 1,5 L",
        "image": "https:\/\/cdn-consum.aktiosdigitalservices.com\/tol\/consum\/media\/product\/img\/300x300\/7195113.jpg?t=20250311133535"
    },
    {
        "id": 7077,
        "name": "Queso Gorgonzola D.O.P IGOR",
        "price": 2.99,
        "price_kilo": 14.95,
        "slug": "queso-gorgonzola-dop",
        "description": "Queso Gorgonzola D.O.P 200 Gr",
        "image": "https:\/\/cdn-consum.aktiosdigitalservices.com\/tol\/consum\/media\/product\/img\/300x300\/7195431.jpg?t=20250204080458"
    },
    {
        "id": 7078,
        "name": "Masa de Hojaldre Redonda CONSUM",
        "price": 1.17,
        "price_kilo": 5.09,
        "slug": "masa-de-hojaldre-redonda",
        "description": "Masa de Hojaldre Redonda 230 Gr",
        "image": "https:\/\/cdn-consum.aktiosdigitalservices.com\/tol\/consum\/media\/product\/img\/300x300\/7195444.jpg?t=20250101081018"
    },
    {
        "id": 7079,
        "name": "Masa de Pizza Redonda CONSUM",
        "price": 1.2,
        "price_kilo": 4.62,
        "slug": "masa-de-pizza-redonda",
        "description": "Masa de Pizza Redonda 260 Gr",
        "image": "https:\/\/cdn-consum.aktiosdigitalservices.com\/tol\/consum\/media\/product\/img\/300x300\/7195449.jpg?t=20241217081038"
    },
    {
        "id": 7082,
        "name": "Loci\u00f3n Bajo La Ducha R\u00e1pida Absorci\u00f3n NIVEA",
        "price": 4.69,
        "price_kilo": 1.17,
        "slug": "locion-bajo-la-ducha-rapida-absorcion",
        "description": "Loci\u00f3n Bajo La Ducha R\u00e1pida Absorci\u00f3n 400 ml",
        "image": "https:\/\/cdn-consum.aktiosdigitalservices.com\/tol\/consum\/media\/product\/img\/300x300\/7195519.jpg?t=20250311164552"
    },
    {
        "id": 7083,
        "name": "Comida Seca Gatos Senior Esterilizados ULTIMA",
        "price": 5.99,
        "price_kilo": 7.49,
        "slug": "comida-seca-gatos-senior-esterilizados",
        "description": "Comida Seca Gatos Senior Esterilizados 800 Gr",
        "image": "https:\/\/cdn-consum.aktiosdigitalservices.com\/tol\/consum\/media\/product\/img\/300x300\/7195535.jpg?t=20250218080304"
    },
    {
        "id": 7098,
        "name": "Bebida de Almendras Brik ALPRO",
        "price": 2.09,
        "price_kilo": 2.09,
        "slug": "bebida-de-almendras-brik",
        "description": "Bebida de Almendras Brik 1 L",
        "image": "https:\/\/cdn-consum.aktiosdigitalservices.com\/tol\/consum\/media\/product\/img\/300x300\/7196186.jpg?t=20250311105102"
    },
    {
        "id": 7101,
        "name": "Aceite Cabello Universal ELVIVE",
        "price": 10.49,
        "price_kilo": 10.49,
        "slug": "aceite-cabello-universal",
        "description": "Aceite Cabello Universal 100 ml",
        "image": "https:\/\/cdn-consum.aktiosdigitalservices.com\/tol\/consum\/media\/product\/img\/300x300\/7196392.jpg?t=20250312160224"
    },
    {
        "id": 7103,
        "name": "Refresco Manzana Lata Sin Gas TRINA",
        "price": 0.66,
        "price_kilo": 2,
        "slug": "refresco-manzana-lata-sin-gas",
        "description": "Refresco Manzana Lata Sin Gas 0,33 L",
        "image": "https:\/\/cdn-consum.aktiosdigitalservices.com\/tol\/consum\/media\/product\/img\/300x300\/7196459.jpg?t=20250227091329"
    },
    {
        "id": 7105,
        "name": "Cebolla Crujiente Bote ARGENTE",
        "price": 1.59,
        "price_kilo": 15.9,
        "slug": "cebolla-crujiente-bote",
        "description": "Cebolla Crujiente Bote 100 Gr",
        "image": "https:\/\/cdn-consum.aktiosdigitalservices.com\/tol\/consum\/media\/product\/img\/300x300\/7196520.jpg?t=20241217081038"
    },
    {
        "id": 7107,
        "name": "Fideos Orientales Pollo Yatekomo YATEKOMO",
        "price": 1.55,
        "price_kilo": 25.83,
        "slug": "fideos-orientales-pollo-yatekomo",
        "description": "Fideos Orientales Pollo Yatekomo 60 Gr",
        "image": "https:\/\/cdn-consum.aktiosdigitalservices.com\/tol\/consum\/media\/product\/img\/300x300\/7196538.jpg?t=20250318080057"
    },
    {
        "id": 7111,
        "name": "Camembert NORMANDIE",
        "price": 2,
        "price_kilo": 8.33,
        "slug": "camembert",
        "description": "Camembert 240 Gr",
        "image": "https:\/\/cdn-consum.aktiosdigitalservices.com\/tol\/consum\/media\/product\/img\/300x300\/7197023.jpg?t=20250103080933"
    },
    {
        "id": 7112,
        "name": "Queso Brie Punta FLEUR FRANCE",
        "price": 1.75,
        "price_kilo": 8.75,
        "slug": "queso-brie-punta",
        "description": "Queso Brie Punta 200 Gr",
        "image": "https:\/\/cdn-consum.aktiosdigitalservices.com\/tol\/consum\/media\/product\/img\/300x300\/7197051.jpg?t=20250103080935"
    },
    {
        "id": 7120,
        "name": "T\u00f3nica Lata SCHWEPPES",
        "price": 0.7,
        "price_kilo": 2.8,
        "slug": "tonica-lata",
        "description": "T\u00f3nica Lata 0,25 L",
        "image": "https:\/\/cdn-consum.aktiosdigitalservices.com\/tol\/consum\/media\/product\/img\/300x300\/7197481.jpg?t=20250227091335"
    },
    {
        "id": 7121,
        "name": "Queso Burgo Arias Natural ARIAS",
        "price": 1.19,
        "price_kilo": 9.92,
        "slug": "queso-burgo-arias-natural",
        "description": "Queso Burgo Arias Natural 2 x 60 Gr",
        "image": "https:\/\/cdn-consum.aktiosdigitalservices.com\/tol\/consum\/media\/product\/img\/300x300\/7197523.jpg?t=20250103080938"
    },
    {
        "id": 7122,
        "name": "Refresco Naranja Florida Botella SUNNY",
        "price": 1.95,
        "price_kilo": 1.56,
        "slug": "refresco-naranja-florida-botella",
        "description": "Refresco Naranja Florida Botella 1,25 L",
        "image": "https:\/\/cdn-consum.aktiosdigitalservices.com\/tol\/consum\/media\/product\/img\/300x300\/7197614.jpg?t=20250227091337"
    },
    {
        "id": 7124,
        "name": "Desodorante en crema M\u00e1xima Proteccion REXONA",
        "price": 5.3,
        "price_kilo": 11.78,
        "slug": "desodorante-en-crema-maxima-proteccion",
        "description": "Desodorante en crema M\u00e1xima Proteccion 45 ml",
        "image": "https:\/\/cdn-consum.aktiosdigitalservices.com\/tol\/consum\/media\/product\/img\/300x300\/7197655.jpg?t=20250108080301"
    },
    {
        "id": 7125,
        "name": "Fruta Leche Tropical Zero. Pack de 6 DON SIMON",
        "price": 1.5,
        "price_kilo": 1.25,
        "slug": "fruta-leche-tropical-zero-pack-de-6",
        "description": "Fruta Leche Tropical Zero. Pack de 6 6 x 200 ml",
        "image": "https:\/\/cdn-consum.aktiosdigitalservices.com\/tol\/consum\/media\/product\/img\/300x300\/7197663.jpg?t=20250311105111"
    },
    {
        "id": 7127,
        "name": "Vino Tinto Ecol\u00f3gico D.O.Valencia LA TRACA",
        "price": 3.99,
        "price_kilo": 5.32,
        "slug": "vino-tinto-ecologico-dovalencia",
        "description": "Vino Tinto Ecol\u00f3gico D.O.Valencia 0,75 L",
        "image": "https:\/\/cdn-consum.aktiosdigitalservices.com\/tol\/consum\/media\/product\/img\/300x300\/7197705.jpg?t=20250227091340"
    },
    {
        "id": 7128,
        "name": "Cerveza Celiacos Botella AMBAR",
        "price": 1.09,
        "price_kilo": 3.3,
        "slug": "cerveza-celiacos-botella",
        "description": "Cerveza Celiacos Botella 0,33 L",
        "image": "https:\/\/cdn-consum.aktiosdigitalservices.com\/tol\/consum\/media\/product\/img\/300x300\/7197817.jpg?t=20250227091342"
    },
    {
        "id": 7130,
        "name": "Burger Angus 2 Unidades ROLER",
        "price": 3.99,
        "price_kilo": 16.63,
        "slug": "burger-angus-2-unidades",
        "description": "Burger Angus 2 Unidades 240 Gr",
        "image": "https:\/\/cdn-consum.aktiosdigitalservices.com\/tol\/consum\/media\/product\/img\/300x300\/7197833.jpg?t=20241217081038"
    },
    {
        "id": 7140,
        "name": "Fiambre Pechuga Pavo B\/G CAMPOFR\u00cdO",
        "price": 1,
        "price_kilo": 13.33,
        "slug": "fiambre-pechuga-pavo-b-g",
        "description": "Fiambre Pechuga Pavo B\/G 75 Gr",
        "image": "https:\/\/cdn-consum.aktiosdigitalservices.com\/tol\/consum\/media\/product\/img\/300x300\/7198158.jpg?t=20241217081038"
    },
    {
        "id": 7141,
        "name": "Postre de Soja Sabor Chocolate CONSUM",
        "price": 1.55,
        "price_kilo": 3.88,
        "slug": "postre-de-soja-sabor-chocolate",
        "description": "Postre de Soja Sabor Chocolate 4 x 100 Gr",
        "image": "https:\/\/cdn-consum.aktiosdigitalservices.com\/tol\/consum\/media\/product\/img\/300x300\/7198328.jpg?t=20250109095638"
    },
    {
        "id": 7148,
        "name": "Dent\u00edfrico Acci\u00f3n Completa SENSODYNE",
        "price": 4.79,
        "price_kilo": 6.39,
        "slug": "dentifrico-accion-completa",
        "description": "Dent\u00edfrico Acci\u00f3n Completa 75 ml",
        "image": "https:\/\/cdn-consum.aktiosdigitalservices.com\/tol\/consum\/media\/product\/img\/300x300\/7198901.jpg?t=20250312160226"
    },
    {
        "id": 7149,
        "name": "Cheese Burger Pack de 2 Unidades PALACIOS",
        "price": 2.99,
        "price_kilo": 11.96,
        "slug": "cheese-burger-pack-de-2-unidades",
        "description": "Cheese Burger Pack de 2 Unidades 250 Gr",
        "image": "https:\/\/cdn-consum.aktiosdigitalservices.com\/tol\/consum\/media\/product\/img\/300x300\/7199003.jpg?t=20241219080243"
    },
    {
        "id": 7152,
        "name": "Aclarante Intensivo Blonde NORDIC",
        "price": 6.45,
        "price_kilo": 6.45,
        "slug": "aclarante-intensivo-blonde",
        "description": "Aclarante Intensivo Blonde 1 U",
        "image": "https:\/\/cdn-consum.aktiosdigitalservices.com\/tol\/consum\/media\/product\/img\/300x300\/7199094.jpg?t=20250311164554"
    },
    {
        "id": 7154,
        "name": "Refresco Lim\u00f3n Original Botella SCHWEPPES",
        "price": 1.95,
        "price_kilo": 1.95,
        "slug": "refresco-limon-original-botella",
        "description": "Refresco Lim\u00f3n Original Botella 1 L",
        "image": "https:\/\/cdn-consum.aktiosdigitalservices.com\/tol\/consum\/media\/product\/img\/300x300\/7199169.jpg?t=20250314121445"
    },
    {
        "id": 7155,
        "name": "Aceituna Pelot\u00edn Sabor Anchoa BERNAL",
        "price": 2.65,
        "price_kilo": 10.6,
        "slug": "aceituna-pelotin-sabor-anchoa",
        "description": "Aceituna Pelot\u00edn Sabor Anchoa 250 Gr",
        "image": "https:\/\/cdn-consum.aktiosdigitalservices.com\/tol\/consum\/media\/product\/img\/300x300\/7199289.jpg?t=20250211075953"
    },
    {
        "id": 7162,
        "name": "Yogur Natural Azucarado Pack de 12 Unidades CONSUM",
        "price": 2.17,
        "price_kilo": 1.45,
        "slug": "yogur-natural-azucarado-pack-de-12-unidades",
        "description": "Yogur Natural Azucarado Pack de 12 Unidades 12 x 125 Gr",
        "image": "https:\/\/cdn-consum.aktiosdigitalservices.com\/tol\/consum\/media\/product\/img\/300x300\/7199623.jpg?t=20241223075954"
    },
    {
        "id": 7163,
        "name": "Yogur Natural Pack de 12 Unidades CONSUM",
        "price": 2.17,
        "price_kilo": 1.45,
        "slug": "yogur-natural-pack-de-12-unidades",
        "description": "Yogur Natural Pack de 12 Unidades 12 x 125 Gr",
        "image": "https:\/\/cdn-consum.aktiosdigitalservices.com\/tol\/consum\/media\/product\/img\/300x300\/7199636.jpg?t=20241223075956"
    },
    {
        "id": 7168,
        "name": "Taquitos de Chorizo EDIGAPA",
        "price": 1.55,
        "price_kilo": 15.5,
        "slug": "taquitos-de-chorizo",
        "description": "Taquitos de Chorizo 100 Gr",
        "image": "https:\/\/cdn-consum.aktiosdigitalservices.com\/tol\/consum\/media\/product\/img\/300x300\/7199685.jpg?t=20250312160229"
    },
    {
        "id": 7169,
        "name": "Rollo Bayeta Amarilla Multiusos CONSUM",
        "price": 1.4,
        "price_kilo": 1.4,
        "slug": "rollo-bayeta-amarilla-multiusos",
        "description": "Rollo Bayeta Amarilla Multiusos 1 U",
        "image": "https:\/\/cdn-consum.aktiosdigitalservices.com\/tol\/consum\/media\/product\/img\/300x300\/7199693.jpg?t=20250313080244"
    },
    {
        "id": 7172,
        "name": "Yogur 00% con Frutas Pack de 12 Unidades CONSUM",
        "price": 2.99,
        "price_kilo": 1.99,
        "slug": "yogur-00-con-frutas-pack-de-12-unidades",
        "description": "Yogur 00% con Frutas Pack de 12 Unidades 12 x 125 Gr",
        "image": "https:\/\/cdn-consum.aktiosdigitalservices.com\/tol\/consum\/media\/product\/img\/300x300\/7199771.jpg?t=20250312125325"
    },
    {
        "id": 7178,
        "name": "Cuajada Natural Pack de 4 Unidades CONSUM",
        "price": 1.2,
        "price_kilo": 2.4,
        "slug": "cuajada-natural-pack-de-4-unidades",
        "description": "Cuajada Natural Pack de 4 Unidades 4 x 125 Gr",
        "image": "https:\/\/cdn-consum.aktiosdigitalservices.com\/tol\/consum\/media\/product\/img\/300x300\/7200061.jpg?t=20241217081039"
    },
    {
        "id": 7185,
        "name": "Filete de Caballa Sur Aceite de Oliva PESASUR",
        "price": 2.75,
        "price_kilo": 34.38,
        "slug": "filete-de-caballa-sur-aceite-de-oliva",
        "description": "Filete de Caballa Sur Aceite de Oliva 80 Gr",
        "image": "https:\/\/cdn-consum.aktiosdigitalservices.com\/tol\/consum\/media\/product\/img\/300x300\/7200199.jpg?t=20250227091356"
    },
    {
        "id": 7187,
        "name": "Huevas de Islandia Negras ROYAL",
        "price": 2.35,
        "price_kilo": 47,
        "slug": "huevas-de-islandia-negras",
        "description": "Huevas de Islandia Negras 50 Gr",
        "image": "https:\/\/cdn-consum.aktiosdigitalservices.com\/tol\/consum\/media\/product\/img\/300x300\/7200277.jpg?t=20250221075949"
    },
    {
        "id": 7188,
        "name": "Sinmanchas Coloreadas Spray KH-7",
        "price": 4.95,
        "price_kilo": 6.6,
        "slug": "sinmanchas-coloreadas-spray",
        "description": "Sinmanchas Coloreadas Spray 750 ml",
        "image": "https:\/\/cdn-consum.aktiosdigitalservices.com\/tol\/consum\/media\/product\/img\/300x300\/7200280.jpg?t=20250227091359"
    },
    {
        "id": 7189,
        "name": "Tinte 7.5 Rubio Dorado Caramelo PALETTE",
        "price": 4.79,
        "price_kilo": 4.79,
        "slug": "tinte-75-rubio-dorado-caramelo",
        "description": "Tinte 7.5 Rubio Dorado Caramelo 1 U",
        "image": "https:\/\/cdn-consum.aktiosdigitalservices.com\/tol\/consum\/media\/product\/img\/300x300\/7200322.jpg?t=20250206091934"
    },
    {
        "id": 7190,
        "name": "Desodorante Roll-On Fresh BYLY",
        "price": 2.2,
        "price_kilo": 4.4,
        "slug": "desodorante-roll-on-fresh",
        "description": "Desodorante Roll-On Fresh 50 ml",
        "image": "https:\/\/cdn-consum.aktiosdigitalservices.com\/tol\/consum\/media\/product\/img\/300x300\/7200327.jpg?t=20250304110311"
    },
    {
        "id": 7196,
        "name": "Queso Mezcla Reserva 12 Meses L.Pasteurizada G.BAQUERO",
        "price": 4.61,
        "price_kilo": 23.05,
        "slug": "queso-mezcla-reserva-12-meses-lpasteurizada",
        "description": "Queso Mezcla Reserva 12 Meses L.Pasteurizada 200 Gr",
        "image": "https:\/\/cdn-consum.aktiosdigitalservices.com\/tol\/consum\/media\/product\/img\/300x300\/7200579.jpg?t=20250227091406"
    },
    {
        "id": 7197,
        "name": "Chorizo Ib\u00e9rico Lonchas NAVIDUL",
        "price": 1,
        "price_kilo": 2.5,
        "slug": "chorizo-iberico-lonchas",
        "description": "Chorizo Ib\u00e9rico Lonchas 40 Gr",
        "image": "https:\/\/cdn-consum.aktiosdigitalservices.com\/tol\/consum\/media\/product\/img\/300x300\/7200629.jpg?t=20250131075819"
    },
    {
        "id": 7198,
        "name": "Salchich\u00f3n Ib\u00e9rico Lonchas NAVIDUL",
        "price": 1,
        "price_kilo": 2.5,
        "slug": "salchichon-iberico-lonchas",
        "description": "Salchich\u00f3n Ib\u00e9rico Lonchas 40 Gr",
        "image": "https:\/\/cdn-consum.aktiosdigitalservices.com\/tol\/consum\/media\/product\/img\/300x300\/7200632.jpg?t=20250131075820"
    },
    {
        "id": 7199,
        "name": "Salami Extra Lonchas REVILLA",
        "price": 1,
        "price_kilo": 15.38,
        "slug": "salami-extra-lonchas",
        "description": "Salami Extra Lonchas 65 Gr",
        "image": "https:\/\/cdn-consum.aktiosdigitalservices.com\/tol\/consum\/media\/product\/img\/300x300\/7200645.jpg?t=20241217081039"
    },
    {
        "id": 7205,
        "name": "Donuts Glace 4 Unidades DONUTS",
        "price": 2.89,
        "price_kilo": 13.89,
        "slug": "donuts-glace-4-unidades",
        "description": "Donuts Glace 4 Unidades 208 Gr",
        "image": "https:\/\/cdn-consum.aktiosdigitalservices.com\/tol\/consum\/media\/product\/img\/300x300\/7201101.jpg?t=20250311105123"
    },
    {
        "id": 7206,
        "name": "Ampollas Rescate Color Fuerza y Brillo PANTENE",
        "price": 4.45,
        "price_kilo": 1.48,
        "slug": "ampollas-rescate-color-fuerza-y-brillo",
        "description": "Ampollas Rescate Color Fuerza y Brillo 15 ml",
        "image": "https:\/\/cdn-consum.aktiosdigitalservices.com\/tol\/consum\/media\/product\/img\/300x300\/7201291.jpg?t=20250321075838"
    },
    {
        "id": 7208,
        "name": "Reques\u00f3n GRANJA RINYA",
        "price": 0.9,
        "price_kilo": 4.5,
        "slug": "requeson",
        "description": "Reques\u00f3n 200 Gr",
        "image": "https:\/\/cdn-consum.aktiosdigitalservices.com\/tol\/consum\/media\/product\/img\/300x300\/7201460.jpg?t=20250227091408"
    },
    {
        "id": 7210,
        "name": "Ampollas Flash Belleza Acci\u00f3n Inmediata KYREY",
        "price": 2.15,
        "price_kilo": 1.08,
        "slug": "ampollas-flash-belleza-accion-inmediata",
        "description": "Ampollas Flash Belleza Acci\u00f3n Inmediata 2 U",
        "image": "https:\/\/cdn-consum.aktiosdigitalservices.com\/tol\/consum\/media\/product\/img\/300x300\/7201734.jpg?t=20250311164554"
    },
    {
        "id": 7214,
        "name": "Stick Mini Fuet CAMPOFR\u00cdO",
        "price": 1.3,
        "price_kilo": 26,
        "slug": "stick-mini-fuet",
        "description": "Stick Mini Fuet 50 Gr",
        "image": "https:\/\/cdn-consum.aktiosdigitalservices.com\/tol\/consum\/media\/product\/img\/300x300\/7201908.jpg?t=20250312160232"
    },
    {
        "id": 7216,
        "name": "Galleta Mikado con Chocoleche LU",
        "price": 2.25,
        "price_kilo": 30,
        "slug": "galleta-mikado-con-chocoleche",
        "description": "Galleta Mikado con Chocoleche 75 Gr",
        "image": "https:\/\/cdn-consum.aktiosdigitalservices.com\/tol\/consum\/media\/product\/img\/300x300\/7202034.jpg?t=20250312160234"
    },
    {
        "id": 7222,
        "name": "Bolsas de Bocadillo CONSUM",
        "price": 1.25,
        "price_kilo": 0.03,
        "slug": "bolsas-de-bocadillo",
        "description": "Bolsas de Bocadillo 40 U",
        "image": "https:\/\/cdn-consum.aktiosdigitalservices.com\/tol\/consum\/media\/product\/img\/300x300\/7202505.jpg?t=20241217081040"
    },
    {
        "id": 7223,
        "name": "Bolsa Congelaci\u00f3n Mediana CONSUM",
        "price": 1,
        "price_kilo": 0.03,
        "slug": "bolsa-congelacion-mediana",
        "description": "Bolsa Congelaci\u00f3n Mediana 40 U",
        "image": "https:\/\/cdn-consum.aktiosdigitalservices.com\/tol\/consum\/media\/product\/img\/300x300\/7202518.jpg?t=20241217081040"
    },
    {
        "id": 7224,
        "name": "Bayeta Multiusos Suave Colores CONSUM",
        "price": 0.84,
        "price_kilo": 0.14,
        "slug": "bayeta-multiusos-suave-colores",
        "description": "Bayeta Multiusos Suave Colores 6 U",
        "image": "https:\/\/cdn-consum.aktiosdigitalservices.com\/tol\/consum\/media\/product\/img\/300x300\/7202534.jpg?t=20241217081040"
    },
    {
        "id": 7228,
        "name": "Bebida Energ\u00e9tica Lata BURN",
        "price": 1,
        "price_kilo": 2,
        "slug": "bebida-energetica-lata",
        "description": "Bebida Energ\u00e9tica Lata 0,5 L",
        "image": "https:\/\/cdn-consum.aktiosdigitalservices.com\/tol\/consum\/media\/product\/img\/300x300\/7202737.jpg?t=20250227091414"
    },
    {
        "id": 7236,
        "name": "Ajos Tiernos congelados COCINARTE",
        "price": 1.99,
        "price_kilo": 6.63,
        "slug": "ajos-tiernos-congelados",
        "description": "Ajos Tiernos congelados 300 Gr",
        "image": "https:\/\/cdn-consum.aktiosdigitalservices.com\/tol\/consum\/media\/product\/img\/300x300\/7203297.jpg?t=20250103080959"
    },
    {
        "id": 7246,
        "name": "Pizza Carbonara Masa Fina CONSUM",
        "price": 2.9,
        "price_kilo": 7.25,
        "slug": "pizza-carbonara-masa-fina",
        "description": "Pizza Carbonara Masa Fina 400 Gr",
        "image": "https:\/\/cdn-consum.aktiosdigitalservices.com\/tol\/consum\/media\/product\/img\/300x300\/7203813.jpg?t=20241217081040"
    },
    {
        "id": 7247,
        "name": "Pizza Pollo Masa R\u00fastica al Horno de Piedra CONSUM",
        "price": 2.9,
        "price_kilo": 7.25,
        "slug": "pizza-pollo-masa-rustica-al-horno-de-piedra",
        "description": "Pizza Pollo Masa R\u00fastica al Horno de Piedra 400 Gr",
        "image": "https:\/\/cdn-consum.aktiosdigitalservices.com\/tol\/consum\/media\/product\/img\/300x300\/7203818.jpg?t=20241217081040"
    },
    {
        "id": 7249,
        "name": "Galleta Choco Flakes CUETARA",
        "price": 3.89,
        "price_kilo": 7.48,
        "slug": "galleta-choco-flakes",
        "description": "Galleta Choco Flakes 520 Gr",
        "image": "https:\/\/cdn-consum.aktiosdigitalservices.com\/tol\/consum\/media\/product\/img\/300x300\/7204431.jpg?t=20250312160236"
    },
    {
        "id": 7251,
        "name": "Lasa\u00f1a congelada Cuatro Quesos MAHESO",
        "price": 2.89,
        "price_kilo": 10.32,
        "slug": "lasana-congelada-cuatro-quesos",
        "description": "Lasa\u00f1a congelada Cuatro Quesos 280 Gr",
        "image": "https:\/\/cdn-consum.aktiosdigitalservices.com\/tol\/consum\/media\/product\/img\/300x300\/7204923.jpg?t=20250321075842"
    },
    {
        "id": 7254,
        "name": "Puntilla Enharinada congelada COCINARTE",
        "price": 3.49,
        "price_kilo": 11.63,
        "slug": "puntilla-enharinada-congelada",
        "description": "Puntilla Enharinada congelada 300 Gr",
        "image": "https:\/\/cdn-consum.aktiosdigitalservices.com\/tol\/consum\/media\/product\/img\/300x300\/7204964.jpg?t=20241217081040"
    },
    {
        "id": 7267,
        "name": "Pila Alcalina MINI A23 Pack de 1 unidad ENERGIZER",
        "price": 1.99,
        "price_kilo": 1.99,
        "slug": "pila-alcalina-mini-a23-pack-de-1-unidad",
        "description": "Pila Alcalina MINI A23 Pack de 1 unidad 1 U",
        "image": "https:\/\/cdn-consum.aktiosdigitalservices.com\/tol\/consum\/media\/product\/img\/300x300\/7205565.jpg?t=20241217081040"
    },
    {
        "id": 7276,
        "name": "Caf\u00e9 Descafeinado Mezcla MARCILLA",
        "price": 4.29,
        "price_kilo": 21.45,
        "slug": "cafe-descafeinado-mezcla",
        "description": "Caf\u00e9 Descafeinado Mezcla 200 Gr",
        "image": "https:\/\/cdn-consum.aktiosdigitalservices.com\/tol\/consum\/media\/product\/img\/300x300\/7207038.jpg?t=20250311105148"
    },
    {
        "id": 7277,
        "name": "Caf\u00e9 Descafeinado Natural MARCILLA",
        "price": 4.29,
        "price_kilo": 21.45,
        "slug": "cafe-descafeinado-natural",
        "description": "Caf\u00e9 Descafeinado Natural 200 Gr",
        "image": "https:\/\/cdn-consum.aktiosdigitalservices.com\/tol\/consum\/media\/product\/img\/300x300\/7207046.jpg?t=20250311105151"
    },
    {
        "id": 7278,
        "name": "Cereales Lion Caramelo y Chocolate NESTLE",
        "price": 3.99,
        "price_kilo": 9.98,
        "slug": "cereales-lion-caramelo-y-chocolate",
        "description": "Cereales Lion Caramelo y Chocolate 400 Gr",
        "image": "https:\/\/cdn-consum.aktiosdigitalservices.com\/tol\/consum\/media\/product\/img\/300x300\/7207074.jpg?t=20250313080252"
    },
    {
        "id": 7280,
        "name": "Pizza Jam\u00f3n y Queso & Salsa CAMPOFR\u00cdO",
        "price": 2.89,
        "price_kilo": 8.03,
        "slug": "pizza-jamon-y-queso-salsa",
        "description": "Pizza Jam\u00f3n y Queso & Salsa 360 Gr",
        "image": "https:\/\/cdn-consum.aktiosdigitalservices.com\/tol\/consum\/media\/product\/img\/300x300\/7207343.jpg?t=20250204080522"
    },
    {
        "id": 7281,
        "name": "Mozzarella GALBANI",
        "price": 1.49,
        "price_kilo": 14.9,
        "slug": "mozzarella",
        "description": "Mozzarella 100 Gr",
        "image": "https:\/\/cdn-consum.aktiosdigitalservices.com\/tol\/consum\/media\/product\/img\/300x300\/7207371.jpg?t=20250211080000"
    },
    {
        "id": 7285,
        "name": "Snacks para Gatos Catisfaction sabor Salm\u00f3n MARS",
        "price": 1.99,
        "price_kilo": 33.17,
        "slug": "snacks-para-gatos-catisfaction-sabor-salmon",
        "description": "Snacks para Gatos Catisfaction sabor Salm\u00f3n 60 Gr",
        "image": "https:\/\/cdn-consum.aktiosdigitalservices.com\/tol\/consum\/media\/product\/img\/300x300\/7207579.jpg?t=20250207075946"
    },
    {
        "id": 7290,
        "name": "Limpiador Gel WC Oce\u00e1nico CONSUM",
        "price": 1.15,
        "price_kilo": 1.15,
        "slug": "limpiador-gel-wc-oceanico",
        "description": "Limpiador Gel WC Oce\u00e1nico 1 L",
        "image": "https:\/\/cdn-consum.aktiosdigitalservices.com\/tol\/consum\/media\/product\/img\/300x300\/7208155.jpg?t=20241217081042"
    },
    {
        "id": 7295,
        "name": "Sobrasada Mallorca Loncheada EL ZAGAL",
        "price": 1.25,
        "price_kilo": 19.23,
        "slug": "sobrasada-mallorca-loncheada",
        "description": "Sobrasada Mallorca Loncheada 65 Gr",
        "image": "https:\/\/cdn-consum.aktiosdigitalservices.com\/tol\/consum\/media\/product\/img\/300x300\/7208502.jpg?t=20250227091438"
    },
    {
        "id": 7296,
        "name": "Fiambre Pechuga Pollo B\/G Lonchas CAMPOFR\u00cdO",
        "price": 1,
        "price_kilo": 12.5,
        "slug": "fiambre-pechuga-pollo-b-g-lonchas",
        "description": "Fiambre Pechuga Pollo B\/G Lonchas 80 Gr",
        "image": "https:\/\/cdn-consum.aktiosdigitalservices.com\/tol\/consum\/media\/product\/img\/300x300\/7208523.jpg?t=20241217081042"
    },
    {
        "id": 7301,
        "name": "Mousse de Chocolate Nestl\u00e9 Gold NESTLE",
        "price": 2.49,
        "price_kilo": 10.92,
        "slug": "mousse-de-chocolate-nestle-gold",
        "description": "Mousse de Chocolate Nestl\u00e9 Gold 4 x 57 Gr",
        "image": "https:\/\/cdn-consum.aktiosdigitalservices.com\/tol\/consum\/media\/product\/img\/300x300\/7208697.jpg?t=20250227091440"
    },
    {
        "id": 7304,
        "name": "Leche sin Lactosa Desnatada Brik CONSUM",
        "price": 0.9,
        "price_kilo": 0.9,
        "slug": "leche-sin-lactosa-desnatada-brik",
        "description": "Leche sin Lactosa Desnatada Brik 1 L",
        "image": "https:\/\/cdn-consum.aktiosdigitalservices.com\/tol\/consum\/media\/product\/img\/300x300\/7208874.jpg?t=20250311105200"
    },
    {
        "id": 7305,
        "name": "Tomate con Pimiento Verde Lata HIDA",
        "price": 1.35,
        "price_kilo": 3.38,
        "slug": "tomate-con-pimiento-verde-lata",
        "description": "Tomate con Pimiento Verde Lata 400 Gr",
        "image": "https:\/\/cdn-consum.aktiosdigitalservices.com\/tol\/consum\/media\/product\/img\/300x300\/7209302.jpg?t=20241217081042"
    },
    {
        "id": 7306,
        "name": "Bayeta Posavajillas Antibacterias Decorada CONSUM",
        "price": 1.35,
        "price_kilo": 1.35,
        "slug": "bayeta-posavajillas-antibacterias-decorada",
        "description": "Bayeta Posavajillas Antibacterias Decorada 1 U",
        "image": "https:\/\/cdn-consum.aktiosdigitalservices.com\/tol\/consum\/media\/product\/img\/300x300\/7209377.jpg?t=20241217081042"
    },
    {
        "id": 7310,
        "name": "Estropajos Acero Inox CONSUM",
        "price": 0.75,
        "price_kilo": 0.25,
        "slug": "estropajos-acero-inox",
        "description": "Estropajos Acero Inox 3 U",
        "image": "https:\/\/cdn-consum.aktiosdigitalservices.com\/tol\/consum\/media\/product\/img\/300x300\/7209901.jpg?t=20241217081042"
    },
    {
        "id": 7311,
        "name": "Bebida de Pi\u00f1a Sin Az\u00facares A\u00f1adidos CONSUM",
        "price": 1,
        "price_kilo": 1,
        "slug": "bebida-de-pina-sin-azucares-anadidos",
        "description": "Bebida de Pi\u00f1a Sin Az\u00facares A\u00f1adidos 1 L",
        "image": "https:\/\/cdn-consum.aktiosdigitalservices.com\/tol\/consum\/media\/product\/img\/300x300\/7209922.jpg?t=20250205080145"
    },
    {
        "id": 7312,
        "name": "Bebida de Naranja Sin Az\u00facares A\u00f1adidos CONSUM",
        "price": 1.05,
        "price_kilo": 1.05,
        "slug": "bebida-de-naranja-sin-azucares-anadidos",
        "description": "Bebida de Naranja Sin Az\u00facares A\u00f1adidos 1 L",
        "image": "https:\/\/cdn-consum.aktiosdigitalservices.com\/tol\/consum\/media\/product\/img\/300x300\/7209927.jpg?t=20250311105201"
    },
    {
        "id": 7314,
        "name": "Bebida Mango Manzana Sin Az\u00facares A\u00f1adidos CONSUM",
        "price": 1.1,
        "price_kilo": 1.1,
        "slug": "bebida-mango-manzana-sin-azucares-anadidos",
        "description": "Bebida Mango Manzana Sin Az\u00facares A\u00f1adidos 1 L",
        "image": "https:\/\/cdn-consum.aktiosdigitalservices.com\/tol\/consum\/media\/product\/img\/300x300\/7209943.jpg?t=20241217081042"
    },
    {
        "id": 7316,
        "name": "Bebida Frutos Rojos Sin Az\u00facares A\u00f1adidos CONSUM",
        "price": 1.49,
        "price_kilo": 1.49,
        "slug": "bebida-frutos-rojos-sin-azucares-anadidos",
        "description": "Bebida Frutos Rojos Sin Az\u00facares A\u00f1adidos 1 L",
        "image": "https:\/\/cdn-consum.aktiosdigitalservices.com\/tol\/consum\/media\/product\/img\/300x300\/7209950.jpg?t=20250115080105"
    },
    {
        "id": 7317,
        "name": "Zumo Exprimido Naranja Sin pulpa - Brik CONSUM",
        "price": 1.75,
        "price_kilo": 1.75,
        "slug": "zumo-exprimido-naranja-sin-pulpa---brik",
        "description": "Zumo Exprimido Naranja Sin pulpa - Brik 1 L",
        "image": "https:\/\/cdn-consum.aktiosdigitalservices.com\/tol\/consum\/media\/product\/img\/300x300\/7209984.jpg?t=20241217081042"
    },
    {
        "id": 7319,
        "name": "Compresa Incontinencia Normal Discreet INDASEC",
        "price": 5.99,
        "price_kilo": 0.25,
        "slug": "compresa-incontinencia-normal-discreet",
        "description": "Compresa Incontinencia Normal Discreet 24 U",
        "image": "https:\/\/cdn-consum.aktiosdigitalservices.com\/tol\/consum\/media\/product\/img\/300x300\/7210086.jpg?t=20250314121449"
    },
    {
        "id": 7320,
        "name": "Compresa Incontinencia Extra Discreet INDASEC",
        "price": 5.99,
        "price_kilo": 0.3,
        "slug": "compresa-incontinencia-extra-discreet",
        "description": "Compresa Incontinencia Extra Discreet 20 U",
        "image": "https:\/\/cdn-consum.aktiosdigitalservices.com\/tol\/consum\/media\/product\/img\/300x300\/7210094.jpg?t=20250314121451"
    },
    {
        "id": 7328,
        "name": "Pechuga de Pavo Bonnatur ARGAL",
        "price": 2.49,
        "price_kilo": 21.65,
        "slug": "pechuga-de-pavo-bonnatur",
        "description": "Pechuga de Pavo Bonnatur 115 Gr",
        "image": "https:\/\/cdn-consum.aktiosdigitalservices.com\/tol\/consum\/media\/product\/img\/300x300\/7210750.jpg?t=20250227091451"
    },
    {
        "id": 7331,
        "name": "Loci\u00f3n Corporal en Gel Aloe Vera KYREY",
        "price": 3.65,
        "price_kilo": 0.96,
        "slug": "locion-corporal-en-gel-aloe-vera",
        "description": "Loci\u00f3n Corporal en Gel Aloe Vera 380 ml",
        "image": "https:\/\/cdn-consum.aktiosdigitalservices.com\/tol\/consum\/media\/product\/img\/300x300\/7210784.jpg?t=20241217081043"
    },
    {
        "id": 7336,
        "name": "Fresh Cream Nata Fresca PRESIDENT",
        "price": 2.7,
        "price_kilo": 13.5,
        "slug": "fresh-cream-nata-fresca",
        "description": "Fresh Cream Nata Fresca 200 Gr",
        "image": "https:\/\/cdn-consum.aktiosdigitalservices.com\/tol\/consum\/media\/product\/img\/300x300\/7210909.jpg?t=20250206092041"
    },
    {
        "id": 7337,
        "name": "Magdalenas Estilo Casero DULCESOL",
        "price": 2.69,
        "price_kilo": 8.97,
        "slug": "magdalenas-estilo-casero",
        "description": "Magdalenas Estilo Casero 300 Gr",
        "image": "https:\/\/cdn-consum.aktiosdigitalservices.com\/tol\/consum\/media\/product\/img\/300x300\/7210917.jpg?t=20250311105203"
    },
    {
        "id": 7341,
        "name": "Snacks Perros Funtastix FRISKIES",
        "price": 2.35,
        "price_kilo": 13.43,
        "slug": "snacks-perros-funtastix",
        "description": "Snacks Perros Funtastix 175 Gr",
        "image": "https:\/\/cdn-consum.aktiosdigitalservices.com\/tol\/consum\/media\/product\/img\/300x300\/7211068.jpg?t=20250227091457"
    },
    {
        "id": 7356,
        "name": "Muslitos de Mar para Cocinar en Horno congelados PESCANOVA",
        "price": 2.65,
        "price_kilo": 10.6,
        "slug": "muslitos-de-mar-para-cocinar-en-horno-congelados",
        "description": "Muslitos de Mar para Cocinar en Horno congelados 250 Gr",
        "image": "https:\/\/cdn-consum.aktiosdigitalservices.com\/tol\/consum\/media\/product\/img\/300x300\/7211923.jpg?t=20250301075826"
    },
    {
        "id": 7359,
        "name": "Champ\u00fa Cabellos Blancos NELLY",
        "price": 2.29,
        "price_kilo": 0.92,
        "slug": "champu-cabellos-blancos",
        "description": "Champ\u00fa Cabellos Blancos 250 ml",
        "image": "https:\/\/cdn-consum.aktiosdigitalservices.com\/tol\/consum\/media\/product\/img\/300x300\/7212066.jpg?t=20241217081043"
    },
    {
        "id": 7364,
        "name": "Vino Blanco Verdejo D.O.Rueda PATA NEGRA",
        "price": 4.99,
        "price_kilo": 6.65,
        "slug": "vino-blanco-verdejo-dorueda",
        "description": "Vino Blanco Verdejo D.O.Rueda 0,75 L",
        "image": "https:\/\/cdn-consum.aktiosdigitalservices.com\/tol\/consum\/media\/product\/img\/300x300\/7212327.jpg?t=20250311124417"
    },
    {
        "id": 7365,
        "name": "Galleta Rellena Chocolate Pr\u00edncipe LU",
        "price": 2.3,
        "price_kilo": 7.67,
        "slug": "galleta-rellena-chocolate-principe",
        "description": "Galleta Rellena Chocolate Pr\u00edncipe 300 Gr",
        "image": "https:\/\/cdn-consum.aktiosdigitalservices.com\/tol\/consum\/media\/product\/img\/300x300\/7212335.jpg?t=20250311105208"
    },
    {
        "id": 7368,
        "name": "Spaghetti Pasta Fina Paquete GALLO",
        "price": 1.41,
        "price_kilo": 3.53,
        "slug": "spaghetti-pasta-fina-paquete",
        "description": "Spaghetti Pasta Fina Paquete 400 Gr",
        "image": "https:\/\/cdn-consum.aktiosdigitalservices.com\/tol\/consum\/media\/product\/img\/300x300\/7212483.jpg?t=20250319075843"
    },
    {
        "id": 7382,
        "name": "Jam\u00f3n Cocido Delizias NOEL",
        "price": 2.35,
        "price_kilo": 19.58,
        "slug": "jamon-cocido-delizias",
        "description": "Jam\u00f3n Cocido Delizias 120 Gr",
        "image": "https:\/\/cdn-consum.aktiosdigitalservices.com\/tol\/consum\/media\/product\/img\/300x300\/7213304.jpg?t=20250206092109"
    },
    {
        "id": 7383,
        "name": "Refresco Cola Cero Lata CONSUM",
        "price": 0.33,
        "price_kilo": 1,
        "slug": "refresco-cola-cero-lata",
        "description": "Refresco Cola Cero Lata 0,33 L",
        "image": "https:\/\/cdn-consum.aktiosdigitalservices.com\/tol\/consum\/media\/product\/img\/300x300\/7213312.jpg?t=20250311164555"
    },
    {
        "id": 7384,
        "name": "Cola Cero sin Cafe\u00edna Lata CONSUM",
        "price": 0.33,
        "price_kilo": 1,
        "slug": "cola-cero-sin-cafeina-lata",
        "description": "Cola Cero sin Cafe\u00edna Lata 0,33 L",
        "image": "https:\/\/cdn-consum.aktiosdigitalservices.com\/tol\/consum\/media\/product\/img\/300x300\/7213320.jpg?t=20241217081044"
    },
    {
        "id": 7385,
        "name": "Refresco Bitter Lata CONSUM",
        "price": 0.49,
        "price_kilo": 1.96,
        "slug": "refresco-bitter-lata",
        "description": "Refresco Bitter Lata 0,25 L",
        "image": "https:\/\/cdn-consum.aktiosdigitalservices.com\/tol\/consum\/media\/product\/img\/300x300\/7213325.jpg?t=20241217081044"
    },
    {
        "id": 7394,
        "name": "Harina de Reposter\u00eda Paquete GALLO",
        "price": 1.42,
        "price_kilo": 1.42,
        "slug": "harina-de-reposteria-paquete",
        "description": "Harina de Reposter\u00eda Paquete 1 Kg",
        "image": "https:\/\/cdn-consum.aktiosdigitalservices.com\/tol\/consum\/media\/product\/img\/300x300\/7213650.jpg?t=20250227091521"
    },
    {
        "id": 7398,
        "name": "Activia 0% Cremoso Frutas Silvestres Pack 4 DANONE",
        "price": 2.39,
        "price_kilo": 5.2,
        "slug": "activia-0-cremoso-frutas-silvestres-pack-4",
        "description": "Activia 0% Cremoso Frutas Silvestres Pack 4 4 x 120 Gr",
        "image": "https:\/\/cdn-consum.aktiosdigitalservices.com\/tol\/consum\/media\/product\/img\/300x300\/7213721.jpg?t=20250304110507"
    },
    {
        "id": 7401,
        "name": "Activia Cremoso Sabor Lima Lim\u00f3n DANONE",
        "price": 2.39,
        "price_kilo": 5.2,
        "slug": "activia-cremoso-sabor-lima-limon",
        "description": "Activia Cremoso Sabor Lima Lim\u00f3n 4 x 115 Gr",
        "image": "https:\/\/cdn-consum.aktiosdigitalservices.com\/tol\/consum\/media\/product\/img\/300x300\/7213742.jpg?t=20250304110512"
    },
    {
        "id": 7407,
        "name": "Mascarpone GALBANI",
        "price": 3.76,
        "price_kilo": 15.04,
        "slug": "mascarpone",
        "description": "Mascarpone 250 Gr",
        "image": "https:\/\/cdn-consum.aktiosdigitalservices.com\/tol\/consum\/media\/product\/img\/300x300\/7213866.jpg?t=20250206092118"
    },
    {
        "id": 7415,
        "name": "Refresco de Lima-Lim\u00f3n Lata SPRITE",
        "price": 0.55,
        "price_kilo": 1.67,
        "slug": "refresco-de-lima-limon-lata",
        "description": "Refresco de Lima-Lim\u00f3n Lata 0,33 L",
        "image": "https:\/\/cdn-consum.aktiosdigitalservices.com\/tol\/consum\/media\/product\/img\/300x300\/7214138.jpg?t=20250227091533"
    },
    {
        "id": 7419,
        "name": "Filetes de Melva Aceite de Oliva PESASUR",
        "price": 4.19,
        "price_kilo": 52.38,
        "slug": "filetes-de-melva-aceite-de-oliva",
        "description": "Filetes de Melva Aceite de Oliva 80 Gr",
        "image": "https:\/\/cdn-consum.aktiosdigitalservices.com\/tol\/consum\/media\/product\/img\/300x300\/7214427.jpg?t=20250227091537"
    },
    {
        "id": 7421,
        "name": "Vino Tinto Reserva D.O.Valencia MURVIEDRO",
        "price": 4.39,
        "price_kilo": 5.85,
        "slug": "vino-tinto-reserva-dovalencia",
        "description": "Vino Tinto Reserva D.O.Valencia 0,75 L",
        "image": "https:\/\/cdn-consum.aktiosdigitalservices.com\/tol\/consum\/media\/product\/img\/300x300\/7214620.jpg?t=20250225075941"
    },
    {
        "id": 7425,
        "name": "Philadelphia Natural Tarrina PHILADELPHIA",
        "price": 3.25,
        "price_kilo": 9.28,
        "slug": "philadelphia-natural-tarrina",
        "description": "Philadelphia Natural Tarrina 350 Gr",
        "image": "https:\/\/cdn-consum.aktiosdigitalservices.com\/tol\/consum\/media\/product\/img\/300x300\/7214757.jpg?t=20250312160249"
    },
    {
        "id": 7426,
        "name": "Enjuague Bucal Dientes y Enc\u00edas Sens. KYREY",
        "price": 1.9,
        "price_kilo": 0.38,
        "slug": "enjuague-bucal-dientes-y-encias-sens",
        "description": "Enjuague Bucal Dientes y Enc\u00edas Sens. 500 ml",
        "image": "https:\/\/cdn-consum.aktiosdigitalservices.com\/tol\/consum\/media\/product\/img\/300x300\/7214989.jpg?t=20241217081044"
    },
    {
        "id": 7427,
        "name": "Seta Shiitake Bandeja ",
        "price": 2.09,
        "price_kilo": 13.93,
        "slug": "seta-shiitake-bandeja",
        "description": "Seta Shiitake Bandeja 150 Gr",
        "image": "https:\/\/cdn-consum.aktiosdigitalservices.com\/tol\/consum\/media\/product\/img\/300x300\/7215002.jpg?t=20250319080110"
    },
    {
        "id": 7430,
        "name": "Agua Micelar GARNIER",
        "price": 4.99,
        "price_kilo": 1.25,
        "slug": "agua-micelar",
        "description": "Agua Micelar 400 ml",
        "image": "https:\/\/cdn-consum.aktiosdigitalservices.com\/tol\/consum\/media\/product\/img\/300x300\/7215143.jpg?t=20250214075825"
    },
    {
        "id": 7435,
        "name": "Protector T\u00e9rmico NELLY",
        "price": 2.99,
        "price_kilo": 1.5,
        "slug": "protector-termico",
        "description": "Protector T\u00e9rmico 200 ml",
        "image": "https:\/\/cdn-consum.aktiosdigitalservices.com\/tol\/consum\/media\/product\/img\/300x300\/7215358.jpg?t=20241217081045"
    },
    {
        "id": 7437,
        "name": "Tomate Frito Brik SOLIS",
        "price": 0.89,
        "price_kilo": 2.54,
        "slug": "tomate-frito-brik",
        "description": "Tomate Frito Brik 350 Gr",
        "image": "https:\/\/cdn-consum.aktiosdigitalservices.com\/tol\/consum\/media\/product\/img\/300x300\/7215416.jpg?t=20241217081045"
    },
    {
        "id": 7439,
        "name": "Compresa Normal Alas F&S EVAX",
        "price": 1.49,
        "price_kilo": 0.12,
        "slug": "compresa-normal-alas-fs",
        "description": "Compresa Normal Alas F&S 12 U",
        "image": "https:\/\/cdn-consum.aktiosdigitalservices.com\/tol\/consum\/media\/product\/img\/300x300\/7215499.jpg?t=20241217081045"
    },
    {
        "id": 7450,
        "name": "R\u00facula Bolsa CONSUM",
        "price": 0.83,
        "price_kilo": 16.6,
        "slug": "rucula-bolsa",
        "description": "R\u00facula Bolsa 50 Gr",
        "image": "https:\/\/cdn-consum.aktiosdigitalservices.com\/tol\/consum\/media\/product\/img\/300x300\/7216125.jpg?t=20250121080236"
    },
    {
        "id": 7456,
        "name": "T\u00e9 Chai 20 Bolsitas HORNIMANS",
        "price": 2.99,
        "price_kilo": 0.15,
        "slug": "te-chai-20-bolsitas",
        "description": "T\u00e9 Chai 20 Bolsitas 20 U",
        "image": "https:\/\/cdn-consum.aktiosdigitalservices.com\/tol\/consum\/media\/product\/img\/300x300\/7216455.jpg?t=20250311105232"
    },
    {
        "id": 7457,
        "name": "Chocolate con Chips Ahoy MILKA",
        "price": 1.99,
        "price_kilo": 19.9,
        "slug": "chocolate-con-chips-ahoy",
        "description": "Chocolate con Chips Ahoy 100 Gr",
        "image": "https:\/\/cdn-consum.aktiosdigitalservices.com\/tol\/consum\/media\/product\/img\/300x300\/7216489.jpg?t=20250312160256"
    },
    {
        "id": 7460,
        "name": "Cuajada de Oveja GOSHUA",
        "price": 1.65,
        "price_kilo": 11.79,
        "slug": "cuajada-de-oveja",
        "description": "Cuajada de Oveja 140 Gr",
        "image": "https:\/\/cdn-consum.aktiosdigitalservices.com\/tol\/consum\/media\/product\/img\/300x300\/7216539.jpg?t=20250227091603"
    },
    {
        "id": 7463,
        "name": "Higi\u00e9nico Doble Capa Compacto CONSUM",
        "price": 2.4,
        "price_kilo": 0.4,
        "slug": "higienico-doble-capa-compacto",
        "description": "Higi\u00e9nico Doble Capa Compacto 6 U",
        "image": "https:\/\/cdn-consum.aktiosdigitalservices.com\/tol\/consum\/media\/product\/img\/300x300\/7216661.jpg?t=20241217081045"
    },
    {
        "id": 7464,
        "name": "Higi\u00e9nico Doble Capa Compacto CONSUM",
        "price": 4.7,
        "price_kilo": 0.39,
        "slug": "higienico-doble-capa-compacto",
        "description": "Higi\u00e9nico Doble Capa Compacto 12 U",
        "image": "https:\/\/cdn-consum.aktiosdigitalservices.com\/tol\/consum\/media\/product\/img\/300x300\/7216666.jpg?t=20241217081045"
    },
    {
        "id": 7468,
        "name": "Bolsas Reutilizables Multiusos Zip Peque\u00f1a CONSUM",
        "price": 1.4,
        "price_kilo": 0.07,
        "slug": "bolsas-reutilizables-multiusos-zip-pequena",
        "description": "Bolsas Reutilizables Multiusos Zip Peque\u00f1a 20 U",
        "image": "https:\/\/cdn-consum.aktiosdigitalservices.com\/tol\/consum\/media\/product\/img\/300x300\/7216794.jpg?t=20241217081045"
    },
    {
        "id": 7476,
        "name": "Vino Tinto Joven D.O.Mancha CARLADES",
        "price": 1.3,
        "price_kilo": 1.73,
        "slug": "vino-tinto-joven-domancha",
        "description": "Vino Tinto Joven D.O.Mancha 0,75 L",
        "image": "https:\/\/cdn-consum.aktiosdigitalservices.com\/tol\/consum\/media\/product\/img\/300x300\/7217123.jpg?t=20250129075904"
    },
    {
        "id": 7481,
        "name": "Desodorante Stick Barra Dermo Protector SANEX",
        "price": 3.39,
        "price_kilo": 5.22,
        "slug": "desodorante-stick-barra-dermo-protector",
        "description": "Desodorante Stick Barra Dermo Protector 65 ml",
        "image": "https:\/\/cdn-consum.aktiosdigitalservices.com\/tol\/consum\/media\/product\/img\/300x300\/7217490.jpg?t=20250227091632"
    },
    {
        "id": 7487,
        "name": "Pizza congelada Ristorante Spinaci RISTORANTE",
        "price": 3.89,
        "price_kilo": 9.97,
        "slug": "pizza-congelada-ristorante-spinaci",
        "description": "Pizza congelada Ristorante Spinaci 390 Gr",
        "image": "https:\/\/cdn-consum.aktiosdigitalservices.com\/tol\/consum\/media\/product\/img\/300x300\/7217656.jpg?t=20250227091636"
    },
    {
        "id": 7488,
        "name": "Pizza congelada Ristorante Barbacoa RISTORANTE",
        "price": 3.89,
        "price_kilo": 11.44,
        "slug": "pizza-congelada-ristorante-barbacoa",
        "description": "Pizza congelada Ristorante Barbacoa 340 Gr",
        "image": "https:\/\/cdn-consum.aktiosdigitalservices.com\/tol\/consum\/media\/product\/img\/300x300\/7217669.jpg?t=20250227091639"
    },
    {
        "id": 7489,
        "name": "Tinte Rubio Medio Tofee PALETTE",
        "price": 4.79,
        "price_kilo": 4.79,
        "slug": "tinte-rubio-medio-tofee",
        "description": "Tinte Rubio Medio Tofee 1 U",
        "image": "https:\/\/cdn-consum.aktiosdigitalservices.com\/tol\/consum\/media\/product\/img\/300x300\/7217763.jpg?t=20250312160259"
    },
    {
        "id": 7492,
        "name": "Servilletas 2 Capas Decoradas 33x32 CONSUM",
        "price": 2.2,
        "price_kilo": 0.02,
        "slug": "servilletas-2-capas-decoradas-33x32",
        "description": "Servilletas 2 Capas Decoradas 33x32 100 U",
        "image": "https:\/\/cdn-consum.aktiosdigitalservices.com\/tol\/consum\/media\/product\/img\/300x300\/7217920.jpg?t=20241217081046"
    },
    {
        "id": 7498,
        "name": "Cerveza Radler Lim\u00f3n Lata AMSTEL",
        "price": 0.79,
        "price_kilo": 2.39,
        "slug": "cerveza-radler-limon-lata",
        "description": "Cerveza Radler Lim\u00f3n Lata 0,33 L",
        "image": "https:\/\/cdn-consum.aktiosdigitalservices.com\/tol\/consum\/media\/product\/img\/300x300\/7218758.jpg?t=20250320075932"
    },
    {
        "id": 7501,
        "name": "Bebida de Avena Brik VIVESOY",
        "price": 1.99,
        "price_kilo": 1.99,
        "slug": "bebida-de-avena-brik",
        "description": "Bebida de Avena Brik 1 L",
        "image": "https:\/\/cdn-consum.aktiosdigitalservices.com\/tol\/consum\/media\/product\/img\/300x300\/7219264.jpg?t=20250313080307"
    },
    {
        "id": 7503,
        "name": "Enjuague Bucal Plax Multiprotecci\u00f3n COLGATE",
        "price": 5.25,
        "price_kilo": 1.05,
        "slug": "enjuague-bucal-plax-multiproteccion",
        "description": "Enjuague Bucal Plax Multiprotecci\u00f3n 500 ml",
        "image": "https:\/\/cdn-consum.aktiosdigitalservices.com\/tol\/consum\/media\/product\/img\/300x300\/7219447.jpg?t=20250227091652"
    },
    {
        "id": 7505,
        "name": "Alcachofa Baby congelada CONSUM",
        "price": 3,
        "price_kilo": 10,
        "slug": "alcachofa-baby-congelada",
        "description": "Alcachofa Baby congelada 300 Gr",
        "image": "https:\/\/cdn-consum.aktiosdigitalservices.com\/tol\/consum\/media\/product\/img\/300x300\/7219475.jpg?t=20250311164556"
    },
    {
        "id": 7506,
        "name": "Br\u00f3coli congelado CONSUM",
        "price": 2.03,
        "price_kilo": 2.26,
        "slug": "brocoli-congelado",
        "description": "Br\u00f3coli congelado 900 Gr",
        "image": "https:\/\/cdn-consum.aktiosdigitalservices.com\/tol\/consum\/media\/product\/img\/300x300\/7219483.jpg?t=20250103081106"
    },
    {
        "id": 7507,
        "name": "Habas Finas congeladas CONSUM",
        "price": 1.21,
        "price_kilo": 3.03,
        "slug": "habas-finas-congeladas",
        "description": "Habas Finas congeladas 400 Gr",
        "image": "https:\/\/cdn-consum.aktiosdigitalservices.com\/tol\/consum\/media\/product\/img\/300x300\/7219488.jpg?t=20250103081109"
    },
    {
        "id": 7508,
        "name": "Cebolla Troceada congelada CONSUM",
        "price": 1.02,
        "price_kilo": 2.55,
        "slug": "cebolla-troceada-congelada",
        "description": "Cebolla Troceada congelada 400 Gr",
        "image": "https:\/\/cdn-consum.aktiosdigitalservices.com\/tol\/consum\/media\/product\/img\/300x300\/7219491.jpg?t=20250103081112"
    },
    {
        "id": 7510,
        "name": "Alcachofa Troceada congelada CONSUM",
        "price": 2.65,
        "price_kilo": 6.63,
        "slug": "alcachofa-troceada-congelada",
        "description": "Alcachofa Troceada congelada 400 Gr",
        "image": "https:\/\/cdn-consum.aktiosdigitalservices.com\/tol\/consum\/media\/product\/img\/300x300\/7219504.jpg?t=20250207075957"
    },
    {
        "id": 7512,
        "name": "Guisantes Finos congelados CONSUM",
        "price": 1.78,
        "price_kilo": 1.78,
        "slug": "guisantes-finos-congelados",
        "description": "Guisantes Finos congelados 1 Kg",
        "image": "https:\/\/cdn-consum.aktiosdigitalservices.com\/tol\/consum\/media\/product\/img\/300x300\/7219512.jpg?t=20250103081117"
    },
    {
        "id": 7516,
        "name": "Garbanzos congelados CONSUM",
        "price": 1.22,
        "price_kilo": 3.05,
        "slug": "garbanzos-congelados",
        "description": "Garbanzos congelados 400 Gr",
        "image": "https:\/\/cdn-consum.aktiosdigitalservices.com\/tol\/consum\/media\/product\/img\/300x300\/7219566.jpg?t=20250103081120"
    },
    {
        "id": 7517,
        "name": "Aceite de Oliva Intenso CARBONELL",
        "price": 5.49,
        "price_kilo": 5.49,
        "slug": "aceite-de-oliva-intenso",
        "description": "Aceite de Oliva Intenso 1 L",
        "image": "https:\/\/cdn-consum.aktiosdigitalservices.com\/tol\/consum\/media\/product\/img\/300x300\/7219686.jpg?t=20250313080309"
    },
    {
        "id": 7519,
        "name": "Bayeta Microfibra Style VILEDA",
        "price": 2.79,
        "price_kilo": 1.4,
        "slug": "bayeta-microfibra-style",
        "description": "Bayeta Microfibra Style 2 U",
        "image": "https:\/\/cdn-consum.aktiosdigitalservices.com\/tol\/consum\/media\/product\/img\/300x300\/7219707.jpg?t=20241217081046"
    },
    {
        "id": 7523,
        "name": "Barbacoa Desechable BBQ\/FOC D\u00b4OR",
        "price": 5.79,
        "price_kilo": 5.79,
        "slug": "barbacoa-desechable",
        "description": "Barbacoa Desechable 1 U",
        "image": "https:\/\/cdn-consum.aktiosdigitalservices.com\/tol\/consum\/media\/product\/img\/300x300\/7219822.jpg?t=20250311164556"
    },
    {
        "id": 7526,
        "name": "Mayonesa Ajonesa Bote CHOVI",
        "price": 2.69,
        "price_kilo": 6.73,
        "slug": "mayonesa-ajonesa-bote",
        "description": "Mayonesa Ajonesa Bote 400 ml",
        "image": "https:\/\/cdn-consum.aktiosdigitalservices.com\/tol\/consum\/media\/product\/img\/300x300\/7219884.jpg?t=20250227091701"
    },
    {
        "id": 7528,
        "name": "Nata L\u00edquida Cocinar Brik CONSUM",
        "price": 1.45,
        "price_kilo": 2.9,
        "slug": "nata-liquida-cocinar-brik",
        "description": "Nata L\u00edquida Cocinar Brik 500 ml",
        "image": "https:\/\/cdn-consum.aktiosdigitalservices.com\/tol\/consum\/media\/product\/img\/300x300\/7219954.jpg?t=20250311105250"
    },
    {
        "id": 7535,
        "name": "Ensalada Pasta y R\u00facula Completa FLORETTE",
        "price": 3.35,
        "price_kilo": 10.31,
        "slug": "ensalada-pasta-y-rucula-completa",
        "description": "Ensalada Pasta y R\u00facula Completa 325 Gr",
        "image": "https:\/\/cdn-consum.aktiosdigitalservices.com\/tol\/consum\/media\/product\/img\/300x300\/7220221.jpg?t=20250311105252"
    },
    {
        "id": 7537,
        "name": "Tomate Frito Artesanal Frasco LAS CORONAS",
        "price": 1.85,
        "price_kilo": 6.17,
        "slug": "tomate-frito-artesanal-frasco",
        "description": "Tomate Frito Artesanal Frasco 300 Gr",
        "image": "https:\/\/cdn-consum.aktiosdigitalservices.com\/tol\/consum\/media\/product\/img\/300x300\/7220515.jpg?t=20250320075933"
    },
    {
        "id": 7538,
        "name": "Jud\u00edas Plana Troceada congeladas CONSUM",
        "price": 1.62,
        "price_kilo": 1.62,
        "slug": "judias-plana-troceada-congeladas",
        "description": "Jud\u00edas Plana Troceada congeladas 1 Kg",
        "image": "https:\/\/cdn-consum.aktiosdigitalservices.com\/tol\/consum\/media\/product\/img\/300x300\/7220643.jpg?t=20250103081124"
    },
    {
        "id": 7539,
        "name": "Jud\u00eda Fina Troceada congelada CONSUM",
        "price": 1.62,
        "price_kilo": 1.62,
        "slug": "judia-fina-troceada-congelada",
        "description": "Jud\u00eda Fina Troceada congelada 1 Kg",
        "image": "https:\/\/cdn-consum.aktiosdigitalservices.com\/tol\/consum\/media\/product\/img\/300x300\/7220648.jpg?t=20250110080020"
    },
    {
        "id": 7540,
        "name": "Espinacas Cortadas congeladas CONSUM",
        "price": 1.05,
        "price_kilo": 2.63,
        "slug": "espinacas-cortadas-congeladas",
        "description": "Espinacas Cortadas congeladas 400 Gr",
        "image": "https:\/\/cdn-consum.aktiosdigitalservices.com\/tol\/consum\/media\/product\/img\/300x300\/7220650.jpg?t=20250101081214"
    },
    {
        "id": 7541,
        "name": "Ensaladilla congelada CONSUM",
        "price": 1.38,
        "price_kilo": 1.38,
        "slug": "ensaladilla-congelada",
        "description": "Ensaladilla congelada 1 Kg",
        "image": "https:\/\/cdn-consum.aktiosdigitalservices.com\/tol\/consum\/media\/product\/img\/300x300\/7220655.jpg?t=20250103081129"
    },
    {
        "id": 7542,
        "name": "Menestra con Esp\u00e1rrago congelada CONSUM",
        "price": 1.43,
        "price_kilo": 2.38,
        "slug": "menestra-con-esparrago-congelada",
        "description": "Menestra con Esp\u00e1rrago congelada 600 Gr",
        "image": "https:\/\/cdn-consum.aktiosdigitalservices.com\/tol\/consum\/media\/product\/img\/300x300\/7220668.jpg?t=20250103081132"
    },
    {
        "id": 7543,
        "name": "Garrof\u00f3n congelado CONSUM",
        "price": 1.32,
        "price_kilo": 3.3,
        "slug": "garrofon-congelado",
        "description": "Garrof\u00f3n congelado 400 Gr",
        "image": "https:\/\/cdn-consum.aktiosdigitalservices.com\/tol\/consum\/media\/product\/img\/300x300\/7220676.jpg?t=20250103081134"
    },
    {
        "id": 7544,
        "name": "Menestra de Verduras congelada CONSUM",
        "price": 1.83,
        "price_kilo": 1.83,
        "slug": "menestra-de-verduras-congelada",
        "description": "Menestra de Verduras congelada 1 Kg",
        "image": "https:\/\/cdn-consum.aktiosdigitalservices.com\/tol\/consum\/media\/product\/img\/300x300\/7220697.jpg?t=20250103081138"
    },
    {
        "id": 7545,
        "name": "Magro de Cerdo Lata APIS",
        "price": 2.99,
        "price_kilo": 13.59,
        "slug": "magro-de-cerdo-lata",
        "description": "Magro de Cerdo Lata 220 Gr",
        "image": "https:\/\/cdn-consum.aktiosdigitalservices.com\/tol\/consum\/media\/product\/img\/300x300\/7220700.jpg?t=20250318080122"
    },
    {
        "id": 7546,
        "name": "Desodorante Roll-On Men Active SANEX",
        "price": 2.1,
        "price_kilo": 4.2,
        "slug": "desodorante-roll-on-men-active",
        "description": "Desodorante Roll-On Men Active 50 ml",
        "image": "https:\/\/cdn-consum.aktiosdigitalservices.com\/tol\/consum\/media\/product\/img\/300x300\/7220718.jpg?t=20250227091707"
    },
    {
        "id": 7547,
        "name": "Desodorante Roll-On Extra Control Microtalco SANEX",
        "price": 2.1,
        "price_kilo": 4.2,
        "slug": "desodorante-roll-on-extra-control-microtalco",
        "description": "Desodorante Roll-On Extra Control Microtalco 50 ml",
        "image": "https:\/\/cdn-consum.aktiosdigitalservices.com\/tol\/consum\/media\/product\/img\/300x300\/7220734.jpg?t=20250312160301"
    },
    {
        "id": 7548,
        "name": "Desodorante Roll-On Dermo Invisible SANEX",
        "price": 2.25,
        "price_kilo": 4.5,
        "slug": "desodorante-roll-on-dermo-invisible",
        "description": "Desodorante Roll-On Dermo Invisible 50 ml",
        "image": "https:\/\/cdn-consum.aktiosdigitalservices.com\/tol\/consum\/media\/product\/img\/300x300\/7220742.jpg?t=20250227091712"
    },
    {
        "id": 7549,
        "name": "Desodorante Roll-On Dermo Sensitive SANEX",
        "price": 2.1,
        "price_kilo": 4.2,
        "slug": "desodorante-roll-on-dermo-sensitive",
        "description": "Desodorante Roll-On Dermo Sensitive 50 ml",
        "image": "https:\/\/cdn-consum.aktiosdigitalservices.com\/tol\/consum\/media\/product\/img\/300x300\/7220747.jpg?t=20250312160303"
    },
    {
        "id": 7552,
        "name": "Cerezas Grageas FINI",
        "price": 1.15,
        "price_kilo": 14.38,
        "slug": "cerezas-grageas",
        "description": "Cerezas Grageas 80 Gr",
        "image": "https:\/\/cdn-consum.aktiosdigitalservices.com\/tol\/consum\/media\/product\/img\/300x300\/7220791.jpg?t=20250311124438"
    },
    {
        "id": 7553,
        "name": "Deli Jelly FINI",
        "price": 0.99,
        "price_kilo": 12.38,
        "slug": "deli-jelly",
        "description": "Deli Jelly 80 Gr",
        "image": "https:\/\/cdn-consum.aktiosdigitalservices.com\/tol\/consum\/media\/product\/img\/300x300\/7220796.jpg?t=20250311124441"
    },
    {
        "id": 7554,
        "name": "Galleta Tosta Rica Caja CUETARA",
        "price": 3,
        "price_kilo": 5.26,
        "slug": "galleta-tosta-rica-caja",
        "description": "Galleta Tosta Rica Caja 570 Gr",
        "image": "https:\/\/cdn-consum.aktiosdigitalservices.com\/tol\/consum\/media\/product\/img\/300x300\/7220809.jpg?t=20250311133621"
    },
    {
        "id": 7561,
        "name": "Bebida Energ\u00e9tica Lata CONTACT",
        "price": 0.45,
        "price_kilo": 1.8,
        "slug": "bebida-energetica-lata",
        "description": "Bebida Energ\u00e9tica Lata 0,25 L",
        "image": "https:\/\/cdn-consum.aktiosdigitalservices.com\/tol\/consum\/media\/product\/img\/300x300\/7221005.jpg?t=20241217081047"
    },
    {
        "id": 7567,
        "name": "Vino Blanco Aguja Espumoso SANDARA",
        "price": 5.25,
        "price_kilo": 7,
        "slug": "vino-blanco-aguja-espumoso",
        "description": "Vino Blanco Aguja Espumoso 0,75 L",
        "image": "https:\/\/cdn-consum.aktiosdigitalservices.com\/tol\/consum\/media\/product\/img\/300x300\/7221443.jpg?t=20250304110627"
    },
    {
        "id": 7568,
        "name": "Vino Rosado Aguja Espumoso SANDARA",
        "price": 5.25,
        "price_kilo": 7,
        "slug": "vino-rosado-aguja-espumoso",
        "description": "Vino Rosado Aguja Espumoso 0,75 L",
        "image": "https:\/\/cdn-consum.aktiosdigitalservices.com\/tol\/consum\/media\/product\/img\/300x300\/7221448.jpg?t=20250227091730"
    },
    {
        "id": 7569,
        "name": "Mini Brocheta Grill CONSUM",
        "price": 2.99,
        "price_kilo": 12.46,
        "slug": "mini-brocheta-grill",
        "description": "Mini Brocheta Grill 240 Gr",
        "image": "https:\/\/cdn-consum.aktiosdigitalservices.com\/tol\/consum\/media\/product\/img\/300x300\/7221489.jpg?t=20241217081047"
    },
    {
        "id": 7572,
        "name": "Salteado de Patata, Verduras y Bac\u00f3n congelado CONSUM",
        "price": 1.99,
        "price_kilo": 4.42,
        "slug": "salteado-de-patata-verduras-y-bacon-congelado",
        "description": "Salteado de Patata, Verduras y Bac\u00f3n congelado 450 Gr",
        "image": "https:\/\/cdn-consum.aktiosdigitalservices.com\/tol\/consum\/media\/product\/img\/300x300\/7221583.jpg?t=20250227091732"
    },
    {
        "id": 7575,
        "name": "Salteado Campestre congelado CONSUM",
        "price": 1.89,
        "price_kilo": 4.2,
        "slug": "salteado-campestre-congelado",
        "description": "Salteado Campestre congelado 450 Gr",
        "image": "https:\/\/cdn-consum.aktiosdigitalservices.com\/tol\/consum\/media\/product\/img\/300x300\/7221609.jpg?t=20241217081047"
    },
    {
        "id": 7576,
        "name": "Salteado Tradicional congelado CONSUM",
        "price": 1.19,
        "price_kilo": 2.64,
        "slug": "salteado-tradicional-congelado",
        "description": "Salteado Tradicional congelado 450 Gr",
        "image": "https:\/\/cdn-consum.aktiosdigitalservices.com\/tol\/consum\/media\/product\/img\/300x300\/7221612.jpg?t=20250311164556"
    },
    {
        "id": 7581,
        "name": "Kinder Bueno White 2 Unidades Pack 3 KINDER",
        "price": 3.29,
        "price_kilo": 28.12,
        "slug": "kinder-bueno-white-2-unidades-pack-3",
        "description": "Kinder Bueno White 2 Unidades Pack 3 117 Gr",
        "image": "https:\/\/cdn-consum.aktiosdigitalservices.com\/tol\/consum\/media\/product\/img\/300x300\/7222011.jpg?t=20250313080318"
    },
    {
        "id": 7589,
        "name": "Arroz Precocido congelado 6 Bolsitas x 167 Gr. CONSUM",
        "price": 2.03,
        "price_kilo": 2.03,
        "slug": "arroz-precocido-congelado-6-bolsitas-x-167-gr",
        "description": "Arroz Precocido congelado 6 Bolsitas x 167 Gr. 1 Kg",
        "image": "https:\/\/cdn-consum.aktiosdigitalservices.com\/tol\/consum\/media\/product\/img\/300x300\/7222909.jpg?t=20250103081146"
    },
    {
        "id": 7590,
        "name": "Verdura para Paella congelada CONSUM",
        "price": 1.07,
        "price_kilo": 2.38,
        "slug": "verdura-para-paella-congelada",
        "description": "Verdura para Paella congelada 450 Gr",
        "image": "https:\/\/cdn-consum.aktiosdigitalservices.com\/tol\/consum\/media\/product\/img\/300x300\/7222912.jpg?t=20250320075936"
    },
    {
        "id": 7596,
        "name": "Canelones de Carne con Bechamel congelados CONSUM",
        "price": 1.75,
        "price_kilo": 5.83,
        "slug": "canelones-de-carne-con-bechamel-congelados",
        "description": "Canelones de Carne con Bechamel congelados 300 Gr",
        "image": "https:\/\/cdn-consum.aktiosdigitalservices.com\/tol\/consum\/media\/product\/img\/300x300\/7223246.jpg?t=20250103081151"
    },
    {
        "id": 7597,
        "name": "Lasa\u00f1a Bolo\u00f1esa con Bechamel congelada CONSUM",
        "price": 1.75,
        "price_kilo": 5.83,
        "slug": "lasana-bolonesa-con-bechamel-congelada",
        "description": "Lasa\u00f1a Bolo\u00f1esa con Bechamel congelada 300 Gr",
        "image": "https:\/\/cdn-consum.aktiosdigitalservices.com\/tol\/consum\/media\/product\/img\/300x300\/7223253.jpg?t=20250103081153"
    },
    {
        "id": 7600,
        "name": "N\u00e9ctar Frutas del Bosque Brik DON SIMON",
        "price": 1.69,
        "price_kilo": 1.69,
        "slug": "nectar-frutas-del-bosque-brik",
        "description": "N\u00e9ctar Frutas del Bosque Brik 1 L",
        "image": "https:\/\/cdn-consum.aktiosdigitalservices.com\/tol\/consum\/media\/product\/img\/300x300\/7223667.jpg?t=20250312160306"
    },
    {
        "id": 7606,
        "name": "Queso Tapas Cortaditas Mezcla Curado Santtum EL PASTOR",
        "price": 3.11,
        "price_kilo": 18.85,
        "slug": "queso-tapas-cortaditas-mezcla-curado-santtum",
        "description": "Queso Tapas Cortaditas Mezcla Curado Santtum 165 Gr",
        "image": "https:\/\/cdn-consum.aktiosdigitalservices.com\/tol\/consum\/media\/product\/img\/300x300\/7224335.jpg?t=20250103081155"
    },
    {
        "id": 7609,
        "name": "Tortitas Pizza ALDELIS",
        "price": 2.79,
        "price_kilo": 10.33,
        "slug": "tortitas-pizza",
        "description": "Tortitas Pizza 270 Gr",
        "image": "https:\/\/cdn-consum.aktiosdigitalservices.com\/tol\/consum\/media\/product\/img\/300x300\/7224400.jpg?t=20250211080018"
    },
    {
        "id": 7610,
        "name": "Hamburguesa Pollo y Espinacas 4 Unidades ALDELIS",
        "price": 3.45,
        "price_kilo": 11.02,
        "slug": "hamburguesa-pollo-y-espinacas-4-unidades",
        "description": "Hamburguesa Pollo y Espinacas 4 Unidades 313 Gr",
        "image": "https:\/\/cdn-consum.aktiosdigitalservices.com\/tol\/consum\/media\/product\/img\/300x300\/7224421.jpg?t=20250304110653"
    },
    {
        "id": 7611,
        "name": "Lavavajillas en Gel Excellence Antigrasa SOMAT",
        "price": 10.69,
        "price_kilo": 0.21,
        "slug": "lavavajillas-en-gel-excellence-antigrasa",
        "description": "Lavavajillas en Gel Excellence Antigrasa 50 Lv",
        "image": "https:\/\/cdn-consum.aktiosdigitalservices.com\/tol\/consum\/media\/product\/img\/300x300\/7224517.jpg?t=20250227091745"
    },
    {
        "id": 7613,
        "name": "Tomate Frito Receta Tradicional Frasco CONSUM",
        "price": 1.5,
        "price_kilo": 5,
        "slug": "tomate-frito-receta-tradicional-frasco",
        "description": "Tomate Frito Receta Tradicional Frasco 300 Gr",
        "image": "https:\/\/cdn-consum.aktiosdigitalservices.com\/tol\/consum\/media\/product\/img\/300x300\/7224546.jpg?t=20241217081048"
    },
    {
        "id": 7614,
        "name": "Tomate Frito 0 % Az\u00facar A\u00f1adido Frasco CONSUM",
        "price": 1.1,
        "price_kilo": 1.96,
        "slug": "tomate-frito-0-azucar-anadido-frasco",
        "description": "Tomate Frito 0 % Az\u00facar A\u00f1adido Frasco 560 Gr",
        "image": "https:\/\/cdn-consum.aktiosdigitalservices.com\/tol\/consum\/media\/product\/img\/300x300\/7224553.jpg?t=20241217081048"
    },
    {
        "id": 7618,
        "name": "At\u00fan en Aceite Girasol Pack de 2 CABO PE\u00d1AS",
        "price": 1.89,
        "price_kilo": 18.17,
        "slug": "atun-en-aceite-girasol-pack-de-2",
        "description": "At\u00fan en Aceite Girasol Pack de 2 2 x 52 Gr",
        "image": "https:\/\/cdn-consum.aktiosdigitalservices.com\/tol\/consum\/media\/product\/img\/300x300\/7224665.jpg?t=20250313080321"
    },
    {
        "id": 7619,
        "name": "Polvos Talco EUDERMIN",
        "price": 1.85,
        "price_kilo": 0.93,
        "slug": "polvos-talco",
        "description": "Polvos Talco 200 ml",
        "image": "https:\/\/cdn-consum.aktiosdigitalservices.com\/tol\/consum\/media\/product\/img\/300x300\/7224744.jpg?t=20241217081048"
    },
    {
        "id": 7620,
        "name": "Kinder Bueno Mini KINDER",
        "price": 2.99,
        "price_kilo": 27.69,
        "slug": "kinder-bueno-mini",
        "description": "Kinder Bueno Mini 108 Gr",
        "image": "https:\/\/cdn-consum.aktiosdigitalservices.com\/tol\/consum\/media\/product\/img\/300x300\/7224855.jpg?t=20250311133630"
    },
    {
        "id": 7623,
        "name": "Ampollas Suero Fisiol\u00f3gico BEL BABY",
        "price": 3.25,
        "price_kilo": 0.11,
        "slug": "ampollas-suero-fisiologico",
        "description": "Ampollas Suero Fisiol\u00f3gico 30 U",
        "image": "https:\/\/cdn-consum.aktiosdigitalservices.com\/tol\/consum\/media\/product\/img\/300x300\/7225027.jpg?t=20241217081048"
    },
    {
        "id": 7624,
        "name": "Gasas no Tejidas Ojos y Manos BEL BABY",
        "price": 2,
        "price_kilo": 0.02,
        "slug": "gasas-no-tejidas-ojos-y-manos",
        "description": "Gasas no Tejidas Ojos y Manos 100 U",
        "image": "https:\/\/cdn-consum.aktiosdigitalservices.com\/tol\/consum\/media\/product\/img\/300x300\/7225030.jpg?t=20241217081048"
    },
    {
        "id": 7627,
        "name": "Fruta Leche Tropical Zero. Brik DON SIMON",
        "price": 1,
        "price_kilo": 1,
        "slug": "fruta-leche-tropical-zero-brik",
        "description": "Fruta Leche Tropical Zero. Brik 1 L",
        "image": "https:\/\/cdn-consum.aktiosdigitalservices.com\/tol\/consum\/media\/product\/img\/300x300\/7225196.jpg?t=20250311105334"
    },
    {
        "id": 7634,
        "name": "Queso Rallado en Polvo CONSUM",
        "price": 1.34,
        "price_kilo": 8.93,
        "slug": "queso-rallado-en-polvo",
        "description": "Queso Rallado en Polvo 150 Gr",
        "image": "https:\/\/cdn-consum.aktiosdigitalservices.com\/tol\/consum\/media\/product\/img\/300x300\/7225563.jpg?t=20250311105337"
    },
    {
        "id": 7635,
        "name": "Agua de Peinado NELLY",
        "price": 2.35,
        "price_kilo": 1.18,
        "slug": "agua-de-peinado",
        "description": "Agua de Peinado 200 ml",
        "image": "https:\/\/cdn-consum.aktiosdigitalservices.com\/tol\/consum\/media\/product\/img\/300x300\/7225709.jpg?t=20241217081049"
    },
    {
        "id": 7636,
        "name": "Masa de Hojaldre Rectangular BUITONI",
        "price": 1.99,
        "price_kilo": 8.65,
        "slug": "masa-de-hojaldre-rectangular",
        "description": "Masa de Hojaldre Rectangular 230 Gr",
        "image": "https:\/\/cdn-consum.aktiosdigitalservices.com\/tol\/consum\/media\/product\/img\/300x300\/7225881.jpg?t=20250204080558"
    },
    {
        "id": 7640,
        "name": "Olivada Frasco D'ATENEA",
        "price": 1.95,
        "price_kilo": 14.44,
        "slug": "olivada-frasco",
        "description": "Olivada Frasco 135 Gr",
        "image": "https:\/\/cdn-consum.aktiosdigitalservices.com\/tol\/consum\/media\/product\/img\/300x300\/7226491.jpg?t=20250131075834"
    },
    {
        "id": 7652,
        "name": "Caldo de Pollo Bajo en Sal Brik CONSUM",
        "price": 1.2,
        "price_kilo": 1.2,
        "slug": "caldo-de-pollo-bajo-en-sal-brik",
        "description": "Caldo de Pollo Bajo en Sal Brik 1 L",
        "image": "https:\/\/cdn-consum.aktiosdigitalservices.com\/tol\/consum\/media\/product\/img\/300x300\/7226785.jpg?t=20250206092313"
    },
    {
        "id": 7655,
        "name": "Bebida Energ\u00e9tica Light Lata CONTACT",
        "price": 0.45,
        "price_kilo": 1.8,
        "slug": "bebida-energetica-light-lata",
        "description": "Bebida Energ\u00e9tica Light Lata 0,25 L",
        "image": "https:\/\/cdn-consum.aktiosdigitalservices.com\/tol\/consum\/media\/product\/img\/300x300\/7227148.jpg?t=20241217081049"
    },
    {
        "id": 7658,
        "name": "Crema de Verduras Brik CONSUM",
        "price": 1,
        "price_kilo": 2,
        "slug": "crema-de-verduras-brik",
        "description": "Crema de Verduras Brik 0,5 L",
        "image": "https:\/\/cdn-consum.aktiosdigitalservices.com\/tol\/consum\/media\/product\/img\/300x300\/7227796.jpg?t=20241217081049"
    },
    {
        "id": 7659,
        "name": "Pan Rebanado Pay\u00e9s con Semillas de Calabaza ",
        "price": 2.22,
        "price_kilo": 4.53,
        "slug": "pan-rebanado-payes-con-semillas-de-calabaza",
        "description": "Pan Rebanado Pay\u00e9s con Semillas de Calabaza 490 Gr",
        "image": "https:\/\/cdn-consum.aktiosdigitalservices.com\/tol\/consum\/media\/product\/img\/300x300\/7228117.jpg?t=20250228080058"
    },
    {
        "id": 7661,
        "name": "Mermelada Tomate Frasco CONSUM",
        "price": 1.8,
        "price_kilo": 4.39,
        "slug": "mermelada-tomate-frasco",
        "description": "Mermelada Tomate Frasco 410 Gr",
        "image": "https:\/\/cdn-consum.aktiosdigitalservices.com\/tol\/consum\/media\/product\/img\/300x300\/7228229.jpg?t=20250311105346"
    },
    {
        "id": 7664,
        "name": "Dent\u00edfrico Aliento Fresco KYREY",
        "price": 1.15,
        "price_kilo": 1.53,
        "slug": "dentifrico-aliento-fresco",
        "description": "Dent\u00edfrico Aliento Fresco 75 ml",
        "image": "https:\/\/cdn-consum.aktiosdigitalservices.com\/tol\/consum\/media\/product\/img\/300x300\/7228513.jpg?t=20241217081050"
    },
    {
        "id": 7665,
        "name": "Dent\u00edfrico Anticaries KYREY",
        "price": 0.94,
        "price_kilo": 1.25,
        "slug": "dentifrico-anticaries",
        "description": "Dent\u00edfrico Anticaries 75 ml",
        "image": "https:\/\/cdn-consum.aktiosdigitalservices.com\/tol\/consum\/media\/product\/img\/300x300\/7228518.jpg?t=20241217081050"
    },
    {
        "id": 7666,
        "name": "Pa\u00f1uelos Faciales Dos Capas CONSUM",
        "price": 1.25,
        "price_kilo": 0.01,
        "slug": "panuelos-faciales-dos-capas",
        "description": "Pa\u00f1uelos Faciales Dos Capas 200 U",
        "image": "https:\/\/cdn-consum.aktiosdigitalservices.com\/tol\/consum\/media\/product\/img\/300x300\/7228633.jpg?t=20241217081050"
    },
    {
        "id": 7672,
        "name": "Caf\u00e9 Ristretto Ardenza C\u00e1psulas DOLCE GUSTO",
        "price": 5.2,
        "price_kilo": 0.33,
        "slug": "cafe-ristretto-ardenza-capsulas",
        "description": "Caf\u00e9 Ristretto Ardenza C\u00e1psulas 16 U",
        "image": "https:\/\/cdn-consum.aktiosdigitalservices.com\/tol\/consum\/media\/product\/img\/300x300\/7228690.jpg?t=20250311133644"
    },
    {
        "id": 7686,
        "name": "Mascarilla Aceite Extraordinario ELVIVE",
        "price": 4.5,
        "price_kilo": 1.45,
        "slug": "mascarilla-aceite-extraordinario",
        "description": "Mascarilla Aceite Extraordinario 310 ml",
        "image": "https:\/\/cdn-consum.aktiosdigitalservices.com\/tol\/consum\/media\/product\/img\/300x300\/7229912.jpg?t=20250312160310"
    },
    {
        "id": 7689,
        "name": "Vino Rosado Lambrusco I LOVE ITALY",
        "price": 1.9,
        "price_kilo": 2.53,
        "slug": "vino-rosado-lambrusco",
        "description": "Vino Rosado Lambrusco 0,75 L",
        "image": "https:\/\/cdn-consum.aktiosdigitalservices.com\/tol\/consum\/media\/product\/img\/300x300\/7230076.jpg?t=20241217081051"
    },
    {
        "id": 7690,
        "name": "Avecrem Pollo 30% menos de Sal AVECREM",
        "price": 1.55,
        "price_kilo": 16.32,
        "slug": "avecrem-pollo-30-menos-de-sal",
        "description": "Avecrem Pollo 30% menos de Sal 95 Gr",
        "image": "https:\/\/cdn-consum.aktiosdigitalservices.com\/tol\/consum\/media\/product\/img\/300x300\/7230209.jpg?t=20241217081051"
    },
    {
        "id": 7696,
        "name": "Desatascador 2EN1 CONSUM",
        "price": 1.85,
        "price_kilo": 1.85,
        "slug": "desatascador-2en1",
        "description": "Desatascador 2EN1 1 L",
        "image": "https:\/\/cdn-consum.aktiosdigitalservices.com\/tol\/consum\/media\/product\/img\/300x300\/7230993.jpg?t=20250312092754"
    },
    {
        "id": 7706,
        "name": "Pechuga de Pavo Adobado SERRANO",
        "price": 3.99,
        "price_kilo": 12.09,
        "slug": "pechuga-de-pavo-adobado",
        "description": "Pechuga de Pavo Adobado 330 Gr",
        "image": "https:\/\/cdn-consum.aktiosdigitalservices.com\/tol\/consum\/media\/product\/img\/300x300\/7231178.jpg?t=20241217081051"
    },
    {
        "id": 7708,
        "name": "Kit Kat Pack de 9 Barritas NESTLE",
        "price": 3.49,
        "price_kilo": 18.73,
        "slug": "kit-kat-pack-de-9-barritas",
        "description": "Kit Kat Pack de 9 Barritas 9 x 20,7 Gr",
        "image": "https:\/\/cdn-consum.aktiosdigitalservices.com\/tol\/consum\/media\/product\/img\/300x300\/7231397.jpg?t=20250311133649"
    },
    {
        "id": 7709,
        "name": "Yakisoba de Pollo Yatekomo YATEKOMO",
        "price": 1.95,
        "price_kilo": 20.97,
        "slug": "yakisoba-de-pollo-yatekomo",
        "description": "Yakisoba de Pollo Yatekomo 93 Gr",
        "image": "https:\/\/cdn-consum.aktiosdigitalservices.com\/tol\/consum\/media\/product\/img\/300x300\/7231504.jpg?t=20250312092754"
    },
    {
        "id": 7710,
        "name": "Yakisoba Classic Yatekomo YATEKOMO",
        "price": 1.95,
        "price_kilo": 20.97,
        "slug": "yakisoba-classic-yatekomo",
        "description": "Yakisoba Classic Yatekomo 93 Gr",
        "image": "https:\/\/cdn-consum.aktiosdigitalservices.com\/tol\/consum\/media\/product\/img\/300x300\/7231509.jpg?t=20250318080138"
    },
    {
        "id": 7712,
        "name": "Habas Cocidas Picantes Lata VEGA BAJA",
        "price": 1.75,
        "price_kilo": 8.75,
        "slug": "habas-cocidas-picantes-lata",
        "description": "Habas Cocidas Picantes Lata 200 Gr",
        "image": "https:\/\/cdn-consum.aktiosdigitalservices.com\/tol\/consum\/media\/product\/img\/300x300\/7231538.jpg?t=20250318080140"
    },
    {
        "id": 7715,
        "name": "Vino Tinto Roble D.O.Ribera del Duero PATA NEGRA",
        "price": 6.99,
        "price_kilo": 9.32,
        "slug": "vino-tinto-roble-doribera-del-duero",
        "description": "Vino Tinto Roble D.O.Ribera del Duero 0,75 L",
        "image": "https:\/\/cdn-consum.aktiosdigitalservices.com\/tol\/consum\/media\/product\/img\/300x300\/7232010.jpg?t=20250227091846"
    },
    {
        "id": 7725,
        "name": "Tinte Color Sensation N\u00ba6.60 GARNIER",
        "price": 3.9,
        "price_kilo": 3.9,
        "slug": "tinte-color-sensation-n660",
        "description": "Tinte Color Sensation N\u00ba6.60 1 U",
        "image": "https:\/\/cdn-consum.aktiosdigitalservices.com\/tol\/consum\/media\/product\/img\/300x300\/7232283.jpg?t=20241217081052"
    },
    {
        "id": 7732,
        "name": "Lacasitos LACASA",
        "price": 3.25,
        "price_kilo": 21.67,
        "slug": "lacasitos",
        "description": "Lacasitos 150 Gr",
        "image": "https:\/\/cdn-consum.aktiosdigitalservices.com\/tol\/consum\/media\/product\/img\/300x300\/7232465.jpg?t=20250311133651"
    },
    {
        "id": 7741,
        "name": "Preparado de Paella y Sopa congelado COCINARTE",
        "price": 3.35,
        "price_kilo": 6.7,
        "slug": "preparado-de-paella-y-sopa-congelado",
        "description": "Preparado de Paella y Sopa congelado 500 Gr",
        "image": "https:\/\/cdn-consum.aktiosdigitalservices.com\/tol\/consum\/media\/product\/img\/300x300\/7232619.jpg?t=20250301075836"
    },
    {
        "id": 7746,
        "name": "Azucaritos Blancos Caja AZUCARERA",
        "price": 1.55,
        "price_kilo": 5.17,
        "slug": "azucaritos-blancos-caja",
        "description": "Azucaritos Blancos Caja 300 Gr",
        "image": "https:\/\/cdn-consum.aktiosdigitalservices.com\/tol\/consum\/media\/product\/img\/300x300\/7233096.jpg?t=20250311105411"
    },
    {
        "id": 7747,
        "name": "Chicle Hierbabuena Bolsa TRIDENT",
        "price": 1.45,
        "price_kilo": 3.33,
        "slug": "chicle-hierbabuena-bolsa",
        "description": "Chicle Hierbabuena Bolsa 43,5 Gr",
        "image": "https:\/\/cdn-consum.aktiosdigitalservices.com\/tol\/consum\/media\/product\/img\/300x300\/7233109.jpg?t=20250311124507"
    },
    {
        "id": 7748,
        "name": "Azucaritos Moreno Caja AZUCARERA",
        "price": 1.6,
        "price_kilo": 5.33,
        "slug": "azucaritos-moreno-caja",
        "description": "Azucaritos Moreno Caja 300 Gr",
        "image": "https:\/\/cdn-consum.aktiosdigitalservices.com\/tol\/consum\/media\/product\/img\/300x300\/7233112.jpg?t=20250311105416"
    },
    {
        "id": 7750,
        "name": "Cereales Chocapic NESTLE",
        "price": 3.5,
        "price_kilo": 7,
        "slug": "cereales-chocapic",
        "description": "Cereales Chocapic 500 Gr",
        "image": "https:\/\/cdn-consum.aktiosdigitalservices.com\/tol\/consum\/media\/product\/img\/300x300\/7233133.jpg?t=20250311105418"
    },
    {
        "id": 7752,
        "name": "Neceser Travel KEMPHOR",
        "price": 4.99,
        "price_kilo": 4.99,
        "slug": "neceser-travel",
        "description": "Neceser Travel 1 U",
        "image": "https:\/\/cdn-consum.aktiosdigitalservices.com\/tol\/consum\/media\/product\/img\/300x300\/7233182.jpg?t=20241217081052"
    },
    {
        "id": 7755,
        "name": "Arroz Integral con Quinoa Pack de 2 BRILLANTE",
        "price": 1.49,
        "price_kilo": 5.96,
        "slug": "arroz-integral-con-quinoa-pack-de-2",
        "description": "Arroz Integral con Quinoa Pack de 2 2 x 125 Gr",
        "image": "https:\/\/cdn-consum.aktiosdigitalservices.com\/tol\/consum\/media\/product\/img\/300x300\/7233336.jpg?t=20241217081052"
    },
    {
        "id": 7758,
        "name": "Lenteja Cocida Selecci\u00f3n Frasco PICUEZO",
        "price": 1.39,
        "price_kilo": 3.48,
        "slug": "lenteja-cocida-seleccion-frasco",
        "description": "Lenteja Cocida Selecci\u00f3n Frasco 400 Gr",
        "image": "https:\/\/cdn-consum.aktiosdigitalservices.com\/tol\/consum\/media\/product\/img\/300x300\/7233351.jpg?t=20250227091853"
    },
    {
        "id": 7759,
        "name": "Harina de Ma\u00edz Caja MAIZENA",
        "price": 2.99,
        "price_kilo": 7.48,
        "slug": "harina-de-maiz-caja",
        "description": "Harina de Ma\u00edz Caja 400 Gr",
        "image": "https:\/\/cdn-consum.aktiosdigitalservices.com\/tol\/consum\/media\/product\/img\/300x300\/7233385.jpg?t=20250218080420"
    },
    {
        "id": 7763,
        "name": "Pizza congelada Forno Barbacoa BUITONI",
        "price": 3.1,
        "price_kilo": 9.54,
        "slug": "pizza-congelada-forno-barbacoa",
        "description": "Pizza congelada Forno Barbacoa 325 Gr",
        "image": "https:\/\/cdn-consum.aktiosdigitalservices.com\/tol\/consum\/media\/product\/img\/300x300\/7233633.jpg?t=20250315075802"
    },
    {
        "id": 7765,
        "name": "Barrita Nesquik 6U NESTLE",
        "price": 3.5,
        "price_kilo": 23.33,
        "slug": "barrita-nesquik-6u",
        "description": "Barrita Nesquik 6U 150 Gr",
        "image": "https:\/\/cdn-consum.aktiosdigitalservices.com\/tol\/consum\/media\/product\/img\/300x300\/7233653.jpg?t=20250312092754"
    },
    {
        "id": 7766,
        "name": "Vino Tinto Joven Botella PLUVIUM",
        "price": 2.25,
        "price_kilo": 3,
        "slug": "vino-tinto-joven-botella",
        "description": "Vino Tinto Joven Botella 0,75 L",
        "image": "https:\/\/cdn-consum.aktiosdigitalservices.com\/tol\/consum\/media\/product\/img\/300x300\/7233674.jpg?t=20250206092349"
    },
    {
        "id": 7767,
        "name": "Pant S\u00faper Talla Grande INDASEC",
        "price": 10.9,
        "price_kilo": 1.09,
        "slug": "pant-super-talla-grande",
        "description": "Pant S\u00faper Talla Grande 10 U",
        "image": "https:\/\/cdn-consum.aktiosdigitalservices.com\/tol\/consum\/media\/product\/img\/300x300\/7233687.jpg?t=20250206092351"
    },
    {
        "id": 7772,
        "name": "Aceite Almendras Reparador NATURAFEMME",
        "price": 4.25,
        "price_kilo": 1.7,
        "slug": "aceite-almendras-reparador",
        "description": "Aceite Almendras Reparador 250 ml",
        "image": "https:\/\/cdn-consum.aktiosdigitalservices.com\/tol\/consum\/media\/product\/img\/300x300\/7234024.jpg?t=20241217081052"
    },
    {
        "id": 7774,
        "name": "Agua de Rosas NATURAFEMME",
        "price": 3.25,
        "price_kilo": 1.3,
        "slug": "agua-de-rosas",
        "description": "Agua de Rosas 250 ml",
        "image": "https:\/\/cdn-consum.aktiosdigitalservices.com\/tol\/consum\/media\/product\/img\/300x300\/7234057.jpg?t=20241217081052"
    },
    {
        "id": 7779,
        "name": "Preparado Picada Pollo CONSUM",
        "price": 3.69,
        "price_kilo": 9.23,
        "slug": "preparado-picada-pollo",
        "description": "Preparado Picada Pollo 400 Gr",
        "image": "https:\/\/cdn-consum.aktiosdigitalservices.com\/tol\/consum\/media\/product\/img\/300x300\/7234300.jpg?t=20241217081053"
    },
    {
        "id": 7782,
        "name": "San Jacobo CONSUM",
        "price": 3,
        "price_kilo": 10,
        "slug": "san-jacobo",
        "description": "San Jacobo 300 Gr",
        "image": "https:\/\/cdn-consum.aktiosdigitalservices.com\/tol\/consum\/media\/product\/img\/300x300\/7234370.jpg?t=20241217081053"
    },
    {
        "id": 7784,
        "name": "Calabaza troceada Bandeja ",
        "price": 1.99,
        "price_kilo": 4.98,
        "slug": "calabaza-troceada-bandeja",
        "description": "Calabaza troceada Bandeja 400 Gr",
        "image": "https:\/\/cdn-consum.aktiosdigitalservices.com\/tol\/consum\/media\/product\/img\/300x300\/7234552.jpg?t=20250318080936"
    },
    {
        "id": 7798,
        "name": "Comida Seca Perros Mini Junior ULTIMA",
        "price": 4.99,
        "price_kilo": 6.24,
        "slug": "comida-seca-perros-mini-junior",
        "description": "Comida Seca Perros Mini Junior 800 Gr",
        "image": "https:\/\/cdn-consum.aktiosdigitalservices.com\/tol\/consum\/media\/product\/img\/300x300\/7235224.jpg?t=20250218080428"
    },
    {
        "id": 7800,
        "name": "Magdalenas Caseras ",
        "price": 2.46,
        "price_kilo": 6.83,
        "slug": "magdalenas-caseras",
        "description": "Magdalenas Caseras 360 Gr",
        "image": "https:\/\/cdn-consum.aktiosdigitalservices.com\/tol\/consum\/media\/product\/img\/300x300\/7235286.jpg?t=20250204080626"
    },
    {
        "id": 7801,
        "name": "Bizcocho casero de Manzana ",
        "price": 2.79,
        "price_kilo": 6.98,
        "slug": "bizcocho-casero-de-manzana",
        "description": "Bizcocho casero de Manzana 400 Gr",
        "image": "https:\/\/cdn-consum.aktiosdigitalservices.com\/tol\/consum\/media\/product\/img\/300x300\/7235294.jpg?t=20250318080142"
    },
    {
        "id": 7802,
        "name": "Tapa de Chipirones con Habitas y Salsa congelada COCINARTE",
        "price": 3.39,
        "price_kilo": 8.48,
        "slug": "tapa-de-chipirones-con-habitas-y-salsa-congelada",
        "description": "Tapa de Chipirones con Habitas y Salsa congelada 400 Gr",
        "image": "https:\/\/cdn-consum.aktiosdigitalservices.com\/tol\/consum\/media\/product\/img\/300x300\/7235380.jpg?t=20241217081053"
    },
    {
        "id": 7809,
        "name": "Burger Meat Pollo 4 Unidades CONSUM",
        "price": 2.75,
        "price_kilo": 7.64,
        "slug": "burger-meat-pollo-4-unidades",
        "description": "Burger Meat Pollo 4 Unidades 360 Gr",
        "image": "https:\/\/cdn-consum.aktiosdigitalservices.com\/tol\/consum\/media\/product\/img\/300x300\/7235617.jpg?t=20241217081053"
    },
    {
        "id": 7810,
        "name": "Barra Familiar ",
        "price": 1.26,
        "price_kilo": 4,
        "slug": "barra-familiar",
        "description": "Barra Familiar 315 Gr",
        "image": "https:\/\/cdn-consum.aktiosdigitalservices.com\/tol\/consum\/media\/product\/img\/300x300\/7235666.jpg?t=20250315075804"
    },
    {
        "id": 7814,
        "name": "Berlina Rellena de Chocolate 2 Unidades ",
        "price": 1.49,
        "price_kilo": 8.28,
        "slug": "berlina-rellena-de-chocolate-2-unidades",
        "description": "Berlina Rellena de Chocolate 2 Unidades 180 Gr",
        "image": "https:\/\/cdn-consum.aktiosdigitalservices.com\/tol\/consum\/media\/product\/img\/300x300\/7235778.jpg?t=20250318080144"
    },
    {
        "id": 7815,
        "name": "Big Dots Sugar 2 Unidades ",
        "price": 1.25,
        "price_kilo": 9.62,
        "slug": "big-dots-sugar-2-unidades",
        "description": "Big Dots Sugar 2 Unidades 130 Gr",
        "image": "https:\/\/cdn-consum.aktiosdigitalservices.com\/tol\/consum\/media\/product\/img\/300x300\/7235810.jpg?t=20250225075958"
    },
    {
        "id": 7821,
        "name": "Espuma de Afeitar Classic LA TOJA",
        "price": 3.15,
        "price_kilo": 1.05,
        "slug": "espuma-de-afeitar-classic",
        "description": "Espuma de Afeitar Classic 300 ml",
        "image": "https:\/\/cdn-consum.aktiosdigitalservices.com\/tol\/consum\/media\/product\/img\/300x300\/7235950.jpg?t=20250204080637"
    },
    {
        "id": 7822,
        "name": "Espuma de Afeitar Sensible LA TOJA",
        "price": 3.15,
        "price_kilo": 1.05,
        "slug": "espuma-de-afeitar-sensible",
        "description": "Espuma de Afeitar Sensible 300 ml",
        "image": "https:\/\/cdn-consum.aktiosdigitalservices.com\/tol\/consum\/media\/product\/img\/300x300\/7235976.jpg?t=20250204080641"
    },
    {
        "id": 7823,
        "name": "Crema Men NIVEA",
        "price": 4,
        "price_kilo": 2.67,
        "slug": "crema-men",
        "description": "Crema Men 150 ml",
        "image": "https:\/\/cdn-consum.aktiosdigitalservices.com\/tol\/consum\/media\/product\/img\/300x300\/7236024.jpg?t=20250313080328"
    },
    {
        "id": 7824,
        "name": "Desodorante Spray B&W Invisible Fresh NIVEA",
        "price": 3.25,
        "price_kilo": 1.63,
        "slug": "desodorante-spray-bw-invisible-fresh",
        "description": "Desodorante Spray B&W Invisible Fresh 200 ml",
        "image": "https:\/\/cdn-consum.aktiosdigitalservices.com\/tol\/consum\/media\/product\/img\/300x300\/7236029.jpg?t=20241226075716"
    },
    {
        "id": 7825,
        "name": "Mini Empanadilla Pisto 7 Unidades ",
        "price": 1.75,
        "price_kilo": 7,
        "slug": "mini-empanadilla-pisto-7-unidades",
        "description": "Mini Empanadilla Pisto 7 Unidades 250 Gr",
        "image": "https:\/\/cdn-consum.aktiosdigitalservices.com\/tol\/consum\/media\/product\/img\/300x300\/7236032.jpg?t=20250318080146"
    },
    {
        "id": 7834,
        "name": "Mini 9 Cereales y Semillas 4 Unidades ",
        "price": 1.15,
        "price_kilo": 4.11,
        "slug": "mini-9-cereales-y-semillas-4-unidades",
        "description": "Mini 9 Cereales y Semillas 4 Unidades 280 Gr",
        "image": "https:\/\/cdn-consum.aktiosdigitalservices.com\/tol\/consum\/media\/product\/img\/300x300\/7236222.jpg?t=20250320075941"
    },
    {
        "id": 7835,
        "name": "Baguettina con Fibra 5 Unidades ",
        "price": 1.2,
        "price_kilo": 2.18,
        "slug": "baguettina-con-fibra-5-unidades",
        "description": "Baguettina con Fibra 5 Unidades 550 Gr",
        "image": "https:\/\/cdn-consum.aktiosdigitalservices.com\/tol\/consum\/media\/product\/img\/300x300\/7236227.jpg?t=20250312125410"
    },
    {
        "id": 7843,
        "name": "Cambiador Beb\u00e9 60x60 BEL BABY",
        "price": 4.15,
        "price_kilo": 0.42,
        "slug": "cambiador-bebe-60x60",
        "description": "Cambiador Beb\u00e9 60x60 10 U",
        "image": "https:\/\/cdn-consum.aktiosdigitalservices.com\/tol\/consum\/media\/product\/img\/300x300\/7236540.jpg?t=20241217081053"
    },
    {
        "id": 7844,
        "name": "La Rosquita Serrana R\u00fastica DE ORO",
        "price": 2.1,
        "price_kilo": 10.24,
        "slug": "la-rosquita-serrana-rustica",
        "description": "La Rosquita Serrana R\u00fastica 205 Gr",
        "image": "https:\/\/cdn-consum.aktiosdigitalservices.com\/tol\/consum\/media\/product\/img\/300x300\/7236602.jpg?t=20241217081053"
    },
    {
        "id": 7846,
        "name": "Chocolate L\u00edquido a la Taza Brik CONSUM",
        "price": 2.19,
        "price_kilo": 2.19,
        "slug": "chocolate-liquido-a-la-taza-brik",
        "description": "Chocolate L\u00edquido a la Taza Brik 1 L",
        "image": "https:\/\/cdn-consum.aktiosdigitalservices.com\/tol\/consum\/media\/product\/img\/300x300\/7236631.jpg?t=20250312160322"
    },
    {
        "id": 7851,
        "name": "Pechuga de Pavo Adobada Ajillo ALDELIS",
        "price": 4.39,
        "price_kilo": 9.75,
        "slug": "pechuga-de-pavo-adobada-ajillo",
        "description": "Pechuga de Pavo Adobada Ajillo",
        "image": "https:\/\/cdn-consum.aktiosdigitalservices.com\/tol\/consum\/media\/product\/img\/300x300\/7236743.jpg?t=20250318080148"
    },
    {
        "id": 7856,
        "name": "Activia 0% Natural B\u00edfidus Desnatado DANONE",
        "price": 4.99,
        "price_kilo": 3.47,
        "slug": "activia-0-natural-bifidus-desnatado",
        "description": "Activia 0% Natural B\u00edfidus Desnatado 12 x 120 Gr",
        "image": "https:\/\/cdn-consum.aktiosdigitalservices.com\/tol\/consum\/media\/product\/img\/300x300\/7236867.jpg?t=20250227091913"
    },
    {
        "id": 7857,
        "name": "Activia 0% Natural Edulcorado Pack 12 ud. DANONE",
        "price": 4.99,
        "price_kilo": 3.47,
        "slug": "activia-0-natural-edulcorado-pack-12-ud",
        "description": "Activia 0% Natural Edulcorado Pack 12 ud. 12 x 120 Gr",
        "image": "https:\/\/cdn-consum.aktiosdigitalservices.com\/tol\/consum\/media\/product\/img\/300x300\/7236870.jpg?t=20250227091916"
    },
    {
        "id": 7877,
        "name": "Queso Rallado Hilo CONSUM",
        "price": 0.78,
        "price_kilo": 7.09,
        "slug": "queso-rallado-hilo",
        "description": "Queso Rallado Hilo 110 Gr",
        "image": "https:\/\/cdn-consum.aktiosdigitalservices.com\/tol\/consum\/media\/product\/img\/300x300\/7237118.jpg?t=20250304110833"
    },
    {
        "id": 7895,
        "name": "Pan de Molde Cl\u00e1sico sin Gluten SCH\u00c4R",
        "price": 2.83,
        "price_kilo": 9.43,
        "slug": "pan-de-molde-clasico-sin-gluten",
        "description": "Pan de Molde Cl\u00e1sico sin Gluten 300 Gr",
        "image": "https:\/\/cdn-consum.aktiosdigitalservices.com\/tol\/consum\/media\/product\/img\/300x300\/7238470.jpg?t=20250313080332"
    },
    {
        "id": 7896,
        "name": "Patatas Fritas Lisas Bolsa DUSO",
        "price": 1.45,
        "price_kilo": 10.36,
        "slug": "patatas-fritas-lisas-bolsa",
        "description": "Patatas Fritas Lisas Bolsa 140 Gr",
        "image": "https:\/\/cdn-consum.aktiosdigitalservices.com\/tol\/consum\/media\/product\/img\/300x300\/7238681.jpg?t=20241217081055"
    },
    {
        "id": 7897,
        "name": "Patatas Fritas Lisas Bolsa DUSO",
        "price": 2.69,
        "price_kilo": 8.97,
        "slug": "patatas-fritas-lisas-bolsa",
        "description": "Patatas Fritas Lisas Bolsa 300 Gr",
        "image": "https:\/\/cdn-consum.aktiosdigitalservices.com\/tol\/consum\/media\/product\/img\/300x300\/7238686.jpg?t=20250318080937"
    },
    {
        "id": 7898,
        "name": "Compresa Noche EVAX",
        "price": 4.89,
        "price_kilo": 0.27,
        "slug": "compresa-noche",
        "description": "Compresa Noche 18 U",
        "image": "https:\/\/cdn-consum.aktiosdigitalservices.com\/tol\/consum\/media\/product\/img\/300x300\/7238694.jpg?t=20241217081055"
    },
    {
        "id": 7901,
        "name": "Pi\u00f1a Entera ",
        "price": 4.23,
        "price_kilo": 1.99,
        "slug": "pina-entera",
        "description": "Pi\u00f1a Entera",
        "image": "https:\/\/cdn-consum.aktiosdigitalservices.com\/tol\/consum\/media\/product\/img\/300x300\/7238731.jpg?t=20250319080110"
    },
    {
        "id": 7903,
        "name": "Vodka SHARUSKA",
        "price": 4.95,
        "price_kilo": 7.07,
        "slug": "vodka",
        "description": "Vodka 0,7 L",
        "image": "https:\/\/cdn-consum.aktiosdigitalservices.com\/tol\/consum\/media\/product\/img\/300x300\/7238892.jpg?t=20250320075953"
    },
    {
        "id": 7907,
        "name": "Cerveza Botella Cristal Pack-6 E.GALICIA",
        "price": 3.19,
        "price_kilo": 2.66,
        "slug": "cerveza-botella-cristal-pack-6",
        "description": "Cerveza Botella Cristal Pack-6 6 x 0,2 L",
        "image": "https:\/\/cdn-consum.aktiosdigitalservices.com\/tol\/consum\/media\/product\/img\/300x300\/7239168.jpg?t=20250227091934"
    },
    {
        "id": 7910,
        "name": "Cerveza Tostada Lata AMSTEL ORO",
        "price": 0.68,
        "price_kilo": 2.06,
        "slug": "cerveza-tostada-lata",
        "description": "Cerveza Tostada Lata 0,33 L",
        "image": "https:\/\/cdn-consum.aktiosdigitalservices.com\/tol\/consum\/media\/product\/img\/300x300\/7239189.jpg?t=20250228080114"
    },
    {
        "id": 7914,
        "name": "Caramelo Bals\u00e1mico Eucalipto PICTOLIN",
        "price": 1.65,
        "price_kilo": 8.25,
        "slug": "caramelo-balsamico-eucalipto",
        "description": "Caramelo Bals\u00e1mico Eucalipto 200 Gr",
        "image": "https:\/\/cdn-consum.aktiosdigitalservices.com\/tol\/consum\/media\/product\/img\/300x300\/7239551.jpg?t=20250311124525"
    },
    {
        "id": 7915,
        "name": "Caramelo Bals\u00e1mico Eucalipto sin Az\u00facar PICTOLIN",
        "price": 1.85,
        "price_kilo": 12.33,
        "slug": "caramelo-balsamico-eucalipto-sin-azucar",
        "description": "Caramelo Bals\u00e1mico Eucalipto sin Az\u00facar 150 Gr",
        "image": "https:\/\/cdn-consum.aktiosdigitalservices.com\/tol\/consum\/media\/product\/img\/300x300\/7239556.jpg?t=20250311124527"
    },
    {
        "id": 7920,
        "name": "Rulo de Vaca EL PASTOR",
        "price": 1.93,
        "price_kilo": 13.79,
        "slug": "rulo-de-vaca",
        "description": "Rulo de Vaca 140 Gr",
        "image": "https:\/\/cdn-consum.aktiosdigitalservices.com\/tol\/consum\/media\/product\/img\/300x300\/7239911.jpg?t=20250103081238"
    },
    {
        "id": 7928,
        "name": "Mascarilla Tesoro de Miel Reparadora OR.REMEDIES",
        "price": 3.99,
        "price_kilo": 1.18,
        "slug": "mascarilla-tesoro-de-miel-reparadora",
        "description": "Mascarilla Tesoro de Miel Reparadora 340 ml",
        "image": "https:\/\/cdn-consum.aktiosdigitalservices.com\/tol\/consum\/media\/product\/img\/300x300\/7239957.jpg?t=20250228080116"
    },
    {
        "id": 7930,
        "name": "Aceite en Crema Oliva M\u00edtica OR.REMEDIES",
        "price": 2.5,
        "price_kilo": 1.25,
        "slug": "aceite-en-crema-oliva-mitica",
        "description": "Aceite en Crema Oliva M\u00edtica 200 ml",
        "image": "https:\/\/cdn-consum.aktiosdigitalservices.com\/tol\/consum\/media\/product\/img\/300x300\/7239965.jpg?t=20250228080118"
    },
    {
        "id": 7934,
        "name": "Bebida Avena Calcio Brik YOSOY",
        "price": 1.7,
        "price_kilo": 1.7,
        "slug": "bebida-avena-calcio-brik",
        "description": "Bebida Avena Calcio Brik 1 L",
        "image": "https:\/\/cdn-consum.aktiosdigitalservices.com\/tol\/consum\/media\/product\/img\/300x300\/7240096.jpg?t=20250311105505"
    },
    {
        "id": 7935,
        "name": "Gel Exfoliante Facial Puntos Negros CLEAN&CLEAR",
        "price": 4.99,
        "price_kilo": 3.33,
        "slug": "gel-exfoliante-facial-puntos-negros",
        "description": "Gel Exfoliante Facial Puntos Negros 150 ml",
        "image": "https:\/\/cdn-consum.aktiosdigitalservices.com\/tol\/consum\/media\/product\/img\/300x300\/7240166.jpg?t=20250312160333"
    },
    {
        "id": 7937,
        "name": "Bebida de Almendras Brik ALMENDROLA",
        "price": 1.65,
        "price_kilo": 1.65,
        "slug": "bebida-de-almendras-brik",
        "description": "Bebida de Almendras Brik 1 L",
        "image": "https:\/\/cdn-consum.aktiosdigitalservices.com\/tol\/consum\/media\/product\/img\/300x300\/7240224.jpg?t=20250311105508"
    },
    {
        "id": 7941,
        "name": "Mermelada Diet Frambuesa VIEJA FABRIC",
        "price": 2.99,
        "price_kilo": 10.68,
        "slug": "mermelada-diet-frambuesa",
        "description": "Mermelada Diet Frambuesa 280 Gr",
        "image": "https:\/\/cdn-consum.aktiosdigitalservices.com\/tol\/consum\/media\/product\/img\/300x300\/7240286.jpg?t=20250311105510"
    },
    {
        "id": 7942,
        "name": "Mermelada Diet Naranja Amarga VIEJA FABRIC",
        "price": 2.79,
        "price_kilo": 9.62,
        "slug": "mermelada-diet-naranja-amarga",
        "description": "Mermelada Diet Naranja Amarga 290 Gr",
        "image": "https:\/\/cdn-consum.aktiosdigitalservices.com\/tol\/consum\/media\/product\/img\/300x300\/7240302.jpg?t=20250311105513"
    },
    {
        "id": 7943,
        "name": "T\u00e9 Verde con Jengibre Sabor Naranja POMPADOUR",
        "price": 2.79,
        "price_kilo": 0.14,
        "slug": "te-verde-con-jengibre-sabor-naranja",
        "description": "T\u00e9 Verde con Jengibre Sabor Naranja 20 U",
        "image": "https:\/\/cdn-consum.aktiosdigitalservices.com\/tol\/consum\/media\/product\/img\/300x300\/7240591.jpg?t=20250311105515"
    },
    {
        "id": 7947,
        "name": "Leche Entera Ecol\u00f3gica Brik PULEVA",
        "price": 1.51,
        "price_kilo": 1.51,
        "slug": "leche-entera-ecologica-brik",
        "description": "Leche Entera Ecol\u00f3gica Brik 1 L",
        "image": "https:\/\/cdn-consum.aktiosdigitalservices.com\/tol\/consum\/media\/product\/img\/300x300\/7241011.jpg?t=20250312092755"
    },
    {
        "id": 7956,
        "name": "Rollo Cocina Maxi Asso Ultra 3 Capas FOXY",
        "price": 3.69,
        "price_kilo": 1.85,
        "slug": "rollo-cocina-maxi-asso-ultra-3-capas",
        "description": "Rollo Cocina Maxi Asso Ultra 3 Capas 2 U",
        "image": "https:\/\/cdn-consum.aktiosdigitalservices.com\/tol\/consum\/media\/product\/img\/300x300\/7241292.jpg?t=20250206092446"
    },
    {
        "id": 7961,
        "name": "Cerveza Tostada Lata TURIA",
        "price": 0.82,
        "price_kilo": 2.48,
        "slug": "cerveza-tostada-lata",
        "description": "Cerveza Tostada Lata 0,33 L",
        "image": "https:\/\/cdn-consum.aktiosdigitalservices.com\/tol\/consum\/media\/product\/img\/300x300\/7241839.jpg?t=20250320075956"
    },
    {
        "id": 7964,
        "name": "Cereales All-Bran Chocolate KELLOGG'S",
        "price": 3.99,
        "price_kilo": 10.64,
        "slug": "cereales-all-bran-chocolate",
        "description": "Cereales All-Bran Chocolate 375 Gr",
        "image": "https:\/\/cdn-consum.aktiosdigitalservices.com\/tol\/consum\/media\/product\/img\/300x300\/7242225.jpg?t=20250311133711"
    },
    {
        "id": 7966,
        "name": "Muesli Chocolate Extra Crujiente KELLOGG'S",
        "price": 4.49,
        "price_kilo": 11.97,
        "slug": "muesli-chocolate-extra-crujiente",
        "description": "Muesli Chocolate Extra Crujiente 375 Gr",
        "image": "https:\/\/cdn-consum.aktiosdigitalservices.com\/tol\/consum\/media\/product\/img\/300x300\/7242258.jpg?t=20250311105527"
    },
    {
        "id": 7967,
        "name": "Tortita Ma\u00edz Jordi Cruz Seta, Trufa y Queso BICENTURY",
        "price": 2.39,
        "price_kilo": 19.35,
        "slug": "tortita-maiz-jordi-cruz-seta-trufa-y-queso",
        "description": "Tortita Ma\u00edz Jordi Cruz Seta, Trufa y Queso 123,5 Gr",
        "image": "https:\/\/cdn-consum.aktiosdigitalservices.com\/tol\/consum\/media\/product\/img\/300x300\/7242480.jpg?t=20250313080337"
    },
    {
        "id": 7969,
        "name": "Chuletas de Pavo Adobadas al Ajillo ALDELIS",
        "price": 3.83,
        "price_kilo": 7.65,
        "slug": "chuletas-de-pavo-adobadas-al-ajillo",
        "description": "Chuletas de Pavo Adobadas al Ajillo",
        "image": "https:\/\/cdn-consum.aktiosdigitalservices.com\/tol\/consum\/media\/product\/img\/300x300\/7242522.jpg?t=20250225080007"
    },
    {
        "id": 7973,
        "name": "Bebida de Coco Brik ALPRO",
        "price": 2.29,
        "price_kilo": 2.29,
        "slug": "bebida-de-coco-brik",
        "description": "Bebida de Coco Brik 1 L",
        "image": "https:\/\/cdn-consum.aktiosdigitalservices.com\/tol\/consum\/media\/product\/img\/300x300\/7242592.jpg?t=20250319075849"
    },
    {
        "id": 7975,
        "name": "Mantequilla Tradicional Tarrina ASTURIANA",
        "price": 3.55,
        "price_kilo": 14.2,
        "slug": "mantequilla-tradicional-tarrina",
        "description": "Mantequilla Tradicional Tarrina 250 Gr",
        "image": "https:\/\/cdn-consum.aktiosdigitalservices.com\/tol\/consum\/media\/product\/img\/300x300\/7242618.jpg?t=20250206092505"
    },
    {
        "id": 7976,
        "name": "Alcaparras en Vinagre Tarro CONSUM",
        "price": 1.3,
        "price_kilo": 16.25,
        "slug": "alcaparras-en-vinagre-tarro",
        "description": "Alcaparras en Vinagre Tarro 80 Gr",
        "image": "https:\/\/cdn-consum.aktiosdigitalservices.com\/tol\/consum\/media\/product\/img\/300x300\/7242634.jpg?t=20241217081056"
    },
    {
        "id": 7983,
        "name": "Enjuague Bucal Blanqueador LISTERINE",
        "price": 5.99,
        "price_kilo": 1.2,
        "slug": "enjuague-bucal-blanqueador",
        "description": "Enjuague Bucal Blanqueador 500 ml",
        "image": "https:\/\/cdn-consum.aktiosdigitalservices.com\/tol\/consum\/media\/product\/img\/300x300\/7243376.jpg?t=20250312160342"
    },
    {
        "id": 7985,
        "name": "Nata sin Lactosa ASTURIANA",
        "price": 1.65,
        "price_kilo": 8.25,
        "slug": "nata-sin-lactosa",
        "description": "Nata sin Lactosa 200 ml",
        "image": "https:\/\/cdn-consum.aktiosdigitalservices.com\/tol\/consum\/media\/product\/img\/300x300\/7243462.jpg?t=20250311105536"
    },
    {
        "id": 7986,
        "name": "Caf\u00e9 Soluble Natural Vitalissimo NESCAFE",
        "price": 8.25,
        "price_kilo": 41.25,
        "slug": "cafe-soluble-natural-vitalissimo",
        "description": "Caf\u00e9 Soluble Natural Vitalissimo 200 Gr",
        "image": "https:\/\/cdn-consum.aktiosdigitalservices.com\/tol\/consum\/media\/product\/img\/300x300\/7243665.jpg?t=20250311133716"
    },
    {
        "id": 7988,
        "name": "Peques3 Preparado L\u00e1cteo Cereales y Fruta PULEVA",
        "price": 1.99,
        "price_kilo": 3.32,
        "slug": "peques3-preparado-lacteo-cereales-y-fruta",
        "description": "Peques3 Preparado L\u00e1cteo Cereales y Fruta 3 x 200 ml",
        "image": "https:\/\/cdn-consum.aktiosdigitalservices.com\/tol\/consum\/media\/product\/img\/300x300\/7243918.jpg?t=20250311133720"
    },
    {
        "id": 7990,
        "name": "Cerveza Lata AMSTEL",
        "price": 1.25,
        "price_kilo": 2.5,
        "slug": "cerveza-lata",
        "description": "Cerveza Lata 0,5 L",
        "image": "https:\/\/cdn-consum.aktiosdigitalservices.com\/tol\/consum\/media\/product\/img\/300x300\/7244010.jpg?t=20250312092755"
    },
    {
        "id": 7993,
        "name": "Cacahuetes con Miel Paquete CONSUM",
        "price": 1.35,
        "price_kilo": 9,
        "slug": "cacahuetes-con-miel-paquete",
        "description": "Cacahuetes con Miel Paquete 150 Gr",
        "image": "https:\/\/cdn-consum.aktiosdigitalservices.com\/tol\/consum\/media\/product\/img\/300x300\/7244184.jpg?t=20250312092755"
    },
    {
        "id": 7995,
        "name": "Enjuague Bucal Fl\u00faor Menta KYREY",
        "price": 1.35,
        "price_kilo": 0.27,
        "slug": "enjuague-bucal-fluor-menta",
        "description": "Enjuague Bucal Fl\u00faor Menta 500 ml",
        "image": "https:\/\/cdn-consum.aktiosdigitalservices.com\/tol\/consum\/media\/product\/img\/300x300\/7244221.jpg?t=20250312092755"
    },
    {
        "id": 7998,
        "name": "Alb\u00f3ndiga Mixta CONSUM",
        "price": 3.25,
        "price_kilo": 8.67,
        "slug": "albondiga-mixta",
        "description": "Alb\u00f3ndiga Mixta 375 Gr",
        "image": "https:\/\/cdn-consum.aktiosdigitalservices.com\/tol\/consum\/media\/product\/img\/300x300\/7244460.jpg?t=20241217081057"
    },
    {
        "id": 8004,
        "name": "Esponja Jabonosa Desechable GREEN NATURE",
        "price": 1.2,
        "price_kilo": 0.12,
        "slug": "esponja-jabonosa-desechable",
        "description": "Esponja Jabonosa Desechable 10 U",
        "image": "https:\/\/cdn-consum.aktiosdigitalservices.com\/tol\/consum\/media\/product\/img\/300x300\/7244569.jpg?t=20250313080341"
    },
    {
        "id": 8007,
        "name": "Babero Desechable PONETTE",
        "price": 1.95,
        "price_kilo": 0.2,
        "slug": "babero-desechable",
        "description": "Babero Desechable 10 U",
        "image": "https:\/\/cdn-consum.aktiosdigitalservices.com\/tol\/consum\/media\/product\/img\/300x300\/7244809.jpg?t=20241217081057"
    },
    {
        "id": 8009,
        "name": "Caf\u00e9 Descafeinado Intenso C\u00e1psulas DOLCE GUSTO",
        "price": 5.2,
        "price_kilo": 0.33,
        "slug": "cafe-descafeinado-intenso-capsulas",
        "description": "Caf\u00e9 Descafeinado Intenso C\u00e1psulas 16 U",
        "image": "https:\/\/cdn-consum.aktiosdigitalservices.com\/tol\/consum\/media\/product\/img\/300x300\/7245301.jpg?t=20250312160349"
    },
    {
        "id": 8012,
        "name": "Taquitos Salm\u00f3n Ahumad Noruego LA BALINESA",
        "price": 2.99,
        "price_kilo": 39.87,
        "slug": "taquitos-salmon-ahumad-noruego",
        "description": "Taquitos Salm\u00f3n Ahumad Noruego 75 Gr",
        "image": "https:\/\/cdn-consum.aktiosdigitalservices.com\/tol\/consum\/media\/product\/img\/300x300\/7245616.jpg?t=20241217081057"
    },
    {
        "id": 8013,
        "name": "Bebida Energ\u00e9tica Lata CONTACT",
        "price": 0.75,
        "price_kilo": 1.5,
        "slug": "bebida-energetica-lata",
        "description": "Bebida Energ\u00e9tica Lata 0,5 L",
        "image": "https:\/\/cdn-consum.aktiosdigitalservices.com\/tol\/consum\/media\/product\/img\/300x300\/7245629.jpg?t=20241219080358"
    },
    {
        "id": 8015,
        "name": "M\u00e1quina Desechable 2H con Banda MYSTIQUE",
        "price": 1,
        "price_kilo": 0.2,
        "slug": "maquina-desechable-2h-con-banda",
        "description": "M\u00e1quina Desechable 2H con Banda 5 U",
        "image": "https:\/\/cdn-consum.aktiosdigitalservices.com\/tol\/consum\/media\/product\/img\/300x300\/7245822.jpg?t=20241217081057"
    },
    {
        "id": 8017,
        "name": "Tinte 8.1 Rubio Claro Ceniza PALETTE",
        "price": 4.79,
        "price_kilo": 4.79,
        "slug": "tinte-81-rubio-claro-ceniza",
        "description": "Tinte 8.1 Rubio Claro Ceniza 1 U",
        "image": "https:\/\/cdn-consum.aktiosdigitalservices.com\/tol\/consum\/media\/product\/img\/300x300\/7246072.jpg?t=20250312160351"
    },
    {
        "id": 8021,
        "name": "Chocolate Negro 70% Cacao VALOR",
        "price": 4.75,
        "price_kilo": 23.75,
        "slug": "chocolate-negro-70-cacao",
        "description": "Chocolate Negro 70% Cacao 200 Gr",
        "image": "https:\/\/cdn-consum.aktiosdigitalservices.com\/tol\/consum\/media\/product\/img\/300x300\/7246242.jpg?t=20250311133723"
    },
    {
        "id": 8026,
        "name": "Vaselina SENTI-2",
        "price": 1.99,
        "price_kilo": 19.9,
        "slug": "vaselina",
        "description": "Vaselina 100 Gr",
        "image": "https:\/\/cdn-consum.aktiosdigitalservices.com\/tol\/consum\/media\/product\/img\/300x300\/7246478.jpg?t=20241217081057"
    },
    {
        "id": 8027,
        "name": "Plumas Pasta Fina Paquete GALLO",
        "price": 1.41,
        "price_kilo": 3.53,
        "slug": "plumas-pasta-fina-paquete",
        "description": "Plumas Pasta Fina Paquete 400 Gr",
        "image": "https:\/\/cdn-consum.aktiosdigitalservices.com\/tol\/consum\/media\/product\/img\/300x300\/7246622.jpg?t=20250219080116"
    },
    {
        "id": 8029,
        "name": "Cerveza 0,0% Lata AMSTEL",
        "price": 0.79,
        "price_kilo": 2.39,
        "slug": "cerveza-00-lata",
        "description": "Cerveza 0,0% Lata 0,33 L",
        "image": "https:\/\/cdn-consum.aktiosdigitalservices.com\/tol\/consum\/media\/product\/img\/300x300\/7246700.jpg?t=20250312125429"
    },
    {
        "id": 8033,
        "name": "Cerveza Botella Cristal AMSTEL",
        "price": 1.72,
        "price_kilo": 1.72,
        "slug": "cerveza-botella-cristal",
        "description": "Cerveza Botella Cristal 1 L",
        "image": "https:\/\/cdn-consum.aktiosdigitalservices.com\/tol\/consum\/media\/product\/img\/300x300\/7246841.jpg?t=20250320080000"
    },
    {
        "id": 8035,
        "name": "Tinte Chocolate N\u00ba37 COLORSILK",
        "price": 3.69,
        "price_kilo": 3.69,
        "slug": "tinte-chocolate-n37",
        "description": "Tinte Chocolate N\u00ba37 1 U",
        "image": "https:\/\/cdn-consum.aktiosdigitalservices.com\/tol\/consum\/media\/product\/img\/300x300\/7247133.jpg?t=20250227092053"
    },
    {
        "id": 8036,
        "name": "Tinte Casta\u00f1o Oscuro N\u00ba30 COLORSILK",
        "price": 3.69,
        "price_kilo": 3.69,
        "slug": "tinte-castano-oscuro-n30",
        "description": "Tinte Casta\u00f1o Oscuro N\u00ba30 1 U",
        "image": "https:\/\/cdn-consum.aktiosdigitalservices.com\/tol\/consum\/media\/product\/img\/300x300\/7247138.jpg?t=20250227092056"
    },
    {
        "id": 8037,
        "name": "Tinte Negro N\u00ba10 COLORSILK",
        "price": 3.69,
        "price_kilo": 3.69,
        "slug": "tinte-negro-n10",
        "description": "Tinte Negro N\u00ba10 1 U",
        "image": "https:\/\/cdn-consum.aktiosdigitalservices.com\/tol\/consum\/media\/product\/img\/300x300\/7247141.jpg?t=20250227092100"
    },
    {
        "id": 8038,
        "name": "Tinte Casta\u00f1o Medio N\u00ba41 COLORSILK",
        "price": 3.69,
        "price_kilo": 3.69,
        "slug": "tinte-castano-medio-n41",
        "description": "Tinte Casta\u00f1o Medio N\u00ba41 1 U",
        "image": "https:\/\/cdn-consum.aktiosdigitalservices.com\/tol\/consum\/media\/product\/img\/300x300\/7247153.jpg?t=20250227092103"
    },
    {
        "id": 8039,
        "name": "Dent\u00edfrico Max White One Optic COLGATE",
        "price": 3.19,
        "price_kilo": 4.25,
        "slug": "dentifrico-max-white-one-optic",
        "description": "Dent\u00edfrico Max White One Optic 75 ml",
        "image": "https:\/\/cdn-consum.aktiosdigitalservices.com\/tol\/consum\/media\/product\/img\/300x300\/7247166.jpg?t=20250227092111"
    },
    {
        "id": 8040,
        "name": "Tinte Casta\u00f1o Claro N\u00ba51 COLORSILK",
        "price": 3.69,
        "price_kilo": 3.69,
        "slug": "tinte-castano-claro-n51",
        "description": "Tinte Casta\u00f1o Claro N\u00ba51 1 U",
        "image": "https:\/\/cdn-consum.aktiosdigitalservices.com\/tol\/consum\/media\/product\/img\/300x300\/7247182.jpg?t=20250227092113"
    },
    {
        "id": 8041,
        "name": "Tinte Rubio Oscuro Ceniza N\u00ba60 COLORSILK",
        "price": 3.69,
        "price_kilo": 3.69,
        "slug": "tinte-rubio-oscuro-ceniza-n60",
        "description": "Tinte Rubio Oscuro Ceniza N\u00ba60 1 U",
        "image": "https:\/\/cdn-consum.aktiosdigitalservices.com\/tol\/consum\/media\/product\/img\/300x300\/7247187.jpg?t=20250227092116"
    },
    {
        "id": 8052,
        "name": "K\u00e9fir Vaca EL PASTORET",
        "price": 2.32,
        "price_kilo": 4.64,
        "slug": "kefir-vaca",
        "description": "K\u00e9fir Vaca 500 Gr",
        "image": "https:\/\/cdn-consum.aktiosdigitalservices.com\/tol\/consum\/media\/product\/img\/300x300\/7247674.jpg?t=20241223080033"
    },
    {
        "id": 8054,
        "name": "Chocolate con Leche Extrafino NESTLE",
        "price": 1.85,
        "price_kilo": 14.8,
        "slug": "chocolate-con-leche-extrafino",
        "description": "Chocolate con Leche Extrafino 125 Gr",
        "image": "https:\/\/cdn-consum.aktiosdigitalservices.com\/tol\/consum\/media\/product\/img\/300x300\/7247810.jpg?t=20250321075900"
    },
    {
        "id": 8056,
        "name": "Chocolate con Leche Extrafino Pack NESTLE",
        "price": 4.25,
        "price_kilo": 11.34,
        "slug": "chocolate-con-leche-extrafino-pack",
        "description": "Chocolate con Leche Extrafino Pack 3 x 125 Gr",
        "image": "https:\/\/cdn-consum.aktiosdigitalservices.com\/tol\/consum\/media\/product\/img\/300x300\/7247950.jpg?t=20250311133727"
    },
    {
        "id": 8057,
        "name": "Chocolate Extrafino Avellanas NESTLE",
        "price": 1.99,
        "price_kilo": 16.18,
        "slug": "chocolate-extrafino-avellanas",
        "description": "Chocolate Extrafino Avellanas 123 Gr",
        "image": "https:\/\/cdn-consum.aktiosdigitalservices.com\/tol\/consum\/media\/product\/img\/300x300\/7247955.jpg?t=20250311133729"
    },
    {
        "id": 8058,
        "name": "Chocolate Extrafino con Almendras NESTLE",
        "price": 1.99,
        "price_kilo": 16.18,
        "slug": "chocolate-extrafino-con-almendras",
        "description": "Chocolate Extrafino con Almendras 123 Gr",
        "image": "https:\/\/cdn-consum.aktiosdigitalservices.com\/tol\/consum\/media\/product\/img\/300x300\/7247963.jpg?t=20250311133732"
    },
    {
        "id": 8060,
        "name": "S\u00e9rum Revitalift L\u00e1ser X3 L'OREAL",
        "price": 17.79,
        "price_kilo": 17.79,
        "slug": "serum-revitalift-laser-x3",
        "description": "S\u00e9rum Revitalift L\u00e1ser X3 1 U",
        "image": "https:\/\/cdn-consum.aktiosdigitalservices.com\/tol\/consum\/media\/product\/img\/300x300\/7248185.jpg?t=20250227092135"
    },
    {
        "id": 8072,
        "name": "Preparado L\u00e1cteo Max sin Lactosa PULEVA",
        "price": 1.89,
        "price_kilo": 1.89,
        "slug": "preparado-lacteo-max-sin-lactosa",
        "description": "Preparado L\u00e1cteo Max sin Lactosa 1 L",
        "image": "https:\/\/cdn-consum.aktiosdigitalservices.com\/tol\/consum\/media\/product\/img\/300x300\/7248946.jpg?t=20250311105636"
    },
    {
        "id": 8078,
        "name": "Colonia Masculina N\u00ba66 CARAVAN",
        "price": 10.95,
        "price_kilo": 7.3,
        "slug": "colonia-masculina-n66",
        "description": "Colonia Masculina N\u00ba66 150 ml",
        "image": "https:\/\/cdn-consum.aktiosdigitalservices.com\/tol\/consum\/media\/product\/img\/300x300\/7249316.jpg?t=20241217081059"
    },
    {
        "id": 8098,
        "name": "Caf\u00e9 Espresso Natural Molido CONSUM",
        "price": 3.1,
        "price_kilo": 12.4,
        "slug": "cafe-espresso-natural-molido",
        "description": "Caf\u00e9 Espresso Natural Molido 250 Gr",
        "image": "https:\/\/cdn-consum.aktiosdigitalservices.com\/tol\/consum\/media\/product\/img\/300x300\/7250330.jpg?t=20250311105638"
    },
    {
        "id": 8105,
        "name": "Jab\u00f3n de Manos Glicerina LIDA",
        "price": 2.99,
        "price_kilo": 1.2,
        "slug": "jabon-de-manos-glicerina",
        "description": "Jab\u00f3n de Manos Glicerina 250 ml",
        "image": "https:\/\/cdn-consum.aktiosdigitalservices.com\/tol\/consum\/media\/product\/img\/300x300\/7250426.jpg?t=20250227092150"
    },
    {
        "id": 8106,
        "name": "Platanitos Maduros Bolsa SOLDANZA",
        "price": 1.49,
        "price_kilo": 20.99,
        "slug": "platanitos-maduros-bolsa",
        "description": "Platanitos Maduros Bolsa 71 Gr",
        "image": "https:\/\/cdn-consum.aktiosdigitalservices.com\/tol\/consum\/media\/product\/img\/300x300\/7250504.jpg?t=20250123075911"
    },
    {
        "id": 8107,
        "name": "Gyoza de Carne al Vapor TA-TUNG",
        "price": 3.79,
        "price_kilo": 26.32,
        "slug": "gyoza-de-carne-al-vapor",
        "description": "Gyoza de Carne al Vapor 170 Gr",
        "image": "https:\/\/cdn-consum.aktiosdigitalservices.com\/tol\/consum\/media\/product\/img\/300x300\/7250608.jpg?t=20250227092154"
    },
    {
        "id": 8109,
        "name": "Galletas Desayuno con Chocolate y Cereales CONSUM",
        "price": 1.99,
        "price_kilo": 4.98,
        "slug": "galletas-desayuno-con-chocolate-y-cereales",
        "description": "Galletas Desayuno con Chocolate y Cereales 400 Gr",
        "image": "https:\/\/cdn-consum.aktiosdigitalservices.com\/tol\/consum\/media\/product\/img\/300x300\/7250827.jpg?t=20250311133738"
    },
    {
        "id": 8110,
        "name": "Quinoa 100% Paquete SOS",
        "price": 1.95,
        "price_kilo": 7.8,
        "slug": "quinoa-100-paquete",
        "description": "Quinoa 100% Paquete 250 Gr",
        "image": "https:\/\/cdn-consum.aktiosdigitalservices.com\/tol\/consum\/media\/product\/img\/300x300\/7250918.jpg?t=20250103081304"
    },
    {
        "id": 8118,
        "name": "Crema de Untar NUTELLA",
        "price": 3.95,
        "price_kilo": 11.29,
        "slug": "crema-de-untar",
        "description": "Crema de Untar 350 Gr",
        "image": "https:\/\/cdn-consum.aktiosdigitalservices.com\/tol\/consum\/media\/product\/img\/300x300\/7251494.jpg?t=20250311133740"
    },
    {
        "id": 8119,
        "name": "Parches para Acn\u00e9 ACTY PATCH",
        "price": 3.15,
        "price_kilo": 0.08,
        "slug": "parches-para-acne",
        "description": "Parches para Acn\u00e9 40 U",
        "image": "https:\/\/cdn-consum.aktiosdigitalservices.com\/tol\/consum\/media\/product\/img\/300x300\/7251853.jpg?t=20241217081100"
    },
    {
        "id": 8122,
        "name": "Bebida Multivitaminas Brik DON SIMON",
        "price": 1.25,
        "price_kilo": 0.63,
        "slug": "bebida-multivitaminas-brik",
        "description": "Bebida Multivitaminas Brik 2 L",
        "image": "https:\/\/cdn-consum.aktiosdigitalservices.com\/tol\/consum\/media\/product\/img\/300x300\/7252331.jpg?t=20250206092654"
    },
    {
        "id": 8123,
        "name": "Pant Super Talla M INDASEC",
        "price": 10.9,
        "price_kilo": 1.09,
        "slug": "pant-super-talla-m",
        "description": "Pant Super Talla M 10 U",
        "image": "https:\/\/cdn-consum.aktiosdigitalservices.com\/tol\/consum\/media\/product\/img\/300x300\/7252369.jpg?t=20250206092657"
    },
    {
        "id": 8124,
        "name": "Loci\u00f3n Cabello Camomila Rubio Natural INTEA",
        "price": 8.89,
        "price_kilo": 8.89,
        "slug": "locion-cabello-camomila-rubio-natural",
        "description": "Loci\u00f3n Cabello Camomila Rubio Natural 100 ml",
        "image": "https:\/\/cdn-consum.aktiosdigitalservices.com\/tol\/consum\/media\/product\/img\/300x300\/7252393.jpg?t=20241217081100"
    },
    {
        "id": 8125,
        "name": "Galleta Rellena de Crema Golden OREO",
        "price": 1.6,
        "price_kilo": 10.39,
        "slug": "galleta-rellena-de-crema-golden",
        "description": "Galleta Rellena de Crema Golden 154 Gr",
        "image": "https:\/\/cdn-consum.aktiosdigitalservices.com\/tol\/consum\/media\/product\/img\/300x300\/7252430.jpg?t=20250312160415"
    },
    {
        "id": 8132,
        "name": "Cerveza sin Gluten Botella SAN MIGUEL",
        "price": 0.88,
        "price_kilo": 2.66,
        "slug": "cerveza-sin-gluten-botella",
        "description": "Cerveza sin Gluten Botella 0,33 L",
        "image": "https:\/\/cdn-consum.aktiosdigitalservices.com\/tol\/consum\/media\/product\/img\/300x300\/7252810.jpg?t=20250311133746"
    },
    {
        "id": 8136,
        "name": "Vino Blanco de Mesa Botella ROIXELA",
        "price": 1.75,
        "price_kilo": 1.75,
        "slug": "vino-blanco-de-mesa-botella",
        "description": "Vino Blanco de Mesa Botella 1 L",
        "image": "https:\/\/cdn-consum.aktiosdigitalservices.com\/tol\/consum\/media\/product\/img\/300x300\/7253219.jpg?t=20250227092206"
    },
    {
        "id": 8140,
        "name": "Desodorante Roll-On Original LACTOVIT",
        "price": 2,
        "price_kilo": 4,
        "slug": "desodorante-roll-on-original",
        "description": "Desodorante Roll-On Original 50 ml",
        "image": "https:\/\/cdn-consum.aktiosdigitalservices.com\/tol\/consum\/media\/product\/img\/300x300\/7254048.jpg?t=20250227092208"
    },
    {
        "id": 8141,
        "name": "Sopa de Pollo con Fideos Finos Baja en Sal Sobre G.BLANCA",
        "price": 0.85,
        "price_kilo": 12.5,
        "slug": "sopa-de-pollo-con-fideos-finos-baja-en-sal-sobre",
        "description": "Sopa de Pollo con Fideos Finos Baja en Sal Sobre 68 Gr",
        "image": "https:\/\/cdn-consum.aktiosdigitalservices.com\/tol\/consum\/media\/product\/img\/300x300\/7254068.jpg?t=20241217081102"
    },
    {
        "id": 8150,
        "name": "Burger Entrecot Aguja 2 Unidades ROLER",
        "price": 3.99,
        "price_kilo": 16.63,
        "slug": "burger-entrecot-aguja-2-unidades",
        "description": "Burger Entrecot Aguja 2 Unidades 240 Gr",
        "image": "https:\/\/cdn-consum.aktiosdigitalservices.com\/tol\/consum\/media\/product\/img\/300x300\/7254394.jpg?t=20250128080051"
    },
    {
        "id": 8154,
        "name": "Vino Tinto de Mesa Botella ROIXELA",
        "price": 1.75,
        "price_kilo": 1.75,
        "slug": "vino-tinto-de-mesa-botella",
        "description": "Vino Tinto de Mesa Botella 1 L",
        "image": "https:\/\/cdn-consum.aktiosdigitalservices.com\/tol\/consum\/media\/product\/img\/300x300\/7254857.jpg?t=20250227092218"
    },
    {
        "id": 8156,
        "name": "Bifrutas Tropical Zero Pack de 6 BIFRUTAS",
        "price": 2.52,
        "price_kilo": 2.1,
        "slug": "bifrutas-tropical-zero-pack-de-6",
        "description": "Bifrutas Tropical Zero Pack de 6 6 x 200 ml",
        "image": "https:\/\/cdn-consum.aktiosdigitalservices.com\/tol\/consum\/media\/product\/img\/300x300\/7255099.jpg?t=20250313080355"
    },
    {
        "id": 8161,
        "name": "Laca Fuerte NELLY",
        "price": 2.59,
        "price_kilo": 0.65,
        "slug": "laca-fuerte",
        "description": "Laca Fuerte 400 ml",
        "image": "https:\/\/cdn-consum.aktiosdigitalservices.com\/tol\/consum\/media\/product\/img\/300x300\/7255664.jpg?t=20241217081102"
    },
    {
        "id": 8166,
        "name": "Salsa Romesco Tarro D'ATENEA",
        "price": 2.65,
        "price_kilo": 9.14,
        "slug": "salsa-romesco-tarro",
        "description": "Salsa Romesco Tarro 290 Gr",
        "image": "https:\/\/cdn-consum.aktiosdigitalservices.com\/tol\/consum\/media\/product\/img\/300x300\/7256159.jpg?t=20241217081103"
    },
    {
        "id": 8178,
        "name": "Az\u00facar Glace Bote AZUCARERA",
        "price": 2.6,
        "price_kilo": 5.2,
        "slug": "azucar-glace-bote",
        "description": "Az\u00facar Glace Bote 500 Gr",
        "image": "https:\/\/cdn-consum.aktiosdigitalservices.com\/tol\/consum\/media\/product\/img\/300x300\/7256915.jpg?t=20250311105719"
    },
    {
        "id": 8182,
        "name": "Pila Alcalina AA LR6 Pack de 8 BAT",
        "price": 1.65,
        "price_kilo": 0.21,
        "slug": "pila-alcalina-aa-lr6-pack-de-8",
        "description": "Pila Alcalina AA LR6 Pack de 8 8 U",
        "image": "https:\/\/cdn-consum.aktiosdigitalservices.com\/tol\/consum\/media\/product\/img\/300x300\/7257160.jpg?t=20241217081103"
    },
    {
        "id": 8183,
        "name": "Pila Alcalina AAA LR03 Pack de 4 BAT",
        "price": 0.99,
        "price_kilo": 0.25,
        "slug": "pila-alcalina-aaa-lr03-pack-de-4",
        "description": "Pila Alcalina AAA LR03 Pack de 4 4 U",
        "image": "https:\/\/cdn-consum.aktiosdigitalservices.com\/tol\/consum\/media\/product\/img\/300x300\/7257165.jpg?t=20241217081103"
    },
    {
        "id": 8189,
        "name": "Bebida Energ\u00e9tica Light Absolutely Zero Lata MONSTER",
        "price": 1.79,
        "price_kilo": 3.58,
        "slug": "bebida-energetica-light-absolutely-zero-lata",
        "description": "Bebida Energ\u00e9tica Light Absolutely Zero Lata 0,5 L",
        "image": "https:\/\/cdn-consum.aktiosdigitalservices.com\/tol\/consum\/media\/product\/img\/300x300\/7257566.jpg?t=20250320080009"
    },
    {
        "id": 8194,
        "name": "Pan Hogaza Masa Madre RUSTIK BAKER",
        "price": 2.73,
        "price_kilo": 6.83,
        "slug": "pan-hogaza-masa-madre",
        "description": "Pan Hogaza Masa Madre 400 Gr",
        "image": "https:\/\/cdn-consum.aktiosdigitalservices.com\/tol\/consum\/media\/product\/img\/300x300\/7257934.jpg?t=20250311105721"
    },
    {
        "id": 8202,
        "name": "Champ\u00fa Aceite Extraordinario ELVIVE",
        "price": 4.75,
        "price_kilo": 1.19,
        "slug": "champu-aceite-extraordinario",
        "description": "Champ\u00fa Aceite Extraordinario 400 ml",
        "image": "https:\/\/cdn-consum.aktiosdigitalservices.com\/tol\/consum\/media\/product\/img\/300x300\/7258189.jpg?t=20250312160418"
    },
    {
        "id": 8204,
        "name": "Champ\u00fa Color Vive ELVIVE",
        "price": 3.8,
        "price_kilo": 0.95,
        "slug": "champu-color-vive",
        "description": "Champ\u00fa Color Vive 400 ml",
        "image": "https:\/\/cdn-consum.aktiosdigitalservices.com\/tol\/consum\/media\/product\/img\/300x300\/7258200.jpg?t=20250312160423"
    },
    {
        "id": 8207,
        "name": "Champ\u00fa Total Repair 5 ELVIVE",
        "price": 4.75,
        "price_kilo": 1.25,
        "slug": "champu-total-repair-5",
        "description": "Champ\u00fa Total Repair 5 380 ml",
        "image": "https:\/\/cdn-consum.aktiosdigitalservices.com\/tol\/consum\/media\/product\/img\/300x300\/7258254.jpg?t=20250312160428"
    },
    {
        "id": 8217,
        "name": "Aceite Facial Rosa Mosqueta NATURTIERRA",
        "price": 6.29,
        "price_kilo": 20.97,
        "slug": "aceite-facial-rosa-mosqueta",
        "description": "Aceite Facial Rosa Mosqueta 30 ml",
        "image": "https:\/\/cdn-consum.aktiosdigitalservices.com\/tol\/consum\/media\/product\/img\/300x300\/7259393.jpg?t=20241217081104"
    },
    {
        "id": 8223,
        "name": "Botella Vac\u00eda Dosificador PONETTE",
        "price": 0.99,
        "price_kilo": 0.99,
        "slug": "botella-vacia-dosificador",
        "description": "Botella Vac\u00eda Dosificador 1 U",
        "image": "https:\/\/cdn-consum.aktiosdigitalservices.com\/tol\/consum\/media\/product\/img\/300x300\/7259604.jpg?t=20241217081104"
    },
    {
        "id": 8232,
        "name": "Fruta Leche Mel\u00f3n Sand\u00eda Zero Pack 6x200 DON SIMON",
        "price": 1.5,
        "price_kilo": 1.25,
        "slug": "fruta-leche-melon-sandia-zero-pack-6x200",
        "description": "Fruta Leche Mel\u00f3n Sand\u00eda Zero Pack 6x200 6 x 200 ml",
        "image": "https:\/\/cdn-consum.aktiosdigitalservices.com\/tol\/consum\/media\/product\/img\/300x300\/7260347.jpg?t=20250311105735"
    },
    {
        "id": 8238,
        "name": "Sand\u00eda Entera ",
        "price": 14.06,
        "price_kilo": 2.25,
        "slug": "sandia-entera",
        "description": "Sand\u00eda Entera",
        "image": "https:\/\/cdn-consum.aktiosdigitalservices.com\/tol\/consum\/media\/product\/img\/300x300\/6114.jpg?t=20250322075619"
    },
    {
        "id": 8239,
        "name": "Salchichas Wieners Bocadillo OSCAR MAYER",
        "price": 1.75,
        "price_kilo": 6.36,
        "slug": "salchichas-wieners-bocadillo",
        "description": "Salchichas Wieners Bocadillo 275 Gr",
        "image": "https:\/\/cdn-consum.aktiosdigitalservices.com\/tol\/consum\/media\/product\/img\/300x300\/224303.jpg?t=20250311164530"
    },
    {
        "id": 8241,
        "name": "Cereales Nesquik Chocolate NESTLE",
        "price": 3.89,
        "price_kilo": 10.37,
        "slug": "cereales-nesquik-chocolate",
        "description": "Cereales Nesquik Chocolate 375 Gr",
        "image": "https:\/\/cdn-consum.aktiosdigitalservices.com\/tol\/consum\/media\/product\/img\/300x300\/317545.jpg?t=20250311103131"
    },
    {
        "id": 8244,
        "name": "Comida Seca Perros Bon Men\u00fa AFFINITY",
        "price": 9.45,
        "price_kilo": 2.36,
        "slug": "comida-seca-perros-bon-menu",
        "description": "Comida Seca Perros Bon Men\u00fa 4 Kg",
        "image": "https:\/\/cdn-consum.aktiosdigitalservices.com\/tol\/consum\/media\/product\/img\/300x300\/338111.jpg?t=20241217080947"
    },
    {
        "id": 8245,
        "name": "Sopa Deshidratada Maravilla Sobre G.BLANCA",
        "price": 0.85,
        "price_kilo": 10,
        "slug": "sopa-deshidratada-maravilla-sobre",
        "description": "Sopa Deshidratada Maravilla Sobre 85 Gr",
        "image": "https:\/\/cdn-consum.aktiosdigitalservices.com\/tol\/consum\/media\/product\/img\/300x300\/364422.jpg?t=20241217080947"
    },
    {
        "id": 8246,
        "name": "Tallarines Parmesana Sobre G.BLANCA",
        "price": 2.49,
        "price_kilo": 17.41,
        "slug": "tallarines-parmesana-sobre",
        "description": "Tallarines Parmesana Sobre 143 Gr",
        "image": "https:\/\/cdn-consum.aktiosdigitalservices.com\/tol\/consum\/media\/product\/img\/300x300\/369074.jpg?t=20241217080948"
    },
    {
        "id": 8249,
        "name": "Batido de Fresa Botella CHOLECK",
        "price": 1.89,
        "price_kilo": 1.89,
        "slug": "batido-de-fresa-botella",
        "description": "Batido de Fresa Botella 1 L",
        "image": "https:\/\/cdn-consum.aktiosdigitalservices.com\/tol\/consum\/media\/product\/img\/300x300\/596619.jpg?t=20250320075645"
    },
    {
        "id": 8250,
        "name": "Tarrito Fruta Variada Pack de 2 HERO",
        "price": 1.99,
        "price_kilo": 8.29,
        "slug": "tarrito-fruta-variada-pack-de-2",
        "description": "Tarrito Fruta Variada Pack de 2 2 x 120 Gr",
        "image": "https:\/\/cdn-consum.aktiosdigitalservices.com\/tol\/consum\/media\/product\/img\/300x300\/650416.jpg?t=20250311132909"
    },
    {
        "id": 8251,
        "name": "Lentejas con Vegetales Bote CALZADO",
        "price": 1.65,
        "price_kilo": 4.13,
        "slug": "lentejas-con-vegetales-bote",
        "description": "Lentejas con Vegetales Bote 400 Gr",
        "image": "https:\/\/cdn-consum.aktiosdigitalservices.com\/tol\/consum\/media\/product\/img\/300x300\/681478.jpg?t=20250109093254"
    },
    {
        "id": 8252,
        "name": "Palitos Pic y Croq 4 Paquetes VACA QUE RIE",
        "price": 2.59,
        "price_kilo": 18.5,
        "slug": "palitos-pic-y-croq-4-paquetes",
        "description": "Palitos Pic y Croq 4 Paquetes 140 Gr",
        "image": "https:\/\/cdn-consum.aktiosdigitalservices.com\/tol\/consum\/media\/product\/img\/300x300\/684639.jpg?t=20250206090159"
    },
    {
        "id": 8254,
        "name": "Pastelitos de Chocolate Pack de 4 PHOSKITOS",
        "price": 2.99,
        "price_kilo": 18.69,
        "slug": "pastelitos-de-chocolate-pack-de-4",
        "description": "Pastelitos de Chocolate Pack de 4 4 x 40 Gr",
        "image": "https:\/\/cdn-consum.aktiosdigitalservices.com\/tol\/consum\/media\/product\/img\/300x300\/710293.jpg?t=20250311103408"
    },
    {
        "id": 8255,
        "name": "Corazones de Merluza sin Piel congelados PESCANOVA",
        "price": 7.29,
        "price_kilo": 14.58,
        "slug": "corazones-de-merluza-sin-piel-congelados",
        "description": "Corazones de Merluza sin Piel congelados 500 Gr",
        "image": "https:\/\/cdn-consum.aktiosdigitalservices.com\/tol\/consum\/media\/product\/img\/300x300\/746917.jpg?t=20250313075830"
    },
    {
        "id": 8256,
        "name": "Tinte N\u00ba10 Rubio Clar\u00edsimo EXCELLENCE",
        "price": 8.9,
        "price_kilo": 8.9,
        "slug": "tinte-n10-rubio-clarisimo",
        "description": "Tinte N\u00ba10 Rubio Clar\u00edsimo 1 U",
        "image": "https:\/\/cdn-consum.aktiosdigitalservices.com\/tol\/consum\/media\/product\/img\/300x300\/753988.jpg?t=20241217080953"
    },
    {
        "id": 8257,
        "name": "Patatas Prefritas Golden Long congeladas MC CAIN",
        "price": 3.76,
        "price_kilo": 3.76,
        "slug": "patatas-prefritas-golden-long-congeladas",
        "description": "Patatas Prefritas Golden Long congeladas 1 Kg",
        "image": "https:\/\/cdn-consum.aktiosdigitalservices.com\/tol\/consum\/media\/product\/img\/300x300\/844837.jpg?t=20250205075758"
    },
    {
        "id": 8258,
        "name": "Aceite Oliva Virgen Extra Botella HOJIBLANCA",
        "price": 8.29,
        "price_kilo": 8.29,
        "slug": "aceite-oliva-virgen-extra-botella",
        "description": "Aceite Oliva Virgen Extra Botella 1 L",
        "image": "https:\/\/cdn-consum.aktiosdigitalservices.com\/tol\/consum\/media\/product\/img\/300x300\/880799.jpg?t=20250313075840"
    },
    {
        "id": 8259,
        "name": "Yogur Sabor Macedonia Pack de 4 Unidades DANONE",
        "price": 0.95,
        "price_kilo": 1.98,
        "slug": "yogur-sabor-macedonia-pack-de-4-unidades",
        "description": "Yogur Sabor Macedonia Pack de 4 Unidades 4 x 120 Gr",
        "image": "https:\/\/cdn-consum.aktiosdigitalservices.com\/tol\/consum\/media\/product\/img\/300x300\/937151.jpg?t=20241223075709"
    },
    {
        "id": 8260,
        "name": "Aceitunas Manzanilla con Hueso Bolsa JOLCA",
        "price": 0.95,
        "price_kilo": 9.5,
        "slug": "aceitunas-manzanilla-con-hueso-bolsa",
        "description": "Aceitunas Manzanilla con Hueso Bolsa 100 Gr",
        "image": "https:\/\/cdn-consum.aktiosdigitalservices.com\/tol\/consum\/media\/product\/img\/300x300\/1414820.jpg?t=20250318075809"
    },
    {
        "id": 8263,
        "name": "Tarrito Queso y Fruta Pack de 2 HERO",
        "price": 2.79,
        "price_kilo": 17.44,
        "slug": "tarrito-queso-y-fruta-pack-de-2",
        "description": "Tarrito Queso y Fruta Pack de 2 2 x 80 Gr",
        "image": "https:\/\/cdn-consum.aktiosdigitalservices.com\/tol\/consum\/media\/product\/img\/300x300\/1772516.jpg?t=20250311164534"
    },
    {
        "id": 8264,
        "name": "Manzana Granny Smith ",
        "price": 0.55,
        "price_kilo": 2.25,
        "slug": "manzana-granny-smith",
        "description": "Manzana Granny Smith",
        "image": "https:\/\/cdn-consum.aktiosdigitalservices.com\/tol\/consum\/media\/product\/img\/300x300\/2600781.jpg?t=20250322075745"
    },
    {
        "id": 8265,
        "name": "Cabeza Lomo de Cerdo CONSUM",
        "price": 4.12,
        "price_kilo": 6.84,
        "slug": "cabeza-lomo-de-cerdo",
        "description": "Cabeza Lomo de Cerdo",
        "image": "https:\/\/cdn-consum.aktiosdigitalservices.com\/tol\/consum\/media\/product\/img\/300x300\/3347531.jpg?t=20241231075714"
    },
    {
        "id": 8267,
        "name": "Refresco Naranja Bipack Indivisible FANTA",
        "price": 3.6,
        "price_kilo": 0.9,
        "slug": "refresco-naranja-bipack-indivisible",
        "description": "Refresco Naranja Bipack Indivisible 2 x 2 L",
        "image": "https:\/\/cdn-consum.aktiosdigitalservices.com\/tol\/consum\/media\/product\/img\/300x300\/3824505.jpg?t=20250227090235"
    },
    {
        "id": 8268,
        "name": "Yogolino de Pl\u00e1tano Pack de 4 NESTLE",
        "price": 2.79,
        "price_kilo": 6.98,
        "slug": "yogolino-de-platano-pack-de-4",
        "description": "Yogolino de Pl\u00e1tano Pack de 4 4 x 100 Gr",
        "image": "https:\/\/cdn-consum.aktiosdigitalservices.com\/tol\/consum\/media\/product\/img\/300x300\/4507471.jpg?t=20250313075930"
    },
    {
        "id": 8269,
        "name": "Chorizo y Salchich\u00f3n Extra GOIKOA",
        "price": 2.8,
        "price_kilo": 15.56,
        "slug": "chorizo-y-salchichon-extra",
        "description": "Chorizo y Salchich\u00f3n Extra 2 x 90 Gr",
        "image": "https:\/\/cdn-consum.aktiosdigitalservices.com\/tol\/consum\/media\/product\/img\/300x300\/5026190.jpg?t=20250227090252"
    },
    {
        "id": 8271,
        "name": "Medio Conejo Troceado CONSUM",
        "price": 6.01,
        "price_kilo": 9.2,
        "slug": "medio-conejo-troceado",
        "description": "Medio Conejo Troceado",
        "image": "https:\/\/cdn-consum.aktiosdigitalservices.com\/tol\/consum\/media\/product\/img\/300x300\/5859210.jpg?t=20250211075805"
    },
    {
        "id": 8272,
        "name": "Patatas Fritas Lisas Caseras Bolsa Papel VIDAL",
        "price": 2.75,
        "price_kilo": 11,
        "slug": "patatas-fritas-lisas-caseras-bolsa-papel",
        "description": "Patatas Fritas Lisas Caseras Bolsa Papel 250 Gr",
        "image": "https:\/\/cdn-consum.aktiosdigitalservices.com\/tol\/consum\/media\/product\/img\/300x300\/7000052.jpg?t=20250319075734"
    },
    {
        "id": 8274,
        "name": "Queso Mezcla Semi Lonchas G.BAQUERO",
        "price": 3.89,
        "price_kilo": 19.45,
        "slug": "queso-mezcla-semi-lonchas",
        "description": "Queso Mezcla Semi Lonchas 200 Gr",
        "image": "https:\/\/cdn-consum.aktiosdigitalservices.com\/tol\/consum\/media\/product\/img\/300x300\/7010473.jpg?t=20250312155854"
    },
    {
        "id": 8278,
        "name": "Chicle Grageado Sabor Fresa TRIDENT",
        "price": 1,
        "price_kilo": 7.14,
        "slug": "chicle-grageado-sabor-fresa",
        "description": "Chicle Grageado Sabor Fresa 14,5 Gr",
        "image": "https:\/\/cdn-consum.aktiosdigitalservices.com\/tol\/consum\/media\/product\/img\/300x300\/7021269.jpg?t=20250311124054"
    },
    {
        "id": 8279,
        "name": "Caramelos C\u00edtricos Vita C sin Az\u00facar HALLS",
        "price": 0.99,
        "price_kilo": 3.09,
        "slug": "caramelos-citricos-vita-c-sin-azucar",
        "description": "Caramelos C\u00edtricos Vita C sin Az\u00facar 32 Gr",
        "image": "https:\/\/cdn-consum.aktiosdigitalservices.com\/tol\/consum\/media\/product\/img\/300x300\/7021314.jpg?t=20250311124057"
    },
    {
        "id": 8280,
        "name": "Galleta Dorada al Horno sin Az\u00facares GULLON ZERO",
        "price": 3.25,
        "price_kilo": 9.85,
        "slug": "galleta-dorada-al-horno-sin-azucares",
        "description": "Galleta Dorada al Horno sin Az\u00facares 330 Gr",
        "image": "https:\/\/cdn-consum.aktiosdigitalservices.com\/tol\/consum\/media\/product\/img\/300x300\/7024839.jpg?t=20250311103832"
    },
    {
        "id": 8281,
        "name": "Mini S\u00e1ndwich Bomb\u00f3n Pack de 6 Unidades CONSUM",
        "price": 2.55,
        "price_kilo": 7.87,
        "slug": "mini-sandwich-bombon-pack-de-6-unidades",
        "description": "Mini S\u00e1ndwich Bomb\u00f3n Pack de 6 Unidades 324 Gr",
        "image": "https:\/\/cdn-consum.aktiosdigitalservices.com\/tol\/consum\/media\/product\/img\/300x300\/7025166.jpg?t=20241219075943"
    },
    {
        "id": 8282,
        "name": "S\u00e1ndwich de Nata Pack de 6 Unidades CONSUM",
        "price": 1.85,
        "price_kilo": 5.82,
        "slug": "sandwich-de-nata-pack-de-6-unidades",
        "description": "S\u00e1ndwich de Nata Pack de 6 Unidades 318 Gr",
        "image": "https:\/\/cdn-consum.aktiosdigitalservices.com\/tol\/consum\/media\/product\/img\/300x300\/7025174.jpg?t=20250107075655"
    },
    {
        "id": 8283,
        "name": "Tarrina Leche Merengada 1 Litro CONSUM",
        "price": 2.79,
        "price_kilo": 5.69,
        "slug": "tarrina-leche-merengada-1-litro",
        "description": "Tarrina Leche Merengada 1 Litro 490 Gr",
        "image": "https:\/\/cdn-consum.aktiosdigitalservices.com\/tol\/consum\/media\/product\/img\/300x300\/7025190.jpg?t=20250312125028"
    },
    {
        "id": 8284,
        "name": "Tarrina con Chocolate 1 Litro CONSUM",
        "price": 3.25,
        "price_kilo": 6.44,
        "slug": "tarrina-con-chocolate-1-litro",
        "description": "Tarrina con Chocolate 1 Litro 505 Gr",
        "image": "https:\/\/cdn-consum.aktiosdigitalservices.com\/tol\/consum\/media\/product\/img\/300x300\/7025195.jpg?t=20250120075640"
    },
    {
        "id": 8286,
        "name": "Champi\u00f1ones Enteros Lata CONSUM",
        "price": 1.45,
        "price_kilo": 7.84,
        "slug": "champinones-enteros-lata",
        "description": "Champi\u00f1ones Enteros Lata 185 Gr",
        "image": "https:\/\/cdn-consum.aktiosdigitalservices.com\/tol\/consum\/media\/product\/img\/300x300\/7035579.jpg?t=20241217081004"
    },
    {
        "id": 8287,
        "name": "Aceite de Semillas Botella LA PISTA",
        "price": 2.24,
        "price_kilo": 2.24,
        "slug": "aceite-de-semillas-botella",
        "description": "Aceite de Semillas Botella 1 L",
        "image": "https:\/\/cdn-consum.aktiosdigitalservices.com\/tol\/consum\/media\/product\/img\/300x300\/7036221.jpg?t=20250103080314"
    },
    {
        "id": 8289,
        "name": "Yemas de Esp\u00e1rragos Extra Frasco CONSUM",
        "price": 1.79,
        "price_kilo": 16.27,
        "slug": "yemas-de-esparragos-extra-frasco",
        "description": "Yemas de Esp\u00e1rragos Extra Frasco 110 Gr",
        "image": "https:\/\/cdn-consum.aktiosdigitalservices.com\/tol\/consum\/media\/product\/img\/300x300\/7043057.jpg?t=20241217081007"
    },
    {
        "id": 8292,
        "name": "Acelgas Frasco CONSUM",
        "price": 1.75,
        "price_kilo": 4.12,
        "slug": "acelgas-frasco",
        "description": "Acelgas Frasco 425 Gr",
        "image": "https:\/\/cdn-consum.aktiosdigitalservices.com\/tol\/consum\/media\/product\/img\/300x300\/7044068.jpg?t=20241217081008"
    },
    {
        "id": 8294,
        "name": "Bloque Tres Sabores 1 Litro CONSUM",
        "price": 1.9,
        "price_kilo": 3.63,
        "slug": "bloque-tres-sabores-1-litro",
        "description": "Bloque Tres Sabores 1 Litro 523 Gr",
        "image": "https:\/\/cdn-consum.aktiosdigitalservices.com\/tol\/consum\/media\/product\/img\/300x300\/7046477.jpg?t=20241220075821"
    },
    {
        "id": 8295,
        "name": "Aceitunas Manzanilla con Hueso en Frasco CONSUM",
        "price": 2.79,
        "price_kilo": 5.58,
        "slug": "aceitunas-manzanilla-con-hueso-en-frasco",
        "description": "Aceitunas Manzanilla con Hueso en Frasco 500 Gr",
        "image": "https:\/\/cdn-consum.aktiosdigitalservices.com\/tol\/consum\/media\/product\/img\/300x300\/7047470.jpg?t=20250318075917"
    },
    {
        "id": 8297,
        "name": "Sangr\u00eda Botella Pet DON SIMON",
        "price": 2.1,
        "price_kilo": 1.4,
        "slug": "sangria-botella-pet",
        "description": "Sangr\u00eda Botella Pet 1,5 L",
        "image": "https:\/\/cdn-consum.aktiosdigitalservices.com\/tol\/consum\/media\/product\/img\/300x300\/7051928.jpg?t=20250131075713"
    },
    {
        "id": 8298,
        "name": "Comida Seca Perros Tender Buey BREKKIES",
        "price": 9.45,
        "price_kilo": 3.15,
        "slug": "comida-seca-perros-tender-buey",
        "description": "Comida Seca Perros Tender Buey 3 Kg",
        "image": "https:\/\/cdn-consum.aktiosdigitalservices.com\/tol\/consum\/media\/product\/img\/300x300\/7052991.jpg?t=20250313080008"
    },
    {
        "id": 8300,
        "name": "Galletas Saladas Bac\u00f3n Paquete LU",
        "price": 1.49,
        "price_kilo": 14.9,
        "slug": "galletas-saladas-bacon-paquete",
        "description": "Galletas Saladas Bac\u00f3n Paquete 100 Gr",
        "image": "https:\/\/cdn-consum.aktiosdigitalservices.com\/tol\/consum\/media\/product\/img\/300x300\/7064475.jpg?t=20250206090845"
    },
    {
        "id": 8301,
        "name": "Rollitos de Primavera TA-TUNG",
        "price": 2.79,
        "price_kilo": 9.96,
        "slug": "rollitos-de-primavera",
        "description": "Rollitos de Primavera 280 Gr",
        "image": "https:\/\/cdn-consum.aktiosdigitalservices.com\/tol\/consum\/media\/product\/img\/300x300\/7064991.jpg?t=20250218080024"
    },
    {
        "id": 8302,
        "name": "Refresco Agua Aromatiza Lim\u00f3n Botella F.PRIMAVERA",
        "price": 1.15,
        "price_kilo": 0.77,
        "slug": "refresco-agua-aromatiza-limon-botella",
        "description": "Refresco Agua Aromatiza Lim\u00f3n Botella 1,5 L",
        "image": "https:\/\/cdn-consum.aktiosdigitalservices.com\/tol\/consum\/media\/product\/img\/300x300\/7068906.jpg?t=20250312092743"
    },
    {
        "id": 8304,
        "name": "Bloque de Turr\u00f3n 1 Litro CONSUM",
        "price": 2.69,
        "price_kilo": 5.03,
        "slug": "bloque-de-turron-1-litro",
        "description": "Bloque de Turr\u00f3n 1 Litro 535 Gr",
        "image": "https:\/\/cdn-consum.aktiosdigitalservices.com\/tol\/consum\/media\/product\/img\/300x300\/7069912.jpg?t=20241217081013"
    },
    {
        "id": 8307,
        "name": "Bomb\u00f3n Almendrado 4 Unidades CONSUM",
        "price": 2.35,
        "price_kilo": 7.25,
        "slug": "bombon-almendrado-4-unidades",
        "description": "Bomb\u00f3n Almendrado 4 Unidades 324 Gr",
        "image": "https:\/\/cdn-consum.aktiosdigitalservices.com\/tol\/consum\/media\/product\/img\/300x300\/7079671.jpg?t=20241219080028"
    },
    {
        "id": 8308,
        "name": "Rosquilletas Artesanas con Queso VELARTE",
        "price": 1.03,
        "price_kilo": 12.88,
        "slug": "rosquilletas-artesanas-con-queso",
        "description": "Rosquilletas Artesanas con Queso 80 Gr",
        "image": "https:\/\/cdn-consum.aktiosdigitalservices.com\/tol\/consum\/media\/product\/img\/300x300\/7081482.jpg?t=20250311104237"
    },
    {
        "id": 8309,
        "name": "Esponja Limpia Calzado YAK",
        "price": 1.75,
        "price_kilo": 1.75,
        "slug": "esponja-limpia-calzado",
        "description": "Esponja Limpia Calzado 1 U",
        "image": "https:\/\/cdn-consum.aktiosdigitalservices.com\/tol\/consum\/media\/product\/img\/300x300\/7082043.jpg?t=20241217081016"
    },
    {
        "id": 8311,
        "name": "Zumo Pi\u00f1a Manzana Uva Concentrado Brik DON SIMON",
        "price": 1.25,
        "price_kilo": 1.25,
        "slug": "zumo-pina-manzana-uva-concentrado-brik",
        "description": "Zumo Pi\u00f1a Manzana Uva Concentrado Brik 1 L",
        "image": "https:\/\/cdn-consum.aktiosdigitalservices.com\/tol\/consum\/media\/product\/img\/300x300\/7082902.jpg?t=20250312155936"
    },
    {
        "id": 8312,
        "name": "Zumo Naranja-Mandarina Concentrado Brik DON SIMON",
        "price": 1.79,
        "price_kilo": 1.79,
        "slug": "zumo-naranja-mandarina-concentrado-brik",
        "description": "Zumo Naranja-Mandarina Concentrado Brik 1 L",
        "image": "https:\/\/cdn-consum.aktiosdigitalservices.com\/tol\/consum\/media\/product\/img\/300x300\/7082907.jpg?t=20250227090623"
    },
    {
        "id": 8313,
        "name": "Pepinillos Agridulces Frasco CONSUM",
        "price": 1.69,
        "price_kilo": 7.35,
        "slug": "pepinillos-agridulces-frasco",
        "description": "Pepinillos Agridulces Frasco 230 Gr",
        "image": "https:\/\/cdn-consum.aktiosdigitalservices.com\/tol\/consum\/media\/product\/img\/300x300\/7083330.jpg?t=20241217081016"
    },
    {
        "id": 8314,
        "name": "Guindillas en Vinagre Frasco CONSUM",
        "price": 1.45,
        "price_kilo": 9.06,
        "slug": "guindillas-en-vinagre-frasco",
        "description": "Guindillas en Vinagre Frasco 160 Gr",
        "image": "https:\/\/cdn-consum.aktiosdigitalservices.com\/tol\/consum\/media\/product\/img\/300x300\/7083343.jpg?t=20241217081016"
    },
    {
        "id": 8315,
        "name": "Kinder Bueno White KINDER",
        "price": 1.25,
        "price_kilo": 3.21,
        "slug": "kinder-bueno-white",
        "description": "Kinder Bueno White 39 Gr",
        "image": "https:\/\/cdn-consum.aktiosdigitalservices.com\/tol\/consum\/media\/product\/img\/300x300\/7083889.jpg?t=20250311133231"
    },
    {
        "id": 8319,
        "name": "Barritas de Muesli con Chocolate 6U CONSUM",
        "price": 1.75,
        "price_kilo": 11.67,
        "slug": "barritas-de-muesli-con-chocolate-6u",
        "description": "Barritas de Muesli con Chocolate 6U 150 Gr",
        "image": "https:\/\/cdn-consum.aktiosdigitalservices.com\/tol\/consum\/media\/product\/img\/300x300\/7089183.jpg?t=20250312092745"
    },
    {
        "id": 8324,
        "name": "Toallitas Limpiagafas CONSUM",
        "price": 1.49,
        "price_kilo": 0.05,
        "slug": "toallitas-limpiagafas",
        "description": "Toallitas Limpiagafas 30 U",
        "image": "https:\/\/cdn-consum.aktiosdigitalservices.com\/tol\/consum\/media\/product\/img\/300x300\/7097041.jpg?t=20250313080034"
    },
    {
        "id": 8326,
        "name": "Salchich\u00f3n a la Pimienta Finas Lonchas SOL\u00c0",
        "price": 2.59,
        "price_kilo": 17.27,
        "slug": "salchichon-a-la-pimienta-finas-lonchas",
        "description": "Salchich\u00f3n a la Pimienta Finas Lonchas 150 Gr",
        "image": "https:\/\/cdn-consum.aktiosdigitalservices.com\/tol\/consum\/media\/product\/img\/300x300\/7097454.jpg?t=20250206091103"
    },
    {
        "id": 8328,
        "name": "Salchich\u00f3n de Pavo 2 Unidades GOIKOA",
        "price": 2.95,
        "price_kilo": 19.67,
        "slug": "salchichon-de-pavo-2-unidades",
        "description": "Salchich\u00f3n de Pavo 2 Unidades 2 x 75 Gr",
        "image": "https:\/\/cdn-consum.aktiosdigitalservices.com\/tol\/consum\/media\/product\/img\/300x300\/7098114.jpg?t=20241217081018"
    },
    {
        "id": 8331,
        "name": "Antipolillas colgador Lavanda Duplo POLIL",
        "price": 3.75,
        "price_kilo": 1.88,
        "slug": "antipolillas-colgador-lavanda-duplo",
        "description": "Antipolillas colgador Lavanda Duplo 2 U",
        "image": "https:\/\/cdn-consum.aktiosdigitalservices.com\/tol\/consum\/media\/product\/img\/300x300\/7102213.jpg?t=20250313080047"
    },
    {
        "id": 8334,
        "name": "Chocolate Crujiente CONSUM",
        "price": 1.39,
        "price_kilo": 13.9,
        "slug": "chocolate-crujiente",
        "description": "Chocolate Crujiente 100 Gr",
        "image": "https:\/\/cdn-consum.aktiosdigitalservices.com\/tol\/consum\/media\/product\/img\/300x300\/7108509.jpg?t=20250311133321"
    },
    {
        "id": 8335,
        "name": "Barritas Special K Chocolate con Leche 6U KELLOGG'S",
        "price": 3.55,
        "price_kilo": 29.58,
        "slug": "barritas-special-k-chocolate-con-leche-6u",
        "description": "Barritas Special K Chocolate con Leche 6U 120 Gr",
        "image": "https:\/\/cdn-consum.aktiosdigitalservices.com\/tol\/consum\/media\/product\/img\/300x300\/7108744.jpg?t=20250311133323"
    },
    {
        "id": 8336,
        "name": "Queso Mezcla Curado Lonchas GRAN CAPITAN",
        "price": 3.52,
        "price_kilo": 25.14,
        "slug": "queso-mezcla-curado-lonchas",
        "description": "Queso Mezcla Curado Lonchas 140 Gr",
        "image": "https:\/\/cdn-consum.aktiosdigitalservices.com\/tol\/consum\/media\/product\/img\/300x300\/7109932.jpg?t=20250103080628"
    },
    {
        "id": 8337,
        "name": "Mortadela Cl\u00e1sica CAMPOFR\u00cdO",
        "price": 1,
        "price_kilo": 10.53,
        "slug": "mortadela-clasica",
        "description": "Mortadela Cl\u00e1sica 95 Gr",
        "image": "https:\/\/cdn-consum.aktiosdigitalservices.com\/tol\/consum\/media\/product\/img\/300x300\/7113520.jpg?t=20241217081021"
    },
    {
        "id": 8347,
        "name": "Zumo Manzana Concentrado Pack de 6 CONSUM",
        "price": 1.3,
        "price_kilo": 1.08,
        "slug": "zumo-manzana-concentrado-pack-de-6",
        "description": "Zumo Manzana Concentrado Pack de 6 6 x 0,2 L",
        "image": "https:\/\/cdn-consum.aktiosdigitalservices.com\/tol\/consum\/media\/product\/img\/300x300\/7120236.jpg?t=20250114084041"
    },
    {
        "id": 8348,
        "name": "Tinto Verano Cl\u00e1sico Botella Pet DON SIMON",
        "price": 1.85,
        "price_kilo": 1.23,
        "slug": "tinto-verano-clasico-botella-pet",
        "description": "Tinto Verano Cl\u00e1sico Botella Pet 1,5 L",
        "image": "https:\/\/cdn-consum.aktiosdigitalservices.com\/tol\/consum\/media\/product\/img\/300x300\/7133796.jpg?t=20250228075926"
    },
    {
        "id": 8352,
        "name": "Pan Molde 100 %Integral sin Corteza CONSUM",
        "price": 1.23,
        "price_kilo": 2.73,
        "slug": "pan-molde-100-integral-sin-corteza",
        "description": "Pan Molde 100 %Integral sin Corteza 450 Gr",
        "image": "https:\/\/cdn-consum.aktiosdigitalservices.com\/tol\/consum\/media\/product\/img\/300x300\/7149086.jpg?t=20250311104633"
    },
    {
        "id": 8353,
        "name": "Gazpacho Tradicional CONSUM",
        "price": 1.7,
        "price_kilo": 1.7,
        "slug": "gazpacho-tradicional",
        "description": "Gazpacho Tradicional 1 L",
        "image": "https:\/\/cdn-consum.aktiosdigitalservices.com\/tol\/consum\/media\/product\/img\/300x300\/7150308.jpg?t=20241217081025"
    },
    {
        "id": 8354,
        "name": "Panecillos Tostados Sabor Tomate Or\u00e9gano CONSUM",
        "price": 1.2,
        "price_kilo": 7.5,
        "slug": "panecillos-tostados-sabor-tomate-oregano",
        "description": "Panecillos Tostados Sabor Tomate Or\u00e9gano 160 Gr",
        "image": "https:\/\/cdn-consum.aktiosdigitalservices.com\/tol\/consum\/media\/product\/img\/300x300\/7153786.jpg?t=20250311104701"
    },
    {
        "id": 8356,
        "name": "Crema Autobrillante Negro BUFALO",
        "price": 2.35,
        "price_kilo": 4.7,
        "slug": "crema-autobrillante-negro",
        "description": "Crema Autobrillante Negro 50 ml",
        "image": "https:\/\/cdn-consum.aktiosdigitalservices.com\/tol\/consum\/media\/product\/img\/300x300\/7153984.jpg?t=20250227090945"
    },
    {
        "id": 8359,
        "name": "Rosca R\u00fastica de Jam\u00f3n Bac\u00f3n y Queso DE ORO",
        "price": 3.45,
        "price_kilo": 7.19,
        "slug": "rosca-rustica-de-jamon-bacon-y-queso",
        "description": "Rosca R\u00fastica de Jam\u00f3n Bac\u00f3n y Queso 480 Gr",
        "image": "https:\/\/cdn-consum.aktiosdigitalservices.com\/tol\/consum\/media\/product\/img\/300x300\/7154156.jpg?t=20250320075854"
    },
    {
        "id": 8364,
        "name": "Mel\u00f3n Piel de Sapo Partido ",
        "price": 5.56,
        "price_kilo": 2.28,
        "slug": "melon-piel-de-sapo-partido",
        "description": "Mel\u00f3n Piel de Sapo Partido",
        "image": "https:\/\/cdn-consum.aktiosdigitalservices.com\/tol\/consum\/media\/product\/img\/300x300\/7156276.jpg?t=20250207075903"
    },
    {
        "id": 8365,
        "name": "Sand\u00eda Partida ",
        "price": 5.44,
        "price_kilo": 2.45,
        "slug": "sandia-partida",
        "description": "Sand\u00eda Partida",
        "image": "https:\/\/cdn-consum.aktiosdigitalservices.com\/tol\/consum\/media\/product\/img\/300x300\/7156289.jpg?t=20250322075859"
    },
    {
        "id": 8368,
        "name": "C\u00f3ctel Frutos Secos Cl\u00e1sico Bolsa CONSUM",
        "price": 2.39,
        "price_kilo": 13.66,
        "slug": "coctel-frutos-secos-clasico-bolsa",
        "description": "C\u00f3ctel Frutos Secos Cl\u00e1sico Bolsa 175 Gr",
        "image": "https:\/\/cdn-consum.aktiosdigitalservices.com\/tol\/consum\/media\/product\/img\/300x300\/7157910.jpg?t=20241225075739"
    },
    {
        "id": 8369,
        "name": "Cebolla Frita Pack de 2 latas HIDA",
        "price": 2.49,
        "price_kilo": 8.03,
        "slug": "cebolla-frita-pack-de-2-latas",
        "description": "Cebolla Frita Pack de 2 latas 2 x 155 Gr",
        "image": "https:\/\/cdn-consum.aktiosdigitalservices.com\/tol\/consum\/media\/product\/img\/300x300\/7159197.jpg?t=20250206091518"
    },
    {
        "id": 8370,
        "name": "Yogur Fresa Macedonia Pl\u00e1tano y Tarta de Queso DANONE",
        "price": 1.89,
        "price_kilo": 1.97,
        "slug": "yogur-fresa-macedonia-platano-y-tarta-de-queso",
        "description": "Yogur Fresa Macedonia Pl\u00e1tano y Tarta de Queso 8 x 120 Gr",
        "image": "https:\/\/cdn-consum.aktiosdigitalservices.com\/tol\/consum\/media\/product\/img\/300x300\/7159705.jpg?t=20250220080204"
    },
    {
        "id": 8371,
        "name": "Recipiente para Tinte PONETTE",
        "price": 0.99,
        "price_kilo": 0.99,
        "slug": "recipiente-para-tinte",
        "description": "Recipiente para Tinte 1 U",
        "image": "https:\/\/cdn-consum.aktiosdigitalservices.com\/tol\/consum\/media\/product\/img\/300x300\/7164127.jpg?t=20250311164549"
    },
    {
        "id": 8372,
        "name": "Bolsas Basura Autocierre Jard\u00edn Verde 100L CONSUM",
        "price": 2.65,
        "price_kilo": 0.27,
        "slug": "bolsas-basura-autocierre-jardin-verde-100l",
        "description": "Bolsas Basura Autocierre Jard\u00edn Verde 100L 10 U",
        "image": "https:\/\/cdn-consum.aktiosdigitalservices.com\/tol\/consum\/media\/product\/img\/300x300\/7164788.jpg?t=20250206091538"
    },
    {
        "id": 8373,
        "name": "Bolsa Basura Comunidad Negra de 100 Litros CONSUM",
        "price": 1.25,
        "price_kilo": 0.13,
        "slug": "bolsa-basura-comunidad-negra-de-100-litros",
        "description": "Bolsa Basura Comunidad Negra de 100 Litros 10 U",
        "image": "https:\/\/cdn-consum.aktiosdigitalservices.com\/tol\/consum\/media\/product\/img\/300x300\/7164796.jpg?t=20241217081029"
    },
    {
        "id": 8376,
        "name": "Caf\u00e9 Soluble 3 en 1 10 Sobres NESCAFE",
        "price": 2.95,
        "price_kilo": 18.44,
        "slug": "cafe-soluble-3-en-1-10-sobres",
        "description": "Caf\u00e9 Soluble 3 en 1 10 Sobres 160 Gr",
        "image": "https:\/\/cdn-consum.aktiosdigitalservices.com\/tol\/consum\/media\/product\/img\/300x300\/7169712.jpg?t=20250312092749"
    },
    {
        "id": 8380,
        "name": "Queso Mezcla Curado Precortado L.Pasteurizad CONSUM",
        "price": 3.92,
        "price_kilo": 15.68,
        "slug": "queso-mezcla-curado-precortado-lpasteurizad",
        "description": "Queso Mezcla Curado Precortado L.Pasteurizad 250 Gr",
        "image": "https:\/\/cdn-consum.aktiosdigitalservices.com\/tol\/consum\/media\/product\/img\/300x300\/7173842.jpg?t=20250103080836"
    },
    {
        "id": 8393,
        "name": "Tarrito Merienda Galleta Fruta Variada Pack 2 HERO",
        "price": 2.99,
        "price_kilo": 7.87,
        "slug": "tarrito-merienda-galleta-fruta-variada-pack-2",
        "description": "Tarrito Merienda Galleta Fruta Variada Pack 2 2 x 190 Gr",
        "image": "https:\/\/cdn-consum.aktiosdigitalservices.com\/tol\/consum\/media\/product\/img\/300x300\/7185569.jpg?t=20250311133520"
    },
    {
        "id": 8395,
        "name": "Caldo Casero Pollo Bajo en Sal Brik G.BLANCA",
        "price": 2.2,
        "price_kilo": 2.2,
        "slug": "caldo-casero-pollo-bajo-en-sal-brik",
        "description": "Caldo Casero Pollo Bajo en Sal Brik 1 L",
        "image": "https:\/\/cdn-consum.aktiosdigitalservices.com\/tol\/consum\/media\/product\/img\/300x300\/7187813.jpg?t=20250206091803"
    },
    {
        "id": 8396,
        "name": "Yogolino Natural Pack de 4 NESTLE",
        "price": 2.79,
        "price_kilo": 6.98,
        "slug": "yogolino-natural-pack-de-4",
        "description": "Yogolino Natural Pack de 4 4 x 100 Gr",
        "image": "https:\/\/cdn-consum.aktiosdigitalservices.com\/tol\/consum\/media\/product\/img\/300x300\/7188241.jpg?t=20250311105009"
    },
    {
        "id": 8405,
        "name": "Galletas de Cacao Rellenas de Crema OREO",
        "price": 2.6,
        "price_kilo": 11.82,
        "slug": "galletas-de-cacao-rellenas-de-crema",
        "description": "Galletas de Cacao Rellenas de Crema 220 Gr",
        "image": "https:\/\/cdn-consum.aktiosdigitalservices.com\/tol\/consum\/media\/product\/img\/300x300\/7194517.jpg?t=20250312160222"
    },
    {
        "id": 8408,
        "name": "Ensalada C\u00e9sar Completa FLORETTE",
        "price": 3.2,
        "price_kilo": 15.24,
        "slug": "ensalada-cesar-completa",
        "description": "Ensalada C\u00e9sar Completa 210 Gr",
        "image": "https:\/\/cdn-consum.aktiosdigitalservices.com\/tol\/consum\/media\/product\/img\/300x300\/7197069.jpg?t=20250318080100"
    },
    {
        "id": 8417,
        "name": "Pavo con Verduras congelado FRIPOZO",
        "price": 2.49,
        "price_kilo": 6.23,
        "slug": "pavo-con-verduras-congelado",
        "description": "Pavo con Verduras congelado 400 Gr",
        "image": "https:\/\/cdn-consum.aktiosdigitalservices.com\/tol\/consum\/media\/product\/img\/300x300\/7205300.jpg?t=20250312125337"
    },
    {
        "id": 8418,
        "name": "Galletas Artesanas con Ca\u00f1amon BONDIA",
        "price": 1.22,
        "price_kilo": 9.76,
        "slug": "galletas-artesanas-con-canamon",
        "description": "Galletas Artesanas con Ca\u00f1amon 125 Gr",
        "image": "https:\/\/cdn-consum.aktiosdigitalservices.com\/tol\/consum\/media\/product\/img\/300x300\/7205367.jpg?t=20250311105140"
    },
    {
        "id": 8421,
        "name": "Porras Prefritas congeladas MAHESO",
        "price": 2.8,
        "price_kilo": 8.75,
        "slug": "porras-prefritas-congeladas",
        "description": "Porras Prefritas congeladas 320 Gr",
        "image": "https:\/\/cdn-consum.aktiosdigitalservices.com\/tol\/consum\/media\/product\/img\/300x300\/7210896.jpg?t=20250227091453"
    },
    {
        "id": 8426,
        "name": "Queso Tierno Lonchas EL VENTERO",
        "price": 3.25,
        "price_kilo": 20.31,
        "slug": "queso-tierno-lonchas",
        "description": "Queso Tierno Lonchas 160 Gr",
        "image": "https:\/\/cdn-consum.aktiosdigitalservices.com\/tol\/consum\/media\/product\/img\/300x300\/7213874.jpg?t=20250227091525"
    },
    {
        "id": 8427,
        "name": "Queso  Light Lonchas EL VENTERO",
        "price": 3.25,
        "price_kilo": 20.31,
        "slug": "queso-light-lonchas",
        "description": "Queso  Light Lonchas 160 Gr",
        "image": "https:\/\/cdn-consum.aktiosdigitalservices.com\/tol\/consum\/media\/product\/img\/300x300\/7213882.jpg?t=20250227091529"
    },
    {
        "id": 8429,
        "name": "Pastelito Tigret\u00f3n Pack de 3 TIGRETON",
        "price": 1.99,
        "price_kilo": 13.26,
        "slug": "pastelito-tigreton-pack-de-3",
        "description": "Pastelito Tigret\u00f3n Pack de 3 3 x 50 Gr",
        "image": "https:\/\/cdn-consum.aktiosdigitalservices.com\/tol\/consum\/media\/product\/img\/300x300\/7214521.jpg?t=20250311105221"
    },
    {
        "id": 8431,
        "name": "Fideos Orientales Curry Yatekomo YATEKOMO",
        "price": 1.59,
        "price_kilo": 26.07,
        "slug": "fideos-orientales-curry-yatekomo",
        "description": "Fideos Orientales Curry Yatekomo 61 Gr",
        "image": "https:\/\/cdn-consum.aktiosdigitalservices.com\/tol\/consum\/media\/product\/img\/300x300\/7216679.jpg?t=20250227091610"
    },
    {
        "id": 8442,
        "name": "Pan de Molde Integral ",
        "price": 1.5,
        "price_kilo": 3.75,
        "slug": "pan-de-molde-integral",
        "description": "Pan de Molde Integral 400 Gr",
        "image": "https:\/\/cdn-consum.aktiosdigitalservices.com\/tol\/consum\/media\/product\/img\/300x300\/7220861.jpg?t=20250228080056"
    },
    {
        "id": 8443,
        "name": "Arroz Negro congelado CONSUM",
        "price": 2.99,
        "price_kilo": 4.98,
        "slug": "arroz-negro-congelado",
        "description": "Arroz Negro congelado 600 Gr",
        "image": "https:\/\/cdn-consum.aktiosdigitalservices.com\/tol\/consum\/media\/product\/img\/300x300\/7221567.jpg?t=20241217081047"
    },
    {
        "id": 8446,
        "name": "Limpiador Suelos y Superficies SANYTOL",
        "price": 3.19,
        "price_kilo": 2.66,
        "slug": "limpiador-suelos-y-superficies",
        "description": "Limpiador Suelos y Superficies 1,2 L",
        "image": "https:\/\/cdn-consum.aktiosdigitalservices.com\/tol\/consum\/media\/product\/img\/300x300\/7222586.jpg?t=20250312125357"
    },
    {
        "id": 8452,
        "name": "Barrita Muesli con Ar\u00e1ndanos 6U CONSUM",
        "price": 2.29,
        "price_kilo": 15.27,
        "slug": "barrita-muesli-con-arandanos-6u",
        "description": "Barrita Muesli con Ar\u00e1ndanos 6U 150 Gr",
        "image": "https:\/\/cdn-consum.aktiosdigitalservices.com\/tol\/consum\/media\/product\/img\/300x300\/7228380.jpg?t=20250311133639"
    },
    {
        "id": 8459,
        "name": "Vino Blanco Joven Botella PLUVIUM",
        "price": 2.25,
        "price_kilo": 3,
        "slug": "vino-blanco-joven-botella",
        "description": "Vino Blanco Joven Botella 0,75 L",
        "image": "https:\/\/cdn-consum.aktiosdigitalservices.com\/tol\/consum\/media\/product\/img\/300x300\/7233661.jpg?t=20250206092347"
    },
    {
        "id": 8475,
        "name": "Caramelo Toffe sin Az\u00facar WERTHERS",
        "price": 2.29,
        "price_kilo": 25.44,
        "slug": "caramelo-toffe-sin-azucar",
        "description": "Caramelo Toffe sin Az\u00facar 90 Gr",
        "image": "https:\/\/cdn-consum.aktiosdigitalservices.com\/tol\/consum\/media\/product\/img\/300x300\/7241623.jpg?t=20250312160336"
    },
    {
        "id": 8480,
        "name": "Pan de Pita Pack de 6 Unidades STAR",
        "price": 1.65,
        "price_kilo": 4.13,
        "slug": "pan-de-pita-pack-de-6-unidades",
        "description": "Pan de Pita Pack de 6 Unidades 400 Gr",
        "image": "https:\/\/cdn-consum.aktiosdigitalservices.com\/tol\/consum\/media\/product\/img\/300x300\/7247294.jpg?t=20250318080202"
    },
    {
        "id": 8484,
        "name": "Yuquitas Bolsa SOLDANZA",
        "price": 1.49,
        "price_kilo": 3.31,
        "slug": "yuquitas-bolsa",
        "description": "Yuquitas Bolsa 45 Gr",
        "image": "https:\/\/cdn-consum.aktiosdigitalservices.com\/tol\/consum\/media\/product\/img\/300x300\/7250496.jpg?t=20250312092755"
    },
    {
        "id": 8485,
        "name": "Stevia Edulcorante CONSUM",
        "price": 1.95,
        "price_kilo": 0.04,
        "slug": "stevia-edulcorante",
        "description": "Stevia Edulcorante 50 U",
        "image": "https:\/\/cdn-consum.aktiosdigitalservices.com\/tol\/consum\/media\/product\/img\/300x300\/7251767.jpg?t=20250311105654"
    },
    {
        "id": 8486,
        "name": "Mini Empanadilla Selecta Espinacas Queso 5 Und. ",
        "price": 2.85,
        "price_kilo": 13.57,
        "slug": "mini-empanadilla-selecta-espinacas-queso-5-und",
        "description": "Mini Empanadilla Selecta Espinacas Queso 5 Und. 210 Gr",
        "image": "https:\/\/cdn-consum.aktiosdigitalservices.com\/tol\/consum\/media\/product\/img\/300x300\/7253839.jpg?t=20250320080006"
    },
    {
        "id": 8489,
        "name": "Patatas Prefritas Corte Casero congeladas CONSUM",
        "price": 2.03,
        "price_kilo": 2.03,
        "slug": "patatas-prefritas-corte-casero-congeladas",
        "description": "Patatas Prefritas Corte Casero congeladas 1 Kg",
        "image": "https:\/\/cdn-consum.aktiosdigitalservices.com\/tol\/consum\/media\/product\/img\/300x300\/7255425.jpg?t=20250103081309"
    },
    {
        "id": 8490,
        "name": "Champ\u00fa Reflejos Dorados TIMOTEI",
        "price": 3.29,
        "price_kilo": 0.82,
        "slug": "champu-reflejos-dorados",
        "description": "Champ\u00fa Reflejos Dorados 400 ml",
        "image": "https:\/\/cdn-consum.aktiosdigitalservices.com\/tol\/consum\/media\/product\/img\/300x300\/7255719.jpg?t=20250206092710"
    },
    {
        "id": 8495,
        "name": "Pila Alcalina AA LR6 Pack de 4 BAT",
        "price": 0.99,
        "price_kilo": 0.25,
        "slug": "pila-alcalina-aa-lr6-pack-de-4",
        "description": "Pila Alcalina AA LR6 Pack de 4 4 U",
        "image": "https:\/\/cdn-consum.aktiosdigitalservices.com\/tol\/consum\/media\/product\/img\/300x300\/7257152.jpg?t=20241217081103"
    },
    {
        "id": 8496,
        "name": "Cerveza Especial Lata CRUZCAMPO",
        "price": 0.68,
        "price_kilo": 2.06,
        "slug": "cerveza-especial-lata",
        "description": "Cerveza Especial Lata 0,33 L",
        "image": "https:\/\/cdn-consum.aktiosdigitalservices.com\/tol\/consum\/media\/product\/img\/300x300\/7257587.jpg?t=20250227092240"
    },
    {
        "id": 8497,
        "name": "Vino Tinto de Mesa Brik PE\u00d1ASOL",
        "price": 1.59,
        "price_kilo": 1.59,
        "slug": "vino-tinto-de-mesa-brik",
        "description": "Vino Tinto de Mesa Brik 1 L",
        "image": "https:\/\/cdn-consum.aktiosdigitalservices.com\/tol\/consum\/media\/product\/img\/300x300\/7257827.jpg?t=20250206092733"
    },
    {
        "id": 8504,
        "name": "Macarrones Paquete CONSUM",
        "price": 1.25,
        "price_kilo": 1.25,
        "slug": "macarrones-paquete",
        "description": "Macarrones Paquete 1 Kg",
        "image": "https:\/\/cdn-consum.aktiosdigitalservices.com\/tol\/consum\/media\/product\/img\/300x300\/7259104.jpg?t=20250228080146"
    },
    {
        "id": 8513,
        "name": "Crema Q10  F30 Antiarrugas NIVEA",
        "price": 11.99,
        "price_kilo": 23.98,
        "slug": "crema-q10-f30-antiarrugas",
        "description": "Crema Q10  F30 Antiarrugas 50 ml",
        "image": "https:\/\/cdn-consum.aktiosdigitalservices.com\/tol\/consum\/media\/product\/img\/300x300\/7260532.jpg?t=20250313080401"
    },
    {
        "id": 8525,
        "name": "Desodorante Spray Protege y Cuida NIVEA",
        "price": 3.15,
        "price_kilo": 1.58,
        "slug": "desodorante-spray-protege-y-cuida",
        "description": "Desodorante Spray Protege y Cuida 200 ml",
        "image": "https:\/\/cdn-consum.aktiosdigitalservices.com\/tol\/consum\/media\/product\/img\/300x300\/7261720.jpg?t=20250311164600"
    },
    {
        "id": 8529,
        "name": "Spaghetti Paquete CONSUM",
        "price": 1.25,
        "price_kilo": 1.25,
        "slug": "spaghetti-paquete",
        "description": "Spaghetti Paquete 1 Kg",
        "image": "https:\/\/cdn-consum.aktiosdigitalservices.com\/tol\/consum\/media\/product\/img\/300x300\/7262488.jpg?t=20250319075853"
    },
    {
        "id": 8537,
        "name": "Chocolate Negro 70% con Almendras VALOR",
        "price": 5.99,
        "price_kilo": 23.96,
        "slug": "chocolate-negro-70-con-almendras",
        "description": "Chocolate Negro 70% con Almendras 250 Gr",
        "image": "https:\/\/cdn-consum.aktiosdigitalservices.com\/tol\/consum\/media\/product\/img\/300x300\/7264422.jpg?t=20250311133804"
    },
    {
        "id": 8538,
        "name": "Trampa Cucarachas Doble Cebo CUCAL",
        "price": 6.15,
        "price_kilo": 1.03,
        "slug": "trampa-cucarachas-doble-cebo",
        "description": "Trampa Cucarachas Doble Cebo 6 U",
        "image": "https:\/\/cdn-consum.aktiosdigitalservices.com\/tol\/consum\/media\/product\/img\/300x300\/99390.jpg?t=20250312155624"
    },
    {
        "id": 8539,
        "name": "Pechuga de  Pollo ",
        "price": 1.89,
        "price_kilo": 7.25,
        "slug": "pechuga-de-pollo",
        "description": "Pechuga de  Pollo",
        "image": "https:\/\/cdn-consum.aktiosdigitalservices.com\/tol\/consum\/media\/product\/img\/300x300\/107359.jpg?t=20250322075650"
    },
    {
        "id": 8541,
        "name": "Queso Mezcla Semi Leche Pasteurizada G.BAQUERO",
        "price": 16.7,
        "price_kilo": 16.7,
        "slug": "queso-mezcla-semi-leche-pasteurizada",
        "description": "Queso Mezcla Semi Leche Pasteurizada",
        "image": "https:\/\/cdn-consum.aktiosdigitalservices.com\/tol\/consum\/media\/product\/img\/300x300\/232710.jpg?t=20250321075629"
    },
    {
        "id": 8542,
        "name": "Insecticida Cucarachas Spray CUCAL",
        "price": 6.65,
        "price_kilo": 16.63,
        "slug": "insecticida-cucarachas-spray",
        "description": "Insecticida Cucarachas Spray 400 ml",
        "image": "https:\/\/cdn-consum.aktiosdigitalservices.com\/tol\/consum\/media\/product\/img\/300x300\/333567.jpg?t=20250301075635"
    },
    {
        "id": 8543,
        "name": "Laca Cabello Normal ELNETT",
        "price": 5.95,
        "price_kilo": 1.49,
        "slug": "laca-cabello-normal",
        "description": "Laca Cabello Normal 400 ml",
        "image": "https:\/\/cdn-consum.aktiosdigitalservices.com\/tol\/consum\/media\/product\/img\/300x300\/440735.jpg?t=20241217080949"
    },
    {
        "id": 8544,
        "name": "Tarrina de Vainilla con Nueces 460 Ml. HAAGEN DAZS",
        "price": 7.29,
        "price_kilo": 18.23,
        "slug": "tarrina-de-vainilla-con-nueces-460-ml",
        "description": "Tarrina de Vainilla con Nueces 460 Ml. 400 Gr",
        "image": "https:\/\/cdn-consum.aktiosdigitalservices.com\/tol\/consum\/media\/product\/img\/300x300\/599993.jpg?t=20250218075834"
    },
    {
        "id": 8545,
        "name": "Longaniza de Pascua SERRANO",
        "price": 0.76,
        "price_kilo": 18.9,
        "slug": "longaniza-de-pascua",
        "description": "Longaniza de Pascua",
        "image": "https:\/\/cdn-consum.aktiosdigitalservices.com\/tol\/consum\/media\/product\/img\/300x300\/936864.jpg?t=20250222075633"
    },
    {
        "id": 8546,
        "name": "Emperador corte sin Hueso ",
        "price": 2.49,
        "price_kilo": 9.95,
        "slug": "emperador-corte-sin-hueso",
        "description": "Emperador corte sin Hueso - Cortada 250gr aprox.",
        "image": "https:\/\/cdn-consum.aktiosdigitalservices.com\/tol\/consum\/media\/product\/img\/300x300\/938852.jpg?t=20250320075657"
    },
    {
        "id": 8547,
        "name": "Sepia Limpia . ",
        "price": 8.26,
        "price_kilo": 14.95,
        "slug": "sepia-limpia-",
        "description": "Sepia Limpia .",
        "image": "https:\/\/cdn-consum.aktiosdigitalservices.com\/tol\/consum\/media\/product\/img\/300x300\/938910.jpg?t=20250317075629"
    },
    {
        "id": 8548,
        "name": "Confitura Diet Fresa HERO",
        "price": 2.69,
        "price_kilo": 9.61,
        "slug": "confitura-diet-fresa",
        "description": "Confitura Diet Fresa 280 Gr",
        "image": "https:\/\/cdn-consum.aktiosdigitalservices.com\/tol\/consum\/media\/product\/img\/300x300\/941088.jpg?t=20250311103455"
    },
    {
        "id": 8550,
        "name": "Cuarto Trasero de Pollo ",
        "price": 1.48,
        "price_kilo": 3.7,
        "slug": "cuarto-trasero-de-pollo",
        "description": "Cuarto Trasero de Pollo",
        "image": "https:\/\/cdn-consum.aktiosdigitalservices.com\/tol\/consum\/media\/product\/img\/300x300\/4374864.jpg?t=20250322075751"
    },
    {
        "id": 8551,
        "name": "Pollo Limpio Entero o Mitades ",
        "price": 7.22,
        "price_kilo": 3.25,
        "slug": "pollo-limpio-entero-o-mitades",
        "description": "Pollo Limpio Entero o Mitades - Entero 2,2 kg aprox",
        "image": "https:\/\/cdn-consum.aktiosdigitalservices.com\/tol\/consum\/media\/product\/img\/300x300\/4378345.jpg?t=20250322075752"
    },
    {
        "id": 8554,
        "name": "Bebida de Chufa Zero Botella CHUFI",
        "price": 1.89,
        "price_kilo": 1.89,
        "slug": "bebida-de-chufa-zero-botella",
        "description": "Bebida de Chufa Zero Botella 1 L",
        "image": "https:\/\/cdn-consum.aktiosdigitalservices.com\/tol\/consum\/media\/product\/img\/300x300\/7025013.jpg?t=20250320075757"
    },
    {
        "id": 8555,
        "name": "Tarrina Sorbete de Lim\u00f3n 1 Litro CONSUM",
        "price": 2.35,
        "price_kilo": 4.12,
        "slug": "tarrina-sorbete-de-limon-1-litro",
        "description": "Tarrina Sorbete de Lim\u00f3n 1 Litro 570 Gr",
        "image": "https:\/\/cdn-consum.aktiosdigitalservices.com\/tol\/consum\/media\/product\/img\/300x300\/7025203.jpg?t=20241217081002"
    },
    {
        "id": 8557,
        "name": "Danet de Chocolate Natillas Pack de 4 Und. DANONE",
        "price": 1.99,
        "price_kilo": 4.15,
        "slug": "danet-de-chocolate-natillas-pack-de-4-und",
        "description": "Danet de Chocolate Natillas Pack de 4 Und. 4 x 120 Gr",
        "image": "https:\/\/cdn-consum.aktiosdigitalservices.com\/tol\/consum\/media\/product\/img\/300x300\/7037112.jpg?t=20241217081005"
    },
    {
        "id": 8559,
        "name": "Tarrina 3 Chocolates 900 Ml. CONSUM",
        "price": 3.69,
        "price_kilo": 7.5,
        "slug": "tarrina-3-chocolates-900-ml",
        "description": "Tarrina 3 Chocolates 900 Ml. 492 Gr",
        "image": "https:\/\/cdn-consum.aktiosdigitalservices.com\/tol\/consum\/media\/product\/img\/300x300\/7046451.jpg?t=20250218080014"
    },
    {
        "id": 8560,
        "name": "Tarrina de Vainilla y Nueces Pecan 900 Ml. CONSUM",
        "price": 3.4,
        "price_kilo": 7.16,
        "slug": "tarrina-de-vainilla-y-nueces-pecan-900-ml",
        "description": "Tarrina de Vainilla y Nueces Pecan 900 Ml. 476 Gr",
        "image": "https:\/\/cdn-consum.aktiosdigitalservices.com\/tol\/consum\/media\/product\/img\/300x300\/7046456.jpg?t=20250120075643"
    },
    {
        "id": 8563,
        "name": "Danonino Petit Maxi Fresa y Pl\u00e1tano Pack 4 U DANONE",
        "price": 2.19,
        "price_kilo": 5.48,
        "slug": "danonino-petit-maxi-fresa-y-platano-pack-4-u",
        "description": "Danonino Petit Maxi Fresa y Pl\u00e1tano Pack 4 U 4 x 100 Gr",
        "image": "https:\/\/cdn-consum.aktiosdigitalservices.com\/tol\/consum\/media\/product\/img\/300x300\/7068588.jpg?t=20250218080028"
    },
    {
        "id": 8564,
        "name": "Ambientador WC Liquido Concentrado FORESAN",
        "price": 1.7,
        "price_kilo": 1.7,
        "slug": "ambientador-wc-liquido-concentrado",
        "description": "Ambientador WC Liquido Concentrado 1 U",
        "image": "https:\/\/cdn-consum.aktiosdigitalservices.com\/tol\/consum\/media\/product\/img\/300x300\/7075518.jpg?t=20241217081014"
    },
    {
        "id": 8566,
        "name": "Cono Nata Pack de 6 Unidades CONSUM",
        "price": 2.45,
        "price_kilo": 5.75,
        "slug": "cono-nata-pack-de-6-unidades",
        "description": "Cono Nata Pack de 6 Unidades 426 Gr",
        "image": "https:\/\/cdn-consum.aktiosdigitalservices.com\/tol\/consum\/media\/product\/img\/300x300\/7081156.jpg?t=20250312155934"
    },
    {
        "id": 8572,
        "name": "Minibombones sin Az\u00facar 4Cl\u00e1sico + 4 Almendrado CONSUM",
        "price": 2.99,
        "price_kilo": 10.38,
        "slug": "minibombones-sin-azucar-4clasico-4-almendrado",
        "description": "Minibombones sin Az\u00facar 4Cl\u00e1sico + 4 Almendrado 288 Gr",
        "image": "https:\/\/cdn-consum.aktiosdigitalservices.com\/tol\/consum\/media\/product\/img\/300x300\/7118151.jpg?t=20250315075726"
    },
    {
        "id": 8573,
        "name": "N\u00e9ctar Pi\u00f1a Light Pack de 6 CONSUM",
        "price": 1.5,
        "price_kilo": 1.25,
        "slug": "nectar-pina-light-pack-de-6",
        "description": "N\u00e9ctar Pi\u00f1a Light Pack de 6 6 x 0,2 L",
        "image": "https:\/\/cdn-consum.aktiosdigitalservices.com\/tol\/consum\/media\/product\/img\/300x300\/7118594.jpg?t=20250321075802"
    },
    {
        "id": 8574,
        "name": "Q.FrescTradicional Cabra L. de Cabra Pasteurizada GRANJA RINYA",
        "price": 15.5,
        "price_kilo": 15.5,
        "slug": "qfresctradicional-cabra-l-de-cabra-pasteurizada",
        "description": "Q.FrescTradicional Cabra L. de Cabra Pasteurizada",
        "image": "https:\/\/cdn-consum.aktiosdigitalservices.com\/tol\/consum\/media\/product\/img\/300x300\/7150576.jpg?t=20250322075857"
    },
    {
        "id": 8585,
        "name": "Pasta Fresca Rellena 4 Quesos RANA",
        "price": 2.7,
        "price_kilo": 10.8,
        "slug": "pasta-fresca-rellena-4-quesos",
        "description": "Pasta Fresca Rellena 4 Quesos 250 Gr",
        "image": "https:\/\/cdn-consum.aktiosdigitalservices.com\/tol\/consum\/media\/product\/img\/300x300\/7178051.jpg?t=20250312125240"
    },
    {
        "id": 8593,
        "name": "Flan de Huevo al Ba\u00f1o Mar\u00eda REINA",
        "price": 2.29,
        "price_kilo": 5.2,
        "slug": "flan-de-huevo-al-bano-maria",
        "description": "Flan de Huevo al Ba\u00f1o Mar\u00eda 4 x 110 Gr",
        "image": "https:\/\/cdn-consum.aktiosdigitalservices.com\/tol\/consum\/media\/product\/img\/300x300\/7197424.jpg?t=20250218080308"
    },
    {
        "id": 8597,
        "name": "Cesta Vacia Mimbre regalo PONETTE",
        "price": 1.99,
        "price_kilo": 1.99,
        "slug": "cesta-vacia-mimbre-regalo",
        "description": "Cesta Vacia Mimbre regalo 1 U",
        "image": "https:\/\/cdn-consum.aktiosdigitalservices.com\/tol\/consum\/media\/product\/img\/300x300\/7208770.jpg?t=20241217081042"
    },
    {
        "id": 8599,
        "name": "Vino Blanco Joven D.O.Mancha CARLADES",
        "price": 1.45,
        "price_kilo": 1.93,
        "slug": "vino-blanco-joven-domancha",
        "description": "Vino Blanco Joven D.O.Mancha 0,75 L",
        "image": "https:\/\/cdn-consum.aktiosdigitalservices.com\/tol\/consum\/media\/product\/img\/300x300\/7217131.jpg?t=20250129075907"
    },
    {
        "id": 8600,
        "name": "Refresco Lim\u00f3n Pet Zero TRINA",
        "price": 1.3,
        "price_kilo": 0.87,
        "slug": "refresco-limon-pet-zero",
        "description": "Refresco Lim\u00f3n Pet Zero 1,5 L",
        "image": "https:\/\/cdn-consum.aktiosdigitalservices.com\/tol\/consum\/media\/product\/img\/300x300\/7217268.jpg?t=20250311133609"
    },
    {
        "id": 8603,
        "name": "Hervido congelado CONSUM",
        "price": 1.83,
        "price_kilo": 2.44,
        "slug": "hervido-congelado",
        "description": "Hervido congelado 750 Gr",
        "image": "https:\/\/cdn-consum.aktiosdigitalservices.com\/tol\/consum\/media\/product\/img\/300x300\/7220689.jpg?t=20250311164556"
    },
    {
        "id": 8607,
        "name": "Galletas Mini Cookies CONSUM",
        "price": 0.79,
        "price_kilo": 9.29,
        "slug": "galletas-mini-cookies",
        "description": "Galletas Mini Cookies 85 Gr",
        "image": "https:\/\/cdn-consum.aktiosdigitalservices.com\/tol\/consum\/media\/product\/img\/300x300\/7234326.jpg?t=20250312092754"
    },
    {
        "id": 8612,
        "name": "Horchata Original Botell\u00edn Pack de 3 CHUFI",
        "price": 2.35,
        "price_kilo": 3.13,
        "slug": "horchata-original-botellin-pack-de-3",
        "description": "Horchata Original Botell\u00edn Pack de 3 3 x 250 ml",
        "image": "https:\/\/cdn-consum.aktiosdigitalservices.com\/tol\/consum\/media\/product\/img\/300x300\/7239254.jpg?t=20250318080938"
    },
    {
        "id": 8619,
        "name": "Vino Tinto Premium V.T. Castilla FLAVIUM",
        "price": 3.99,
        "price_kilo": 5.32,
        "slug": "vino-tinto-premium-vt-castilla",
        "description": "Vino Tinto Premium V.T. Castilla 0,75 L",
        "image": "https:\/\/cdn-consum.aktiosdigitalservices.com\/tol\/consum\/media\/product\/img\/300x300\/7251577.jpg?t=20241217081100"
    },
    {
        "id": 8623,
        "name": "Caf\u00e9 Lungo C\u00e1psulas DOLCE GUSTO",
        "price": 5.2,
        "price_kilo": 0.33,
        "slug": "cafe-lungo-capsulas",
        "description": "Caf\u00e9 Lungo C\u00e1psulas 16 U",
        "image": "https:\/\/cdn-consum.aktiosdigitalservices.com\/tol\/consum\/media\/product\/img\/300x300\/7255958.jpg?t=20250311133750"
    },
    {
        "id": 8627,
        "name": "F\u00f3sforos de Madera para Cocina FLAM UP",
        "price": 1.1,
        "price_kilo": 0.37,
        "slug": "fosforos-de-madera-para-cocina",
        "description": "F\u00f3sforos de Madera para Cocina 3 U",
        "image": "https:\/\/cdn-consum.aktiosdigitalservices.com\/tol\/consum\/media\/product\/img\/300x300\/7258700.jpg?t=20250121080337"
    },
    {
        "id": 8630,
        "name": "F\u00f3sforos de Madera FLAM UP",
        "price": 0.99,
        "price_kilo": 0.1,
        "slug": "fosforos-de-madera",
        "description": "F\u00f3sforos de Madera 10 U",
        "image": "https:\/\/cdn-consum.aktiosdigitalservices.com\/tol\/consum\/media\/product\/img\/300x300\/7260193.jpg?t=20241217081104"
    },
    {
        "id": 8633,
        "name": "S\u00e9rum Revitalift White L'OREAL",
        "price": 8.55,
        "price_kilo": 28.5,
        "slug": "serum-revitalift-white",
        "description": "S\u00e9rum Revitalift White 30 ml",
        "image": "https:\/\/cdn-consum.aktiosdigitalservices.com\/tol\/consum\/media\/product\/img\/300x300\/7261634.jpg?t=20250227092304"
    },
    {
        "id": 8637,
        "name": "Arroz Risotto Arborio Paquete SCOTTI",
        "price": 1.86,
        "price_kilo": 3.72,
        "slug": "arroz-risotto-arborio-paquete",
        "description": "Arroz Risotto Arborio Paquete 500 Gr",
        "image": "https:\/\/cdn-consum.aktiosdigitalservices.com\/tol\/consum\/media\/product\/img\/300x300\/7262462.jpg?t=20250103081337"
    },
    {
        "id": 8657,
        "name": "Pan S\u00e1ndwich Multicereal Sottile 8 Unidades DULCESOL",
        "price": 1.88,
        "price_kilo": 6.06,
        "slug": "pan-sandwich-multicereal-sottile-8-unidades",
        "description": "Pan S\u00e1ndwich Multicereal Sottile 8 Unidades 310 Gr",
        "image": "https:\/\/cdn-consum.aktiosdigitalservices.com\/tol\/consum\/media\/product\/img\/300x300\/7264380.jpg?t=20250312125450"
    },
    {
        "id": 8662,
        "name": "Torcidas Regaliz Fresa FINI",
        "price": 1.25,
        "price_kilo": 8.33,
        "slug": "torcidas-regaliz-fresa",
        "description": "Torcidas Regaliz Fresa 170 Gr",
        "image": "https:\/\/cdn-consum.aktiosdigitalservices.com\/tol\/consum\/media\/product\/img\/300x300\/7265176.jpg?t=20250311124609"
    },
    {
        "id": 8663,
        "name": "Cerveza Tostada Maestra Lata MAHOU",
        "price": 1.05,
        "price_kilo": 3.18,
        "slug": "cerveza-tostada-maestra-lata",
        "description": "Cerveza Tostada Maestra Lata 0,33 L",
        "image": "https:\/\/cdn-consum.aktiosdigitalservices.com\/tol\/consum\/media\/product\/img\/300x300\/7265432.jpg?t=20250312125453"
    },
    {
        "id": 8665,
        "name": "Tomate para Untar con Aceite y Ajo Tarrina IBERITOS",
        "price": 1.35,
        "price_kilo": 15.34,
        "slug": "tomate-para-untar-con-aceite-y-ajo-tarrina",
        "description": "Tomate para Untar con Aceite y Ajo Tarrina 4 x 22 Gr",
        "image": "https:\/\/cdn-consum.aktiosdigitalservices.com\/tol\/consum\/media\/product\/img\/300x300\/7265973.jpg?t=20250311164600"
    },
    {
        "id": 8669,
        "name": "Pera Alejandrina ",
        "price": 0.69,
        "price_kilo": 2.59,
        "slug": "pera-alejandrina",
        "description": "Pera Alejandrina",
        "image": "https:\/\/cdn-consum.aktiosdigitalservices.com\/tol\/consum\/media\/product\/img\/300x300\/2386.jpg?t=20250322075613"
    },
    {
        "id": 8673,
        "name": "Queso Fundido Entero Lonchas HOCHLAND",
        "price": 2.55,
        "price_kilo": 8.5,
        "slug": "queso-fundido-entero-lonchas",
        "description": "Queso Fundido Entero Lonchas 300 Gr",
        "image": "https:\/\/cdn-consum.aktiosdigitalservices.com\/tol\/consum\/media\/product\/img\/300x300\/228221.jpg?t=20250103075928"
    },
    {
        "id": 8675,
        "name": "Sopa Deshidratada Verdura  Sobre G.BLANCA",
        "price": 0.85,
        "price_kilo": 16.67,
        "slug": "sopa-deshidratada-verdura-sobre",
        "description": "Sopa Deshidratada Verdura  Sobre 51 Gr",
        "image": "https:\/\/cdn-consum.aktiosdigitalservices.com\/tol\/consum\/media\/product\/img\/300x300\/364406.jpg?t=20250206090008"
    },
    {
        "id": 8676,
        "name": "After Shave B\u00e1lsamo NIVEA",
        "price": 5.65,
        "price_kilo": 5.65,
        "slug": "after-shave-balsamo",
        "description": "After Shave B\u00e1lsamo 100 ml",
        "image": "https:\/\/cdn-consum.aktiosdigitalservices.com\/tol\/consum\/media\/product\/img\/300x300\/400770.jpg?t=20250313075819"
    },
    {
        "id": 8679,
        "name": "Limpiador WC L\u00edquido Frescor PATO",
        "price": 3.19,
        "price_kilo": 4.25,
        "slug": "limpiador-wc-liquido-frescor",
        "description": "Limpiador WC L\u00edquido Frescor 0,75 L",
        "image": "https:\/\/cdn-consum.aktiosdigitalservices.com\/tol\/consum\/media\/product\/img\/300x300\/412031.jpg?t=20250227085948"
    },
    {
        "id": 8681,
        "name": "Fregona Sint\u00e9tica Super VILEDA",
        "price": 2.69,
        "price_kilo": 2.69,
        "slug": "fregona-sintetica-super",
        "description": "Fregona Sint\u00e9tica Super 1 U",
        "image": "https:\/\/cdn-consum.aktiosdigitalservices.com\/tol\/consum\/media\/product\/img\/300x300\/418160.jpg?t=20241217080949"
    },
    {
        "id": 8687,
        "name": "Estropajos Acero Inox SPONTEX",
        "price": 1.49,
        "price_kilo": 0.75,
        "slug": "estropajos-acero-inox",
        "description": "Estropajos Acero Inox 2 U",
        "image": "https:\/\/cdn-consum.aktiosdigitalservices.com\/tol\/consum\/media\/product\/img\/300x300\/431122.jpg?t=20241217080949"
    },
    {
        "id": 8688,
        "name": "N\u00e9ctar Pi\u00f1a Botella Pet GRANINI",
        "price": 2.89,
        "price_kilo": 2.89,
        "slug": "nectar-pina-botella-pet",
        "description": "N\u00e9ctar Pi\u00f1a Botella Pet 1 L",
        "image": "https:\/\/cdn-consum.aktiosdigitalservices.com\/tol\/consum\/media\/product\/img\/300x300\/444356.jpg?t=20250206090106"
    },
    {
        "id": 8689,
        "name": "Bebida a base de Zumo de Melocot\u00f3n Pet GRANINI",
        "price": 2.89,
        "price_kilo": 2.89,
        "slug": "bebida-a-base-de-zumo-de-melocoton-pet",
        "description": "Bebida a base de Zumo de Melocot\u00f3n Pet 1 L",
        "image": "https:\/\/cdn-consum.aktiosdigitalservices.com\/tol\/consum\/media\/product\/img\/300x300\/444364.jpg?t=20250206090108"
    },
    {
        "id": 8692,
        "name": "Tampones Digital Normal OB",
        "price": 6.19,
        "price_kilo": 0.19,
        "slug": "tampones-digital-normal",
        "description": "Tampones Digital Normal 32 U",
        "image": "https:\/\/cdn-consum.aktiosdigitalservices.com\/tol\/consum\/media\/product\/img\/300x300\/464552.jpg?t=20250318080931"
    },
    {
        "id": 8694,
        "name": "Limpiacristales Cristalino Pistola CRISTASOL",
        "price": 2.65,
        "price_kilo": 3.53,
        "slug": "limpiacristales-cristalino-pistola",
        "description": "Limpiacristales Cristalino Pistola 0,75 L",
        "image": "https:\/\/cdn-consum.aktiosdigitalservices.com\/tol\/consum\/media\/product\/img\/300x300\/519710.jpg?t=20250227090021"
    },
    {
        "id": 8695,
        "name": "Maquinilla Extra II Piel Sensible Desechable WILKINSON",
        "price": 6.29,
        "price_kilo": 0.63,
        "slug": "maquinilla-extra-ii-piel-sensible-desechable",
        "description": "Maquinilla Extra II Piel Sensible Desechable 10 U",
        "image": "https:\/\/cdn-consum.aktiosdigitalservices.com\/tol\/consum\/media\/product\/img\/300x300\/551085.jpg?t=20250227090023"
    },
    {
        "id": 8696,
        "name": "Laurel en Hojas Bolsa DUCROS",
        "price": 1.49,
        "price_kilo": 18.63,
        "slug": "laurel-en-hojas-bolsa",
        "description": "Laurel en Hojas Bolsa 8 Gr",
        "image": "https:\/\/cdn-consum.aktiosdigitalservices.com\/tol\/consum\/media\/product\/img\/300x300\/557371.jpg?t=20250318075734"
    },
    {
        "id": 8697,
        "name": "Bebida a base de zumo Pomelo Rosa Pet GRANINI",
        "price": 2.89,
        "price_kilo": 2.89,
        "slug": "bebida-a-base-de-zumo-pomelo-rosa-pet",
        "description": "Bebida a base de zumo Pomelo Rosa Pet 1 L",
        "image": "https:\/\/cdn-consum.aktiosdigitalservices.com\/tol\/consum\/media\/product\/img\/300x300\/557769.jpg?t=20250312155723"
    },
    {
        "id": 8705,
        "name": "Sobrasada Etiqueta Negra ZAGAL",
        "price": 2.99,
        "price_kilo": 14.95,
        "slug": "sobrasada-etiqueta-negra",
        "description": "Sobrasada Etiqueta Negra 200 Gr",
        "image": "https:\/\/cdn-consum.aktiosdigitalservices.com\/tol\/consum\/media\/product\/img\/300x300\/2013308.jpg?t=20241217080956"
    },
    {
        "id": 8706,
        "name": "Estropajos Salvau\u00f1as Classic 2u m\u00e1s 1 regalo S.BRITE",
        "price": 1.79,
        "price_kilo": 0.6,
        "slug": "estropajos-salvaunas-classic-2u-mas-1-regalo",
        "description": "Estropajos Salvau\u00f1as Classic 2u m\u00e1s 1 regalo 3 U",
        "image": "https:\/\/cdn-consum.aktiosdigitalservices.com\/tol\/consum\/media\/product\/img\/300x300\/2038941.jpg?t=20241217080956"
    },
    {
        "id": 8707,
        "name": "Escoba Antichoque con Funci\u00f3n 3 en 1 VILEDA",
        "price": 5.65,
        "price_kilo": 5.65,
        "slug": "escoba-antichoque-con-funcion-3-en-1",
        "description": "Escoba Antichoque con Funci\u00f3n 3 en 1 1 U",
        "image": "https:\/\/cdn-consum.aktiosdigitalservices.com\/tol\/consum\/media\/product\/img\/300x300\/2139830.jpg?t=20250311164534"
    },
    {
        "id": 8708,
        "name": "Manzana Pink Lady ",
        "price": 0.61,
        "price_kilo": 2.75,
        "slug": "manzana-pink-lady",
        "description": "Manzana Pink Lady",
        "image": "https:\/\/cdn-consum.aktiosdigitalservices.com\/tol\/consum\/media\/product\/img\/300x300\/2388676.jpg?t=20250322075744"
    },
    {
        "id": 8709,
        "name": "Body Milk Hidratante Nutritivo DOVE",
        "price": 4.99,
        "price_kilo": 1.25,
        "slug": "body-milk-hidratante-nutritivo",
        "description": "Body Milk Hidratante Nutritivo 400 ml",
        "image": "https:\/\/cdn-consum.aktiosdigitalservices.com\/tol\/consum\/media\/product\/img\/300x300\/2816999.jpg?t=20250312155811"
    },
    {
        "id": 8713,
        "name": "Gel Fijador Extrafuerte Style FRUCTIS",
        "price": 3.45,
        "price_kilo": 1.73,
        "slug": "gel-fijador-extrafuerte-style",
        "description": "Gel Fijador Extrafuerte Style 200 ml",
        "image": "https:\/\/cdn-consum.aktiosdigitalservices.com\/tol\/consum\/media\/product\/img\/300x300\/3715471.jpg?t=20250206090429"
    },
    {
        "id": 8717,
        "name": "Multiusos Espuma TENN",
        "price": 4.15,
        "price_kilo": 8.3,
        "slug": "multiusos-espuma",
        "description": "Multiusos Espuma 0,5 L",
        "image": "https:\/\/cdn-consum.aktiosdigitalservices.com\/tol\/consum\/media\/product\/img\/300x300\/4839759.jpg?t=20250206090515"
    },
    {
        "id": 8718,
        "name": "Maquinilla Desechable Blue II Plus GILLETTE",
        "price": 3.49,
        "price_kilo": 0.7,
        "slug": "maquinilla-desechable-blue-ii-plus",
        "description": "Maquinilla Desechable Blue II Plus 5 U",
        "image": "https:\/\/cdn-consum.aktiosdigitalservices.com\/tol\/consum\/media\/product\/img\/300x300\/5178678.jpg?t=20241217080959"
    },
    {
        "id": 8719,
        "name": "Bebida Energ\u00e9tica Light Lata RED BULL",
        "price": 1.59,
        "price_kilo": 6.36,
        "slug": "bebida-energetica-light-lata",
        "description": "Bebida Energ\u00e9tica Light Lata 0,25 L",
        "image": "https:\/\/cdn-consum.aktiosdigitalservices.com\/tol\/consum\/media\/product\/img\/300x300\/5418249.jpg?t=20250227090253"
    },
    {
        "id": 8721,
        "name": "Corazones Lechuga 6 U Peso Aproximado 250 gr ",
        "price": 1.99,
        "price_kilo": 7.96,
        "slug": "corazones-lechuga-6-u-peso-aproximado-250-gr",
        "description": "Corazones Lechuga 6 U Peso Aproximado 250 gr 0,25 Kg",
        "image": "https:\/\/cdn-consum.aktiosdigitalservices.com\/tol\/consum\/media\/product\/img\/300x300\/5983945.jpg?t=20250225075759"
    },
    {
        "id": 8725,
        "name": "Garbanza Blanca LUENGO",
        "price": 2.59,
        "price_kilo": 5.18,
        "slug": "garbanza-blanca",
        "description": "Garbanza Blanca 500 Gr",
        "image": "https:\/\/cdn-consum.aktiosdigitalservices.com\/tol\/consum\/media\/product\/img\/300x300\/7012412.jpg?t=20250109093828"
    },
    {
        "id": 8728,
        "name": "Alubia Blanca Larga LUENGO",
        "price": 2.04,
        "price_kilo": 4.08,
        "slug": "alubia-blanca-larga",
        "description": "Alubia Blanca Larga 500 Gr",
        "image": "https:\/\/cdn-consum.aktiosdigitalservices.com\/tol\/consum\/media\/product\/img\/300x300\/7021116.jpg?t=20250103080243"
    },
    {
        "id": 8731,
        "name": "Arroz Vaporizado CONSUM",
        "price": 1.67,
        "price_kilo": 1.67,
        "slug": "arroz-vaporizado",
        "description": "Arroz Vaporizado 1 Kg",
        "image": "https:\/\/cdn-consum.aktiosdigitalservices.com\/tol\/consum\/media\/product\/img\/300x300\/7022726.jpg?t=20250103080248"
    },
    {
        "id": 8732,
        "name": "Arroz Integral D.O. Valencia Paquete DACSA",
        "price": 2.03,
        "price_kilo": 2.03,
        "slug": "arroz-integral-do-valencia-paquete",
        "description": "Arroz Integral D.O. Valencia Paquete 1 Kg",
        "image": "https:\/\/cdn-consum.aktiosdigitalservices.com\/tol\/consum\/media\/product\/img\/300x300\/7025039.jpg?t=20250103080257"
    },
    {
        "id": 8733,
        "name": "S\u00e1ndwich de Vainilla y Chocolate 6 Unidades CONSUM",
        "price": 2.25,
        "price_kilo": 7.08,
        "slug": "sandwich-de-vainilla-y-chocolate-6-unidades",
        "description": "S\u00e1ndwich de Vainilla y Chocolate 6 Unidades 318 Gr",
        "image": "https:\/\/cdn-consum.aktiosdigitalservices.com\/tol\/consum\/media\/product\/img\/300x300\/7025179.jpg?t=20241217081002"
    },
    {
        "id": 8734,
        "name": "Lej\u00eda Lavadora Protecci\u00f3n ACE",
        "price": 2.6,
        "price_kilo": 1.3,
        "slug": "lejia-lavadora-proteccion",
        "description": "Lej\u00eda Lavadora Protecci\u00f3n 2 L",
        "image": "https:\/\/cdn-consum.aktiosdigitalservices.com\/tol\/consum\/media\/product\/img\/300x300\/7026862.jpg?t=20250311124107"
    },
    {
        "id": 8739,
        "name": "Cebolla Tierna Peque\u00f1a Bandeja ",
        "price": 2.19,
        "price_kilo": 7.3,
        "slug": "cebolla-tierna-pequena-bandeja",
        "description": "Cebolla Tierna Peque\u00f1a Bandeja 300 Gr",
        "image": "https:\/\/cdn-consum.aktiosdigitalservices.com\/tol\/consum\/media\/product\/img\/300x300\/7043367.jpg?t=20250219075835"
    },
    {
        "id": 8740,
        "name": "Sardinas en Escabeche Lata CONSUM",
        "price": 1.25,
        "price_kilo": 14.88,
        "slug": "sardinas-en-escabeche-lata",
        "description": "Sardinas en Escabeche Lata 84 Gr",
        "image": "https:\/\/cdn-consum.aktiosdigitalservices.com\/tol\/consum\/media\/product\/img\/300x300\/7043722.jpg?t=20241217081008"
    },
    {
        "id": 8742,
        "name": "Sopa Deshidratada Ave y Arroz Sobre G.BLANCA",
        "price": 0.85,
        "price_kilo": 10.63,
        "slug": "sopa-deshidratada-ave-y-arroz-sobre",
        "description": "Sopa Deshidratada Ave y Arroz Sobre 80 Gr",
        "image": "https:\/\/cdn-consum.aktiosdigitalservices.com\/tol\/consum\/media\/product\/img\/300x300\/7044803.jpg?t=20241217081008"
    },
    {
        "id": 8753,
        "name": "Ensalada Maxi Variada Bolsa CONSUM",
        "price": 1.68,
        "price_kilo": 4.8,
        "slug": "ensalada-maxi-variada-bolsa",
        "description": "Ensalada Maxi Variada Bolsa 350 Gr",
        "image": "https:\/\/cdn-consum.aktiosdigitalservices.com\/tol\/consum\/media\/product\/img\/300x300\/7054328.jpg?t=20250103080353"
    },
    {
        "id": 8761,
        "name": "Fregona Microfibra SPONTEX",
        "price": 3.55,
        "price_kilo": 3.55,
        "slug": "fregona-microfibra",
        "description": "Fregona Microfibra 1 U",
        "image": "https:\/\/cdn-consum.aktiosdigitalservices.com\/tol\/consum\/media\/product\/img\/300x300\/7073190.jpg?t=20241217081014"
    },
    {
        "id": 8763,
        "name": "Briochoco 6 unidades CONSUM",
        "price": 1.58,
        "price_kilo": 6.58,
        "slug": "briochoco-6-unidades",
        "description": "Briochoco 6 unidades 240 Gr",
        "image": "https:\/\/cdn-consum.aktiosdigitalservices.com\/tol\/consum\/media\/product\/img\/300x300\/7075406.jpg?t=20250311104144"
    },
    {
        "id": 8767,
        "name": "Salami Extra Lonchas 4x60 CONSUM",
        "price": 1.95,
        "price_kilo": 8.13,
        "slug": "salami-extra-lonchas-4x60",
        "description": "Salami Extra Lonchas 4x60 (240gr)",
        "image": "https:\/\/cdn-consum.aktiosdigitalservices.com\/tol\/consum\/media\/product\/img\/300x300\/7076128.jpg?t=20241217081014"
    },
    {
        "id": 8771,
        "name": "Galletas sin Sal y sin Az\u00facar CONSUM",
        "price": 2.29,
        "price_kilo": 3.82,
        "slug": "galletas-sin-sal-y-sin-azucar",
        "description": "Galletas sin Sal y sin Az\u00facar 600 Gr",
        "image": "https:\/\/cdn-consum.aktiosdigitalservices.com\/tol\/consum\/media\/product\/img\/300x300\/7076834.jpg?t=20250311104209"
    },
    {
        "id": 8772,
        "name": "Bomb\u00f3n Chocolate Negro 4 Unidades CONSUM",
        "price": 2.39,
        "price_kilo": 7.38,
        "slug": "bombon-chocolate-negro-4-unidades",
        "description": "Bomb\u00f3n Chocolate Negro 4 Unidades 324 Gr",
        "image": "https:\/\/cdn-consum.aktiosdigitalservices.com\/tol\/consum\/media\/product\/img\/300x300\/7079668.jpg?t=20241219080027"
    },
    {
        "id": 8774,
        "name": "Ap\u00f3sitos Infantiles Tama\u00f1o Medios CONSUM KIDS",
        "price": 0.99,
        "price_kilo": 0.05,
        "slug": "apositos-infantiles-tamano-medios",
        "description": "Ap\u00f3sitos Infantiles Tama\u00f1o Medios 20 U",
        "image": "https:\/\/cdn-consum.aktiosdigitalservices.com\/tol\/consum\/media\/product\/img\/300x300\/7080505.jpg?t=20241217081015"
    },
    {
        "id": 8775,
        "name": "Ap\u00f3sitos Antiagua 2 Tama\u00f1os KYREY PHARMA",
        "price": 1.25,
        "price_kilo": 0.13,
        "slug": "apositos-antiagua-2-tamanos",
        "description": "Ap\u00f3sitos Antiagua 2 Tama\u00f1os 10 U",
        "image": "https:\/\/cdn-consum.aktiosdigitalservices.com\/tol\/consum\/media\/product\/img\/300x300\/7080518.jpg?t=20241217081015"
    },
    {
        "id": 8777,
        "name": "Mini Bomb\u00f3n Almendrado Pack de 8 CONSUM",
        "price": 2.99,
        "price_kilo": 8.59,
        "slug": "mini-bombon-almendrado-pack-de-8",
        "description": "Mini Bomb\u00f3n Almendrado Pack de 8 348 Gr",
        "image": "https:\/\/cdn-consum.aktiosdigitalservices.com\/tol\/consum\/media\/product\/img\/300x300\/7081375.jpg?t=20241219080042"
    },
    {
        "id": 8778,
        "name": "Zumo Melocot\u00f3n y Uva Concentrado Pack de 6 DON SIMON",
        "price": 1.99,
        "price_kilo": 1.66,
        "slug": "zumo-melocoton-y-uva-concentrado-pack-de-6",
        "description": "Zumo Melocot\u00f3n y Uva Concentrado Pack de 6 6 x 0,2 L",
        "image": "https:\/\/cdn-consum.aktiosdigitalservices.com\/tol\/consum\/media\/product\/img\/300x300\/7082944.jpg?t=20250312155940"
    },
    {
        "id": 8781,
        "name": "Loci\u00f3n Piel Extra Seca Intensiva DOVE",
        "price": 4.99,
        "price_kilo": 1.25,
        "slug": "locion-piel-extra-seca-intensiva",
        "description": "Loci\u00f3n Piel Extra Seca Intensiva 400 ml",
        "image": "https:\/\/cdn-consum.aktiosdigitalservices.com\/tol\/consum\/media\/product\/img\/300x300\/7088151.jpg?t=20250312155944"
    },
    {
        "id": 8797,
        "name": "Estropajo Poder Verde con Esponja SPONTEX",
        "price": 1.99,
        "price_kilo": 1,
        "slug": "estropajo-poder-verde-con-esponja",
        "description": "Estropajo Poder Verde con Esponja 2 U",
        "image": "https:\/\/cdn-consum.aktiosdigitalservices.com\/tol\/consum\/media\/product\/img\/300x300\/7097921.jpg?t=20250313080036"
    },
    {
        "id": 8798,
        "name": "Filetes de Caballa con Tomate Lata CONSUM",
        "price": 0.99,
        "price_kilo": 12.69,
        "slug": "filetes-de-caballa-con-tomate-lata",
        "description": "Filetes de Caballa con Tomate Lata 78 Gr",
        "image": "https:\/\/cdn-consum.aktiosdigitalservices.com\/tol\/consum\/media\/product\/img\/300x300\/7098213.jpg?t=20241217081018"
    },
    {
        "id": 8802,
        "name": "Limpiahogar Aloe Vera TENN",
        "price": 3.05,
        "price_kilo": 2.35,
        "slug": "limpiahogar-aloe-vera",
        "description": "Limpiahogar Aloe Vera 1,3 L",
        "image": "https:\/\/cdn-consum.aktiosdigitalservices.com\/tol\/consum\/media\/product\/img\/300x300\/7098929.jpg?t=20250313080039"
    },
    {
        "id": 8805,
        "name": "Jam\u00f3n Cocido Extra Finas Lonchas FERRARINI",
        "price": 2.69,
        "price_kilo": 26.9,
        "slug": "jamon-cocido-extra-finas-lonchas",
        "description": "Jam\u00f3n Cocido Extra Finas Lonchas 100 Gr",
        "image": "https:\/\/cdn-consum.aktiosdigitalservices.com\/tol\/consum\/media\/product\/img\/300x300\/7101368.jpg?t=20250227090703"
    },
    {
        "id": 8806,
        "name": "Migas de Bacalao CONSUM",
        "price": 3.49,
        "price_kilo": 34.9,
        "slug": "migas-de-bacalao",
        "description": "Migas de Bacalao 100 Gr",
        "image": "https:\/\/cdn-consum.aktiosdigitalservices.com\/tol\/consum\/media\/product\/img\/300x300\/7101744.jpg?t=20250311124206"
    },
    {
        "id": 8807,
        "name": "Chopped Pork CAMPOFR\u00cdO",
        "price": 1,
        "price_kilo": 10.53,
        "slug": "chopped-pork",
        "description": "Chopped Pork 95 Gr",
        "image": "https:\/\/cdn-consum.aktiosdigitalservices.com\/tol\/consum\/media\/product\/img\/300x300\/7101822.jpg?t=20241217081019"
    },
    {
        "id": 8813,
        "name": "Queso Tierno Mezcla Lonchas G.BAQUERO",
        "price": 2.65,
        "price_kilo": 17.67,
        "slug": "queso-tierno-mezcla-lonchas",
        "description": "Queso Tierno Mezcla Lonchas 150 Gr",
        "image": "https:\/\/cdn-consum.aktiosdigitalservices.com\/tol\/consum\/media\/product\/img\/300x300\/7102882.jpg?t=20250121080034"
    },
    {
        "id": 8814,
        "name": "Queso Cabra Semi Lonchas G.BAQUERO",
        "price": 3.05,
        "price_kilo": 24.4,
        "slug": "queso-cabra-semi-lonchas",
        "description": "Queso Cabra Semi Lonchas 125 Gr",
        "image": "https:\/\/cdn-consum.aktiosdigitalservices.com\/tol\/consum\/media\/product\/img\/300x300\/7102903.jpg?t=20250206091128"
    },
    {
        "id": 8818,
        "name": "Maquinilla Desechable Extra de 2 hojas Beauty WILKINSON",
        "price": 3.25,
        "price_kilo": 0.65,
        "slug": "maquinilla-desechable-extra-de-2-hojas-beauty",
        "description": "Maquinilla Desechable Extra de 2 hojas Beauty 5 U",
        "image": "https:\/\/cdn-consum.aktiosdigitalservices.com\/tol\/consum\/media\/product\/img\/300x300\/7108322.jpg?t=20241217081020"
    },
    {
        "id": 8823,
        "name": "Queso Rallado Mozzarella Bolsa ARLA",
        "price": 3.45,
        "price_kilo": 19.71,
        "slug": "queso-rallado-mozzarella-bolsa",
        "description": "Queso Rallado Mozzarella Bolsa 175 Gr",
        "image": "https:\/\/cdn-consum.aktiosdigitalservices.com\/tol\/consum\/media\/product\/img\/300x300\/7109937.jpg?t=20250312160015"
    },
    {
        "id": 8826,
        "name": "N\u00e9ctar Pi\u00f1a Disfruta sin Az\u00facar A\u00f1adido Pack DON SIMON",
        "price": 1.99,
        "price_kilo": 1.66,
        "slug": "nectar-pina-disfruta-sin-azucar-anadido-pack",
        "description": "N\u00e9ctar Pi\u00f1a Disfruta sin Az\u00facar A\u00f1adido Pack 6 x 0,2 L",
        "image": "https:\/\/cdn-consum.aktiosdigitalservices.com\/tol\/consum\/media\/product\/img\/300x300\/7119121.jpg?t=20250220080134"
    },
    {
        "id": 8828,
        "name": "Zanahorias Baby congeladas FINDUS",
        "price": 2.95,
        "price_kilo": 9.83,
        "slug": "zanahorias-baby-congeladas",
        "description": "Zanahorias Baby congeladas 300 Gr",
        "image": "https:\/\/cdn-consum.aktiosdigitalservices.com\/tol\/consum\/media\/product\/img\/300x300\/7119266.jpg?t=20250207075848"
    },
    {
        "id": 8829,
        "name": "Calamar Salsa Americana Pack de 3 CALVO",
        "price": 3.45,
        "price_kilo": 23.96,
        "slug": "calamar-salsa-americana-pack-de-3",
        "description": "Calamar Salsa Americana Pack de 3 3 x 48 Gr",
        "image": "https:\/\/cdn-consum.aktiosdigitalservices.com\/tol\/consum\/media\/product\/img\/300x300\/7120025.jpg?t=20250227090822"
    },
    {
        "id": 8830,
        "name": "Body Milk Lactourea Pieles Deshidratadas LACTOVIT",
        "price": 4.25,
        "price_kilo": 1.06,
        "slug": "body-milk-lactourea-pieles-deshidratadas",
        "description": "Body Milk Lactourea Pieles Deshidratadas 400 ml",
        "image": "https:\/\/cdn-consum.aktiosdigitalservices.com\/tol\/consum\/media\/product\/img\/300x300\/7120066.jpg?t=20250227090825"
    },
    {
        "id": 8836,
        "name": "Parmigiano Reggiano Cu\u00f1a FERRARINI",
        "price": 5.25,
        "price_kilo": 29.17,
        "slug": "parmigiano-reggiano-cuna",
        "description": "Parmigiano Reggiano Cu\u00f1a 180 Gr",
        "image": "https:\/\/cdn-consum.aktiosdigitalservices.com\/tol\/consum\/media\/product\/img\/300x300\/7121601.jpg?t=20250311104552"
    },
    {
        "id": 8837,
        "name": "Mini Kumato Bandeja ",
        "price": 1.69,
        "price_kilo": 6.76,
        "slug": "mini-kumato-bandeja",
        "description": "Mini Kumato Bandeja 250 Gr",
        "image": "https:\/\/cdn-consum.aktiosdigitalservices.com\/tol\/consum\/media\/product\/img\/300x300\/7131373.jpg?t=20250312125156"
    },
    {
        "id": 8838,
        "name": "Chorizo y Salchich\u00f3n de Pavo GOIKOA",
        "price": 2.95,
        "price_kilo": 19.67,
        "slug": "chorizo-y-salchichon-de-pavo",
        "description": "Chorizo y Salchich\u00f3n de Pavo 2 x 75 Gr",
        "image": "https:\/\/cdn-consum.aktiosdigitalservices.com\/tol\/consum\/media\/product\/img\/300x300\/7139996.jpg?t=20250312160032"
    },
    {
        "id": 8839,
        "name": "Bayeta Suave Multiusos 2 m\u00e1s 1 de Regalo VILEDA",
        "price": 1.99,
        "price_kilo": 0.66,
        "slug": "bayeta-suave-multiusos-2-mas-1-de-regalo",
        "description": "Bayeta Suave Multiusos 2 m\u00e1s 1 de Regalo 3 U",
        "image": "https:\/\/cdn-consum.aktiosdigitalservices.com\/tol\/consum\/media\/product\/img\/300x300\/7144165.jpg?t=20250227090859"
    },
    {
        "id": 8845,
        "name": "Queso sin Lactosa Lonchas G.BAQUERO",
        "price": 3.05,
        "price_kilo": 20.33,
        "slug": "queso-sin-lactosa-lonchas",
        "description": "Queso sin Lactosa Lonchas 150 Gr",
        "image": "https:\/\/cdn-consum.aktiosdigitalservices.com\/tol\/consum\/media\/product\/img\/300x300\/7152049.jpg?t=20250121080108"
    },
    {
        "id": 8851,
        "name": "Pat\u00e9 Finas Hierbas Pack de 2 Unidades LA CUINA",
        "price": 1.45,
        "price_kilo": 14.5,
        "slug": "pate-finas-hierbas-pack-de-2-unidades",
        "description": "Pat\u00e9 Finas Hierbas Pack de 2 Unidades 2 x 50 Gr",
        "image": "https:\/\/cdn-consum.aktiosdigitalservices.com\/tol\/consum\/media\/product\/img\/300x300\/7155018.jpg?t=20241217081026"
    },
    {
        "id": 8858,
        "name": "Lima Esmeril 12 cm KYREY",
        "price": 1.2,
        "price_kilo": 0.12,
        "slug": "lima-esmeril-12-cm",
        "description": "Lima Esmeril 12 cm 10 U",
        "image": "https:\/\/cdn-consum.aktiosdigitalservices.com\/tol\/consum\/media\/product\/img\/300x300\/7156693.jpg?t=20241217081026"
    },
    {
        "id": 8859,
        "name": "Lima Esmeril 17 cm KYREY",
        "price": 1.3,
        "price_kilo": 0.13,
        "slug": "lima-esmeril-17-cm",
        "description": "Lima Esmeril 17 cm 10 U",
        "image": "https:\/\/cdn-consum.aktiosdigitalservices.com\/tol\/consum\/media\/product\/img\/300x300\/7156698.jpg?t=20241217081026"
    },
    {
        "id": 8865,
        "name": "Comida Seca Gatos Esterilizados y Hairball ULTIMA",
        "price": 10.5,
        "price_kilo": 7,
        "slug": "comida-seca-gatos-esterilizados-y-hairball",
        "description": "Comida Seca Gatos Esterilizados y Hairball 1,5 Kg",
        "image": "https:\/\/cdn-consum.aktiosdigitalservices.com\/tol\/consum\/media\/product\/img\/300x300\/7157022.jpg?t=20250313080142"
    },
    {
        "id": 8870,
        "name": "Comida Gatos Esterilizados BREKKIES",
        "price": 6.95,
        "price_kilo": 4.63,
        "slug": "comida-gatos-esterilizados",
        "description": "Comida Gatos Esterilizados 1,5 Kg",
        "image": "https:\/\/cdn-consum.aktiosdigitalservices.com\/tol\/consum\/media\/product\/img\/300x300\/7159973.jpg?t=20241217081027"
    },
    {
        "id": 8876,
        "name": "Body Milk con Urea KYREY",
        "price": 2.2,
        "price_kilo": 0.55,
        "slug": "body-milk-con-urea",
        "description": "Body Milk con Urea 400 ml",
        "image": "https:\/\/cdn-consum.aktiosdigitalservices.com\/tol\/consum\/media\/product\/img\/300x300\/7163319.jpg?t=20241217081027"
    },
    {
        "id": 8884,
        "name": "N\u00e9ctar de Frutas Pack de 6 CONSUM KIDS",
        "price": 1.75,
        "price_kilo": 1.46,
        "slug": "nectar-de-frutas-pack-de-6",
        "description": "N\u00e9ctar de Frutas Pack de 6 6 x 0,2 L",
        "image": "https:\/\/cdn-consum.aktiosdigitalservices.com\/tol\/consum\/media\/product\/img\/300x300\/7168958.jpg?t=20250205080044"
    },
    {
        "id": 8885,
        "name": "Cebolla dulce Malla ",
        "price": 1.79,
        "price_kilo": 3.58,
        "slug": "cebolla-dulce-malla",
        "description": "Cebolla dulce Malla 500 Gr",
        "image": "https:\/\/cdn-consum.aktiosdigitalservices.com\/tol\/consum\/media\/product\/img\/300x300\/7169324.jpg?t=20250219075937"
    },
    {
        "id": 8886,
        "name": "Estropajos Almohadilla No Raya CONSUM",
        "price": 0.95,
        "price_kilo": 0.48,
        "slug": "estropajos-almohadilla-no-raya",
        "description": "Estropajos Almohadilla No Raya 2 U",
        "image": "https:\/\/cdn-consum.aktiosdigitalservices.com\/tol\/consum\/media\/product\/img\/300x300\/7170421.jpg?t=20241217081030"
    },
    {
        "id": 8888,
        "name": "Pepino Holandes Peso Aproximado 300 gr ",
        "price": 0.99,
        "price_kilo": 3.3,
        "slug": "pepino-holandes-peso-aproximado-300-gr",
        "description": "Pepino Holandes Peso Aproximado 300gr",
        "image": "https:\/\/cdn-consum.aktiosdigitalservices.com\/tol\/consum\/media\/product\/img\/300x300\/7171804.jpg?t=20250204080410"
    },
    {
        "id": 8895,
        "name": "Caldo Pescado 12 Pastillas CONSUM",
        "price": 0.85,
        "price_kilo": 7.08,
        "slug": "caldo-pescado-12-pastillas",
        "description": "Caldo Pescado 12 Pastillas 120 Gr",
        "image": "https:\/\/cdn-consum.aktiosdigitalservices.com\/tol\/consum\/media\/product\/img\/300x300\/7178718.jpg?t=20241217081031"
    },
    {
        "id": 8896,
        "name": "Sopa Jardinera Sobre CONSUM",
        "price": 0.49,
        "price_kilo": 7.42,
        "slug": "sopa-jardinera-sobre",
        "description": "Sopa Jardinera Sobre 66 Gr",
        "image": "https:\/\/cdn-consum.aktiosdigitalservices.com\/tol\/consum\/media\/product\/img\/300x300\/7178726.jpg?t=20241217081031"
    },
    {
        "id": 8898,
        "name": "Desatascador Tuberias Bloqueadas WC NET",
        "price": 6.99,
        "price_kilo": 6.99,
        "slug": "desatascador-tuberias-bloqueadas",
        "description": "Desatascador Tuberias Bloqueadas 1 L",
        "image": "https:\/\/cdn-consum.aktiosdigitalservices.com\/tol\/consum\/media\/product\/img\/300x300\/7179232.jpg?t=20250312125245"
    },
    {
        "id": 8908,
        "name": "Bolsas Basura Autocierre Resistente Antigoteo HANDY BAG",
        "price": 2.79,
        "price_kilo": 0.19,
        "slug": "bolsas-basura-autocierre-resistente-antigoteo",
        "description": "Bolsas Basura Autocierre Resistente Antigoteo 15 U",
        "image": "https:\/\/cdn-consum.aktiosdigitalservices.com\/tol\/consum\/media\/product\/img\/300x300\/7181196.jpg?t=20241217081032"
    },
    {
        "id": 8910,
        "name": "Bandeja Cart\u00f3n Rectang. Grande m\u00e1s Blon.23x33 NV",
        "price": 2.79,
        "price_kilo": 2.79,
        "slug": "bandeja-carton-rectang-grande-mas-blon23x33",
        "description": "Bandeja Cart\u00f3n Rectang. Grande m\u00e1s Blon.23x33 1 U",
        "image": "https:\/\/cdn-consum.aktiosdigitalservices.com\/tol\/consum\/media\/product\/img\/300x300\/7181535.jpg?t=20250311164551"
    },
    {
        "id": 8912,
        "name": "Guantes L\u00e1tex Talla Mediana\/Grande CONSUM",
        "price": 3.1,
        "price_kilo": 0.06,
        "slug": "guantes-latex-talla-mediana-grande",
        "description": "Guantes L\u00e1tex Talla Mediana\/Grande 50 U",
        "image": "https:\/\/cdn-consum.aktiosdigitalservices.com\/tol\/consum\/media\/product\/img\/300x300\/7182587.jpg?t=20241217081033"
    },
    {
        "id": 8925,
        "name": "Chorizo Extra Duroc LA HOGUERA",
        "price": 4.59,
        "price_kilo": 16.39,
        "slug": "chorizo-extra-duroc",
        "description": "Chorizo Extra Duroc 280 Gr",
        "image": "https:\/\/cdn-consum.aktiosdigitalservices.com\/tol\/consum\/media\/product\/img\/300x300\/7190759.jpg?t=20241217081036"
    },
    {
        "id": 8928,
        "name": "Snatts Bocaditos Tomate y Or\u00e9gano GREFUSA",
        "price": 1.41,
        "price_kilo": 12.82,
        "slug": "snatts-bocaditos-tomate-y-oregano",
        "description": "Snatts Bocaditos Tomate y Or\u00e9gano 110 Gr",
        "image": "https:\/\/cdn-consum.aktiosdigitalservices.com\/tol\/consum\/media\/product\/img\/300x300\/7194145.jpg?t=20250318080935"
    },
    {
        "id": 8930,
        "name": "Comida Seca Perros Yorkshire ULTIMA",
        "price": 8.99,
        "price_kilo": 5.99,
        "slug": "comida-seca-perros-yorkshire",
        "description": "Comida Seca Perros Yorkshire 1,5 Kg",
        "image": "https:\/\/cdn-consum.aktiosdigitalservices.com\/tol\/consum\/media\/product\/img\/300x300\/7195498.jpg?t=20250227091316"
    },
    {
        "id": 8934,
        "name": "Mini Tortitas de Ma\u00edz Sabor Jam\u00f3n Ib\u00e9rico BICENTURY",
        "price": 1.69,
        "price_kilo": 24.14,
        "slug": "mini-tortitas-de-maiz-sabor-jamon-iberico",
        "description": "Mini Tortitas de Ma\u00edz Sabor Jam\u00f3n Ib\u00e9rico 70 Gr",
        "image": "https:\/\/cdn-consum.aktiosdigitalservices.com\/tol\/consum\/media\/product\/img\/300x300\/7197429.jpg?t=20250312092751"
    },
    {
        "id": 8947,
        "name": "Donuts Bomb\u00f3n 4 Unidades DONUTS",
        "price": 2.99,
        "price_kilo": 13.59,
        "slug": "donuts-bombon-4-unidades",
        "description": "Donuts Bomb\u00f3n 4 Unidades 220 Gr",
        "image": "https:\/\/cdn-consum.aktiosdigitalservices.com\/tol\/consum\/media\/product\/img\/300x300\/7201114.jpg?t=20250311105126"
    },
    {
        "id": 8948,
        "name": "Bolsa Congelaci\u00f3n Grande CONSUM",
        "price": 1.15,
        "price_kilo": 0.04,
        "slug": "bolsa-congelacion-grande",
        "description": "Bolsa Congelaci\u00f3n Grande 30 U",
        "image": "https:\/\/cdn-consum.aktiosdigitalservices.com\/tol\/consum\/media\/product\/img\/300x300\/7202500.jpg?t=20241217081040"
    },
    {
        "id": 8953,
        "name": "Lechuga Romana Bolsa CONSUM",
        "price": 1.12,
        "price_kilo": 5.6,
        "slug": "lechuga-romana-bolsa",
        "description": "Lechuga Romana Bolsa 200 Gr",
        "image": "https:\/\/cdn-consum.aktiosdigitalservices.com\/tol\/consum\/media\/product\/img\/300x300\/7205078.jpg?t=20250121080218"
    },
    {
        "id": 8964,
        "name": "Limpiador Gel WC Pino CONSUM",
        "price": 1.15,
        "price_kilo": 1.15,
        "slug": "limpiador-gel-wc-pino",
        "description": "Limpiador Gel WC Pino 1 L",
        "image": "https:\/\/cdn-consum.aktiosdigitalservices.com\/tol\/consum\/media\/product\/img\/300x300\/7208163.jpg?t=20241217081042"
    },
    {
        "id": 8967,
        "name": "N\u00e9ctar Pi\u00f1a CONSUM",
        "price": 1.05,
        "price_kilo": 1.05,
        "slug": "nectar-pina",
        "description": "N\u00e9ctar Pi\u00f1a 1 L",
        "image": "https:\/\/cdn-consum.aktiosdigitalservices.com\/tol\/consum\/media\/product\/img\/300x300\/7209971.jpg?t=20241217081042"
    },
    {
        "id": 8974,
        "name": "Sus\u00fa de Crema con Ba\u00f1o de Chocolate ",
        "price": 2.69,
        "price_kilo": 13.45,
        "slug": "susu-de-crema-con-bano-de-chocolate",
        "description": "Sus\u00fa de Crema con Ba\u00f1o de Chocolate 200 Gr",
        "image": "https:\/\/cdn-consum.aktiosdigitalservices.com\/tol\/consum\/media\/product\/img\/300x300\/7212918.jpg?t=20241217081043"
    },
    {
        "id": 8976,
        "name": "Queso Bajo en Sal Lonchas EL VENTERO",
        "price": 3.25,
        "price_kilo": 20.31,
        "slug": "queso-bajo-en-sal-lonchas",
        "description": "Queso Bajo en Sal Lonchas 160 Gr",
        "image": "https:\/\/cdn-consum.aktiosdigitalservices.com\/tol\/consum\/media\/product\/img\/300x300\/7213879.jpg?t=20250103081034"
    },
    {
        "id": 8977,
        "name": "Queso Havarti Light Lonchas JUAN LUNA",
        "price": 3.15,
        "price_kilo": 15.75,
        "slug": "queso-havarti-light-lonchas",
        "description": "Queso Havarti Light Lonchas 200 Gr",
        "image": "https:\/\/cdn-consum.aktiosdigitalservices.com\/tol\/consum\/media\/product\/img\/300x300\/7214245.jpg?t=20250103081039"
    },
    {
        "id": 8978,
        "name": "Pastelito Pantera Rosa Pack de 3 PANTERA ROSA",
        "price": 1.99,
        "price_kilo": 12.06,
        "slug": "pastelito-pantera-rosa-pack-de-3",
        "description": "Pastelito Pantera Rosa Pack de 3 3 x 55 Gr",
        "image": "https:\/\/cdn-consum.aktiosdigitalservices.com\/tol\/consum\/media\/product\/img\/300x300\/7214518.jpg?t=20250311105218"
    },
    {
        "id": 8983,
        "name": "Chorizo Vela PALACIOS",
        "price": 2.15,
        "price_kilo": 15.36,
        "slug": "chorizo-vela",
        "description": "Chorizo Vela 140 Gr",
        "image": "https:\/\/cdn-consum.aktiosdigitalservices.com\/tol\/consum\/media\/product\/img\/300x300\/7217578.jpg?t=20250109095956"
    },
    {
        "id": 8986,
        "name": "Ajonesa Bote CHOVI",
        "price": 2.29,
        "price_kilo": 9.16,
        "slug": "ajonesa-bote",
        "description": "Ajonesa Bote 250 ml",
        "image": "https:\/\/cdn-consum.aktiosdigitalservices.com\/tol\/consum\/media\/product\/img\/300x300\/7219520.jpg?t=20250227091654"
    },
    {
        "id": 8989,
        "name": "Tortitas Sabor Tomate Paquete BICENTURY",
        "price": 2.39,
        "price_kilo": 19.35,
        "slug": "tortitas-sabor-tomate-paquete",
        "description": "Tortitas Sabor Tomate Paquete 123,5 Gr",
        "image": "https:\/\/cdn-consum.aktiosdigitalservices.com\/tol\/consum\/media\/product\/img\/300x300\/7220721.jpg?t=20250311133618"
    },
    {
        "id": 8992,
        "name": "Tortitas Arroz Vitalday GULLON",
        "price": 1.1,
        "price_kilo": 9.55,
        "slug": "tortitas-arroz-vitalday",
        "description": "Tortitas Arroz Vitalday 115,2 Gr",
        "image": "https:\/\/cdn-consum.aktiosdigitalservices.com\/tol\/consum\/media\/product\/img\/300x300\/7220833.jpg?t=20250311160815"
    },
    {
        "id": 8993,
        "name": "Tortitas Ma\u00edz Vitalday GULLON",
        "price": 1.39,
        "price_kilo": 12.78,
        "slug": "tortitas-maiz-vitalday",
        "description": "Tortitas Ma\u00edz Vitalday 108,8 Gr",
        "image": "https:\/\/cdn-consum.aktiosdigitalservices.com\/tol\/consum\/media\/product\/img\/300x300\/7220841.jpg?t=20250311160818"
    },
    {
        "id": 8995,
        "name": "Acelgas Hoja Miniporci\u00f3n congeladas CONSUM",
        "price": 1.11,
        "price_kilo": 2.78,
        "slug": "acelgas-hoja-miniporcion-congeladas",
        "description": "Acelgas Hoja Miniporci\u00f3n congeladas 400 Gr",
        "image": "https:\/\/cdn-consum.aktiosdigitalservices.com\/tol\/consum\/media\/product\/img\/300x300\/7221562.jpg?t=20250103081141"
    },
    {
        "id": 8998,
        "name": "Queso Rallado Pizzas 5 Quesos con Azul FORVAL",
        "price": 2.7,
        "price_kilo": 18,
        "slug": "queso-rallado-pizzas-5-quesos-con-azul",
        "description": "Queso Rallado Pizzas 5 Quesos con Azul 150 Gr",
        "image": "https:\/\/cdn-consum.aktiosdigitalservices.com\/tol\/consum\/media\/product\/img\/300x300\/7224900.jpg?t=20250312160308"
    },
    {
        "id": 9005,
        "name": "Queso Fresco 0% Pack de 2 Unidades CONSUM",
        "price": 1.98,
        "price_kilo": 3.96,
        "slug": "queso-fresco-0-pack-de-2-unidades",
        "description": "Queso Fresco 0% Pack de 2 Unidades 2 x 250 Gr",
        "image": "https:\/\/cdn-consum.aktiosdigitalservices.com\/tol\/consum\/media\/product\/img\/300x300\/7227721.jpg?t=20250103081207"
    },
    {
        "id": 9007,
        "name": "Colgador WC L\u00edquido Oce\u00e1nico CONSUM",
        "price": 1.89,
        "price_kilo": 0.63,
        "slug": "colgador-wc-liquido-oceanico",
        "description": "Colgador WC L\u00edquido Oce\u00e1nico 3 U",
        "image": "https:\/\/cdn-consum.aktiosdigitalservices.com\/tol\/consum\/media\/product\/img\/300x300\/7228257.jpg?t=20250311164558"
    },
    {
        "id": 9014,
        "name": "Verduras Gourmet Vapor Listos en  3 Min. congelada FINDUS",
        "price": 2.99,
        "price_kilo": 8.54,
        "slug": "verduras-gourmet-vapor-listos-en-3-min-congelada",
        "description": "Verduras Gourmet Vapor Listos en Tres Minutos congelada 350 Gr",
        "image": "https:\/\/cdn-consum.aktiosdigitalservices.com\/tol\/consum\/media\/product\/img\/300x300\/7230860.jpg?t=20250227091823"
    },
    {
        "id": 9016,
        "name": "Magro Adobado SERRANO",
        "price": 2.99,
        "price_kilo": 9.06,
        "slug": "magro-adobado",
        "description": "Magro Adobado 330 Gr",
        "image": "https:\/\/cdn-consum.aktiosdigitalservices.com\/tol\/consum\/media\/product\/img\/300x300\/7231199.jpg?t=20241217081051"
    },
    {
        "id": 9020,
        "name": "Palitos de Bacalao Estilo Ingl\u00e9s CONSUM",
        "price": 3.89,
        "price_kilo": 43.22,
        "slug": "palitos-de-bacalao-estilo-ingles",
        "description": "Palitos de Bacalao Estilo Ingl\u00e9s 90 Gr",
        "image": "https:\/\/cdn-consum.aktiosdigitalservices.com\/tol\/consum\/media\/product\/img\/300x300\/7232825.jpg?t=20250311124502"
    },
    {
        "id": 9023,
        "name": "Comida para Perros Mini Pollo y Verduras BREKKIES",
        "price": 6.45,
        "price_kilo": 4.3,
        "slug": "comida-para-perros-mini-pollo-y-verduras",
        "description": "Comida para Perros Mini Pollo y Verduras 1,5 Kg",
        "image": "https:\/\/cdn-consum.aktiosdigitalservices.com\/tol\/consum\/media\/product\/img\/300x300\/7235034.jpg?t=20241217081053"
    },
    {
        "id": 9031,
        "name": "Ambientador Fresh Matic Oasis Turquesa Recambi AIR WICK",
        "price": 4.69,
        "price_kilo": 4.69,
        "slug": "ambientador-fresh-matic-oasis-turquesa-recambi",
        "description": "Ambientador Fresh Matic Oasis Turquesa Recambi 1 U",
        "image": "https:\/\/cdn-consum.aktiosdigitalservices.com\/tol\/consum\/media\/product\/img\/300x300\/7236805.jpg?t=20250227091908"
    },
    {
        "id": 9036,
        "name": "Horquilla Mo\u00f1o Negra PONETTE",
        "price": 1.69,
        "price_kilo": 0.07,
        "slug": "horquilla-mono-negra",
        "description": "Horquilla Mo\u00f1o Negra 24 U",
        "image": "https:\/\/cdn-consum.aktiosdigitalservices.com\/tol\/consum\/media\/product\/img\/300x300\/7238269.jpg?t=20241217081054"
    },
    {
        "id": 9037,
        "name": "Pan 7 Semillas y Pipas  de Calabaza 3% M.M ",
        "price": 1.44,
        "price_kilo": 6.26,
        "slug": "pan-7-semillas-y-pipas-de-calabaza-3-mm",
        "description": "Pan 7 Semillas y Pipas  de Calabaza 3% M.M 230 Gr",
        "image": "https:\/\/cdn-consum.aktiosdigitalservices.com\/tol\/consum\/media\/product\/img\/300x300\/7238475.jpg?t=20250228080110"
    },
    {
        "id": 9038,
        "name": "Pi\u00f1a Partida ",
        "price": 2.36,
        "price_kilo": 2.24,
        "slug": "pina-partida",
        "description": "Pi\u00f1a Partida",
        "image": "https:\/\/cdn-consum.aktiosdigitalservices.com\/tol\/consum\/media\/product\/img\/300x300\/7238736.jpg?t=20250217075745"
    },
    {
        "id": 9039,
        "name": "Comida H\u00fameda Perros Selecci\u00f3n Recetas campesinas CESAR",
        "price": 6.29,
        "price_kilo": 10.48,
        "slug": "comida-humeda-perros-seleccion-recetas-campesinas",
        "description": "Comida H\u00fameda para Perros Selecci\u00f3n Recetas campesinas en Salsa Multipack 4x150g",
        "image": "https:\/\/cdn-consum.aktiosdigitalservices.com\/tol\/consum\/media\/product\/img\/300x300\/7238934.jpg?t=20241217081055"
    },
    {
        "id": 9040,
        "name": "Pila AA Power Energizer ENERGIZER",
        "price": 2.99,
        "price_kilo": 0.75,
        "slug": "pila-aa-power-energizer",
        "description": "Pila AA Power Energizer 4 U",
        "image": "https:\/\/cdn-consum.aktiosdigitalservices.com\/tol\/consum\/media\/product\/img\/300x300\/7239820.jpg?t=20250227091941"
    },
    {
        "id": 9041,
        "name": "Pila Power AAA ENERGIZER",
        "price": 2.99,
        "price_kilo": 0.75,
        "slug": "pila-power-aaa",
        "description": "Pila Power AAA 4 U",
        "image": "https:\/\/cdn-consum.aktiosdigitalservices.com\/tol\/consum\/media\/product\/img\/300x300\/7239825.jpg?t=20250227091943"
    },
    {
        "id": 9043,
        "name": "N\u00e9ctar Frutos del Bosque Pack 6 DON SIMON",
        "price": 2.1,
        "price_kilo": 1.75,
        "slug": "nectar-frutos-del-bosque-pack-6",
        "description": "N\u00e9ctar Frutos del Bosque Pack 6 6 x 0,2 L",
        "image": "https:\/\/cdn-consum.aktiosdigitalservices.com\/tol\/consum\/media\/product\/img\/300x300\/7240815.jpg?t=20250114084227"
    },
    {
        "id": 9045,
        "name": "Snacks para perros sabor queso y buey Tasty Minis PEDIGREE",
        "price": 2.79,
        "price_kilo": 19.93,
        "slug": "snacks-para-perros-sabor-queso-y-buey-tasty-minis",
        "description": "Snacks para perros sabor queso y buey Tasty Minis Pedigree 140g",
        "image": "https:\/\/cdn-consum.aktiosdigitalservices.com\/tol\/consum\/media\/product\/img\/300x300\/7241854.jpg?t=20250227092012"
    },
    {
        "id": 9047,
        "name": "Lomo de pavo BOADAS",
        "price": 2.85,
        "price_kilo": 35.63,
        "slug": "lomo-de-pavo",
        "description": "Lomo de pavo 2 x 40 Gr",
        "image": "https:\/\/cdn-consum.aktiosdigitalservices.com\/tol\/consum\/media\/product\/img\/300x300\/7244036.jpg?t=20250227092032"
    },
    {
        "id": 9050,
        "name": "Tzaziki Crema Yogur con Pepino DELITUSS",
        "price": 1.4,
        "price_kilo": 9.33,
        "slug": "tzaziki-crema-yogur-con-pepino",
        "description": "Tzaziki Crema Yogur con Pepino 150 Gr",
        "image": "https:\/\/cdn-consum.aktiosdigitalservices.com\/tol\/consum\/media\/product\/img\/300x300\/7246791.jpg?t=20250227092047"
    },
    {
        "id": 9052,
        "name": "M\u00e1quina Dese. Mujer 3H con Banda y Mango MYSTIQUE",
        "price": 2.45,
        "price_kilo": 0.61,
        "slug": "maquina-dese-mujer-3h-con-banda-y-mango",
        "description": "M\u00e1quina Dese. Mujer 3H con Banda y Mango 4 U",
        "image": "https:\/\/cdn-consum.aktiosdigitalservices.com\/tol\/consum\/media\/product\/img\/300x300\/7248198.jpg?t=20241217081058"
    },
    {
        "id": 9053,
        "name": "Gel Fijador Perfect Fix GIORGI",
        "price": 1.65,
        "price_kilo": 3.3,
        "slug": "gel-fijador-perfect-fix",
        "description": "Gel Fijador Perfect Fix 50 ml",
        "image": "https:\/\/cdn-consum.aktiosdigitalservices.com\/tol\/consum\/media\/product\/img\/300x300\/7248326.jpg?t=20241217081058"
    },
    {
        "id": 9056,
        "name": "Limpiacristales Cl\u00e1sico CRISTASOL",
        "price": 2.49,
        "price_kilo": 1.99,
        "slug": "limpiacristales-clasico",
        "description": "Limpiacristales Cl\u00e1sico 1,25 L",
        "image": "https:\/\/cdn-consum.aktiosdigitalservices.com\/tol\/consum\/media\/product\/img\/300x300\/7249548.jpg?t=20241217081059"
    },
    {
        "id": 9061,
        "name": "Acetona Pura KELSIA",
        "price": 1.55,
        "price_kilo": 0.78,
        "slug": "acetona-pura",
        "description": "Acetona Pura 200 ml",
        "image": "https:\/\/cdn-consum.aktiosdigitalservices.com\/tol\/consum\/media\/product\/img\/300x300\/7250876.jpg?t=20241217081059"
    },
    {
        "id": 9067,
        "name": "Cepillo Desenreda F\u00e1cil PONETTE",
        "price": 5.19,
        "price_kilo": 5.19,
        "slug": "cepillo-desenreda-facil",
        "description": "Cepillo Desenreda F\u00e1cil 1 U",
        "image": "https:\/\/cdn-consum.aktiosdigitalservices.com\/tol\/consum\/media\/product\/img\/300x300\/7254167.jpg?t=20241217081102"
    },
    {
        "id": 9070,
        "name": "Limpiador Multiusos PH Neutro Pistola LAS 3 BRUJAS",
        "price": 2.55,
        "price_kilo": 3.4,
        "slug": "limpiador-multiusos-ph-neutro-pistola",
        "description": "Limpiador Multiusos PH Neutro Pistola 0,75 L",
        "image": "https:\/\/cdn-consum.aktiosdigitalservices.com\/tol\/consum\/media\/product\/img\/300x300\/7254878.jpg?t=20250312092755"
    },
    {
        "id": 9072,
        "name": "Pila Alcalina AAA LR03 Pack de 8 BAT",
        "price": 1.65,
        "price_kilo": 0.21,
        "slug": "pila-alcalina-aaa-lr03-pack-de-8",
        "description": "Pila Alcalina AAA LR03 Pack de 8 8 U",
        "image": "https:\/\/cdn-consum.aktiosdigitalservices.com\/tol\/consum\/media\/product\/img\/300x300\/7257173.jpg?t=20241217081103"
    },
    {
        "id": 9075,
        "name": "Naranja Para Zumo Malla ",
        "price": 4.6,
        "price_kilo": 1.15,
        "slug": "naranja-para-zumo-malla",
        "description": "Naranja Para Zumo Malla 4 Kg",
        "image": "https:\/\/cdn-consum.aktiosdigitalservices.com\/tol\/consum\/media\/product\/img\/300x300\/7258791.jpg?t=20250318080939"
    },
    {
        "id": 9087,
        "name": "Surtido Verduras Microondas FLORETTE",
        "price": 1.99,
        "price_kilo": 6.63,
        "slug": "surtido-verduras-microondas",
        "description": "Surtido Verduras Microondas 300 Gr",
        "image": "https:\/\/cdn-consum.aktiosdigitalservices.com\/tol\/consum\/media\/product\/img\/300x300\/7087658.jpg?t=20250317075713"
    },
    {
        "id": 9089,
        "name": "Garbanzos con Vegetales Bote CALZADO",
        "price": 1.65,
        "price_kilo": 4.13,
        "slug": "garbanzos-con-vegetales-bote",
        "description": "Garbanzos con Vegetales Bote 400 Gr",
        "image": "https:\/\/cdn-consum.aktiosdigitalservices.com\/tol\/consum\/media\/product\/img\/300x300\/681437.jpg?t=20250109093251"
    },
    {
        "id": 9090,
        "name": "S\u00e1ndwich de Nata Pack de 6 Unidades NESTLE",
        "price": 3.99,
        "price_kilo": 12.09,
        "slug": "sandwich-de-nata-pack-de-6-unidades",
        "description": "S\u00e1ndwich de Nata Pack de 6 Unidades 330 Gr",
        "image": "https:\/\/cdn-consum.aktiosdigitalservices.com\/tol\/consum\/media\/product\/img\/300x300\/953468.jpg?t=20250304104429"
    },
    {
        "id": 9091,
        "name": "Vino Tinto Joven V.T. Castilla y Le\u00f3n ALT.TAMARON",
        "price": 3.59,
        "price_kilo": 4.79,
        "slug": "vino-tinto-joven-vt-castilla-y-leon",
        "description": "Vino Tinto Joven V.T. Castilla y Le\u00f3n 0,75 L",
        "image": "https:\/\/cdn-consum.aktiosdigitalservices.com\/tol\/consum\/media\/product\/img\/300x300\/7018161.jpg?t=20250312092741"
    },
    {
        "id": 9092,
        "name": "Desodorante Pies Confort Byrelax Spray BYLY",
        "price": 4.15,
        "price_kilo": 20.75,
        "slug": "desodorante-pies-confort-byrelax-spray",
        "description": "Desodorante Pies Confort Byrelax Spray 200 ml",
        "image": "https:\/\/cdn-consum.aktiosdigitalservices.com\/tol\/consum\/media\/product\/img\/300x300\/7066293.jpg?t=20250312155918"
    },
    {
        "id": 9094,
        "name": "Bomb\u00f3n Choco. Blanco 4 Unidades CONSUM",
        "price": 2.39,
        "price_kilo": 7.47,
        "slug": "bombon-choco-blanco-4-unidades",
        "description": "Bomb\u00f3n Choco. Blanco 4 Unidades 320 Gr",
        "image": "https:\/\/cdn-consum.aktiosdigitalservices.com\/tol\/consum\/media\/product\/img\/300x300\/7079684.jpg?t=20241219080030"
    },
    {
        "id": 9096,
        "name": "Vela en Vaso Satinado Canela ROURA",
        "price": 1.95,
        "price_kilo": 1.95,
        "slug": "vela-en-vaso-satinado-canela",
        "description": "Vela en Vaso Satinado Canela 1 U",
        "image": "https:\/\/cdn-consum.aktiosdigitalservices.com\/tol\/consum\/media\/product\/img\/300x300\/7092260.jpg?t=20241217081018"
    },
    {
        "id": 9098,
        "name": "Chococlack Pack de 4 Unidades NESTLE",
        "price": 3.99,
        "price_kilo": 15.11,
        "slug": "chococlack-pack-de-4-unidades",
        "description": "Chococlack Pack de 4 Unidades 264 Gr",
        "image": "https:\/\/cdn-consum.aktiosdigitalservices.com\/tol\/consum\/media\/product\/img\/300x300\/7118862.jpg?t=20241217081022"
    },
    {
        "id": 9099,
        "name": "Gazpacho Pack de 3 Unidades CONSUM",
        "price": 2.2,
        "price_kilo": 2.22,
        "slug": "gazpacho-pack-de-3-unidades",
        "description": "Gazpacho Pack de 3 Unidades 3 x 330 ml",
        "image": "https:\/\/cdn-consum.aktiosdigitalservices.com\/tol\/consum\/media\/product\/img\/300x300\/7154289.jpg?t=20250206091440"
    },
    {
        "id": 9101,
        "name": "Sopa Pollo con Fideos Sobre CONSUM",
        "price": 0.49,
        "price_kilo": 7.42,
        "slug": "sopa-pollo-con-fideos-sobre",
        "description": "Sopa Pollo con Fideos Sobre 66 Gr",
        "image": "https:\/\/cdn-consum.aktiosdigitalservices.com\/tol\/consum\/media\/product\/img\/300x300\/7178734.jpg?t=20241217081031"
    },
    {
        "id": 9103,
        "name": "Mortadela Siciliana Fina ELPOZO",
        "price": 2,
        "price_kilo": 4,
        "slug": "mortadela-siciliana-fina",
        "description": "Mortadela Siciliana Fina 500 Gr",
        "image": "https:\/\/cdn-consum.aktiosdigitalservices.com\/tol\/consum\/media\/product\/img\/300x300\/7181170.jpg?t=20241217081032"
    },
    {
        "id": 9104,
        "name": "Polo Sorbete Mandarina Pack de 6 Und. CONSUM",
        "price": 1.85,
        "price_kilo": 4.82,
        "slug": "polo-sorbete-mandarina-pack-de-6-und",
        "description": "Polo Sorbete Mandarina Pack de 6 Und. 384 Gr",
        "image": "https:\/\/cdn-consum.aktiosdigitalservices.com\/tol\/consum\/media\/product\/img\/300x300\/7192768.jpg?t=20241217081037"
    },
    {
        "id": 9106,
        "name": "Palmera Cacao ",
        "price": 2.89,
        "price_kilo": 14.45,
        "slug": "palmera-cacao",
        "description": "Palmera Cacao 200 Gr",
        "image": "https:\/\/cdn-consum.aktiosdigitalservices.com\/tol\/consum\/media\/product\/img\/300x300\/7199078.jpg?t=20250322075924"
    },
    {
        "id": 9107,
        "name": "Yogur Sabores Pack de 12 Unidades CONSUM",
        "price": 1.95,
        "price_kilo": 1.3,
        "slug": "yogur-sabores-pack-de-12-unidades",
        "description": "Yogur Sabores Pack de 12 Unidades 12 x 125 Gr",
        "image": "https:\/\/cdn-consum.aktiosdigitalservices.com\/tol\/consum\/media\/product\/img\/300x300\/7199776.jpg?t=20250312125327"
    },
    {
        "id": 9110,
        "name": "Fres\u00f3n Selecci\u00f3n ",
        "price": 7.99,
        "price_kilo": 7.99,
        "slug": "freson-seleccion",
        "description": "Fres\u00f3n Selecci\u00f3n 1 Kg",
        "image": "https:\/\/cdn-consum.aktiosdigitalservices.com\/tol\/consum\/media\/product\/img\/300x300\/7214096.jpg?t=20250318080935"
    },
    {
        "id": 9111,
        "name": "H\u00e9lices con Vegetales Pasta Fina GALLO",
        "price": 1.78,
        "price_kilo": 4.45,
        "slug": "helices-con-vegetales-pasta-fina",
        "description": "H\u00e9lices con Vegetales Pasta Fina 400 Gr",
        "image": "https:\/\/cdn-consum.aktiosdigitalservices.com\/tol\/consum\/media\/product\/img\/300x300\/7217198.jpg?t=20250219080034"
    },
    {
        "id": 9113,
        "name": "Huevo Kinder Joy Unidades KINDER",
        "price": 1.51,
        "price_kilo": 7.55,
        "slug": "huevo-kinder-joy-unidades",
        "description": "Huevo Kinder Joy Unidades 20 Gr",
        "image": "https:\/\/cdn-consum.aktiosdigitalservices.com\/tol\/consum\/media\/product\/img\/300x300\/7218092.jpg?t=20250311133614"
    },
    {
        "id": 9121,
        "name": "Vaso Perfumado Jazm\u00edn CERAS ROURA",
        "price": 1.95,
        "price_kilo": 1.95,
        "slug": "vaso-perfumado-jazmin",
        "description": "Vaso Perfumado Jazm\u00edn 1 U",
        "image": "https:\/\/cdn-consum.aktiosdigitalservices.com\/tol\/consum\/media\/product\/img\/300x300\/7231207.jpg?t=20241217081051"
    },
    {
        "id": 9125,
        "name": "Queso Minibabybel Malla 10 Unidades MINIBABYBEL",
        "price": 4.75,
        "price_kilo": 23.75,
        "slug": "queso-minibabybel-malla-10-unidades",
        "description": "Queso Minibabybel Malla 10 Unidades 200 Gr",
        "image": "https:\/\/cdn-consum.aktiosdigitalservices.com\/tol\/consum\/media\/product\/img\/300x300\/7249766.jpg?t=20250206092632"
    },
    {
        "id": 9126,
        "name": "Copos Avena Suave OATIBIX",
        "price": 2.19,
        "price_kilo": 4.38,
        "slug": "copos-avena-suave",
        "description": "Copos Avena Suave 500 Gr",
        "image": "https:\/\/cdn-consum.aktiosdigitalservices.com\/tol\/consum\/media\/product\/img\/300x300\/7251507.jpg?t=20250311105651"
    },
    {
        "id": 9136,
        "name": "Cepillo de Dientes Infantil ",
        "price": 1.99,
        "price_kilo": 1.99,
        "slug": "cepillo-de-dientes-infantil",
        "description": "Cepillo de Dientes Infantil 1 U",
        "image": "https:\/\/cdn-consum.aktiosdigitalservices.com\/tol\/consum\/media\/product\/img\/300x300\/7264161.jpg?t=20241217081106"
    },
    {
        "id": 9137,
        "name": "Pan S\u00e1ndwich Integral Sottile 8 Unidades DULCESOL",
        "price": 1.88,
        "price_kilo": 6.06,
        "slug": "pan-sandwich-integral-sottile-8-unidades",
        "description": "Pan S\u00e1ndwich Integral Sottile 8 Unidades 310 Gr",
        "image": "https:\/\/cdn-consum.aktiosdigitalservices.com\/tol\/consum\/media\/product\/img\/300x300\/7264377.jpg?t=20250312125447"
    },
    {
        "id": 9142,
        "name": "Chocolate Negro 82% Cacao VALOR",
        "price": 4.99,
        "price_kilo": 29.35,
        "slug": "chocolate-negro-82-cacao",
        "description": "Chocolate Negro 82% Cacao 170 Gr",
        "image": "https:\/\/cdn-consum.aktiosdigitalservices.com\/tol\/consum\/media\/product\/img\/300x300\/7265499.jpg?t=20250311133808"
    },
    {
        "id": 9144,
        "name": "Toallitas Agua Micelar SALUSTAR",
        "price": 1.79,
        "price_kilo": 0.09,
        "slug": "toallitas-agua-micelar",
        "description": "Toallitas Agua Micelar 20 U",
        "image": "https:\/\/cdn-consum.aktiosdigitalservices.com\/tol\/consum\/media\/product\/img\/300x300\/7265767.jpg?t=20250227092357"
    },
    {
        "id": 9151,
        "name": "Leche Merengada Canela y Lim\u00f3n Brik RAM",
        "price": 1.89,
        "price_kilo": 1.89,
        "slug": "leche-merengada-canela-y-limon-brik",
        "description": "Leche Merengada Canela y Lim\u00f3n Brik 1 L",
        "image": "https:\/\/cdn-consum.aktiosdigitalservices.com\/tol\/consum\/media\/product\/img\/300x300\/4296901.jpg?t=20250320075731"
    },
    {
        "id": 9153,
        "name": "Cono Vainilla Caramelo Pack de 6 Unidades CONSUM",
        "price": 2.25,
        "price_kilo": 5.21,
        "slug": "cono-vainilla-caramelo-pack-de-6-unidades",
        "description": "Cono Vainilla Caramelo Pack de 6 Unidades 432 Gr",
        "image": "https:\/\/cdn-consum.aktiosdigitalservices.com\/tol\/consum\/media\/product\/img\/300x300\/7149417.jpg?t=20250318080014"
    },
    {
        "id": 9158,
        "name": "Polo Sorbete de Lim\u00f3n Pack de 6 Und. 384 Gr CONSUM",
        "price": 1.85,
        "price_kilo": 4.82,
        "slug": "polo-sorbete-de-limon-pack-de-6-und-384-gr",
        "description": "Polo Sorbete de Lim\u00f3n Pack de 6 Und. 384 Gr",
        "image": "https:\/\/cdn-consum.aktiosdigitalservices.com\/tol\/consum\/media\/product\/img\/300x300\/7192771.jpg?t=20241217081037"
    },
    {
        "id": 9162,
        "name": "Pajaritas Vegetales Paquete GALLO",
        "price": 1.78,
        "price_kilo": 3.96,
        "slug": "pajaritas-vegetales-paquete",
        "description": "Pajaritas Vegetales Paquete 450 Gr",
        "image": "https:\/\/cdn-consum.aktiosdigitalservices.com\/tol\/consum\/media\/product\/img\/300x300\/7217193.jpg?t=20250313080302"
    },
    {
        "id": 9166,
        "name": "Tarrito 4 Frutas Mi Men\u00fa con Galleta BE PLUS",
        "price": 1.99,
        "price_kilo": 4.98,
        "slug": "tarrito-4-frutas-mi-menu-con-galleta",
        "description": "Tarrito 4 Frutas Mi Men\u00fa con Galleta 2 x 200 Gr",
        "image": "https:\/\/cdn-consum.aktiosdigitalservices.com\/tol\/consum\/media\/product\/img\/300x300\/7231285.jpg?t=20250311133647"
    },
    {
        "id": 9174,
        "name": "Blanqueador Blanco Nuclear IBERIA",
        "price": 2.99,
        "price_kilo": 0.5,
        "slug": "blanqueador-blanco-nuclear",
        "description": "Blanqueador Blanco Nuclear 6 U",
        "image": "https:\/\/cdn-consum.aktiosdigitalservices.com\/tol\/consum\/media\/product\/img\/300x300\/7260214.jpg?t=20241217081104"
    },
    {
        "id": 9181,
        "name": "Limpia Lavadoras . COLON",
        "price": 5.45,
        "price_kilo": 21.8,
        "slug": "limpia-lavadoras-",
        "description": "Limpia Lavadoras . 0,25 L",
        "image": "https:\/\/cdn-consum.aktiosdigitalservices.com\/tol\/consum\/media\/product\/img\/300x300\/7265390.jpg?t=20250227092347"
    },
    {
        "id": 9186,
        "name": "Desodorante Roll-On Protege&Cuida NIVEA",
        "price": 2.35,
        "price_kilo": 4.7,
        "slug": "desodorante-roll-on-protegecuida",
        "description": "Desodorante Roll-On Protege&Cuida 50 ml",
        "image": "https:\/\/cdn-consum.aktiosdigitalservices.com\/tol\/consum\/media\/product\/img\/300x300\/7266976.jpg?t=20250206092922"
    },
    {
        "id": 9192,
        "name": "Piment\u00f3n Dulce Lata SABATER",
        "price": 2.29,
        "price_kilo": 30.53,
        "slug": "pimenton-dulce-lata",
        "description": "Piment\u00f3n Dulce Lata 75 Gr",
        "image": "https:\/\/cdn-consum.aktiosdigitalservices.com\/tol\/consum\/media\/product\/img\/300x300\/66191.jpg?t=20250322075636"
    },
    {
        "id": 9193,
        "name": "Vino Tinto Joven D.O.Campo de Borja DON RAMON",
        "price": 3.2,
        "price_kilo": 4.27,
        "slug": "vino-tinto-joven-docampo-de-borja",
        "description": "Vino Tinto Joven D.O.Campo de Borja 0,75 L",
        "image": "https:\/\/cdn-consum.aktiosdigitalservices.com\/tol\/consum\/media\/product\/img\/300x300\/112938.jpg?t=20250218075704"
    },
    {
        "id": 9195,
        "name": "Pan Hot Dog 4 Unidades BIMBO",
        "price": 1.5,
        "price_kilo": 6.82,
        "slug": "pan-hot-dog-4-unidades",
        "description": "Pan Hot Dog 4 Unidades 220 Gr",
        "image": "https:\/\/cdn-consum.aktiosdigitalservices.com\/tol\/consum\/media\/product\/img\/300x300\/305664.jpg?t=20250311103055"
    },
    {
        "id": 9196,
        "name": "Piment\u00f3n Dulce Lata DUCROS",
        "price": 2.79,
        "price_kilo": 37.2,
        "slug": "pimenton-dulce-lata",
        "description": "Piment\u00f3n Dulce Lata 75 Gr",
        "image": "https:\/\/cdn-consum.aktiosdigitalservices.com\/tol\/consum\/media\/product\/img\/300x300\/309161.jpg?t=20241217080945"
    },
    {
        "id": 9197,
        "name": "Vermut Blanco MARTINI",
        "price": 9.69,
        "price_kilo": 9.69,
        "slug": "vermut-blanco",
        "description": "Vermut Blanco 1 L",
        "image": "https:\/\/cdn-consum.aktiosdigitalservices.com\/tol\/consum\/media\/product\/img\/300x300\/317610.jpg?t=20250227085838"
    },
    {
        "id": 9200,
        "name": "Cereales Trigo WEETABIX",
        "price": 3.75,
        "price_kilo": 8.72,
        "slug": "cereales-trigo",
        "description": "Cereales Trigo 430 Gr",
        "image": "https:\/\/cdn-consum.aktiosdigitalservices.com\/tol\/consum\/media\/product\/img\/300x300\/350660.jpg?t=20250311103221"
    },
    {
        "id": 9202,
        "name": "Fabada Asturiana Bote LITORAL",
        "price": 4.6,
        "price_kilo": 5.41,
        "slug": "fabada-asturiana-bote",
        "description": "Fabada Asturiana Bote 865 Gr",
        "image": "https:\/\/cdn-consum.aktiosdigitalservices.com\/tol\/consum\/media\/product\/img\/300x300\/372227.jpg?t=20250220075835"
    },
    {
        "id": 9204,
        "name": "Limpia Metales Algod\u00f3n M\u00e1gico ALADDIN",
        "price": 3.8,
        "price_kilo": 47.5,
        "slug": "limpia-metales-algodon-magico",
        "description": "Limpia Metales Algod\u00f3n M\u00e1gico 0,08 Kg",
        "image": "https:\/\/cdn-consum.aktiosdigitalservices.com\/tol\/consum\/media\/product\/img\/300x300\/415190.jpg?t=20241217080949"
    },
    {
        "id": 9208,
        "name": "Sazonador Ajo Perejil Tarro DUCROS",
        "price": 2.25,
        "price_kilo": 5.23,
        "slug": "sazonador-ajo-perejil-tarro",
        "description": "Sazonador Ajo Perejil Tarro 43 Gr",
        "image": "https:\/\/cdn-consum.aktiosdigitalservices.com\/tol\/consum\/media\/product\/img\/300x300\/679191.jpg?t=20250206090154"
    },
    {
        "id": 9209,
        "name": "Galletas con Gotas de Chocolate CHIPS AHOY",
        "price": 3.99,
        "price_kilo": 13.3,
        "slug": "galletas-con-gotas-de-chocolate",
        "description": "Galletas con Gotas de Chocolate 300 Gr",
        "image": "https:\/\/cdn-consum.aktiosdigitalservices.com\/tol\/consum\/media\/product\/img\/300x300\/715441.jpg?t=20250311164534"
    },
    {
        "id": 9212,
        "name": "An\u00eds Seco FERRI",
        "price": 8.79,
        "price_kilo": 8.79,
        "slug": "anis-seco",
        "description": "An\u00eds Seco 1 L",
        "image": "https:\/\/cdn-consum.aktiosdigitalservices.com\/tol\/consum\/media\/product\/img\/300x300\/861203.jpg?t=20241217080953"
    },
    {
        "id": 9214,
        "name": "Vino Rosado D.O.Utiel-Requena V.ENTERIZO",
        "price": 2.2,
        "price_kilo": 2.93,
        "slug": "vino-rosado-doutiel-requena",
        "description": "Vino Rosado D.O.Utiel-Requena 0,75 L",
        "image": "https:\/\/cdn-consum.aktiosdigitalservices.com\/tol\/consum\/media\/product\/img\/300x300\/904557.jpg?t=20250227090112"
    },
    {
        "id": 9216,
        "name": "Palitos Fibra S\/Az\u00facares a\u00f1adidos - Sal VELARTE",
        "price": 1.84,
        "price_kilo": 7.67,
        "slug": "palitos-fibra-s-azucares-anadidos---sal",
        "description": "Palitos Fibra S\/Az\u00facares a\u00f1adidos - Sal 240 Gr",
        "image": "https:\/\/cdn-consum.aktiosdigitalservices.com\/tol\/consum\/media\/product\/img\/300x300\/1092469.jpg?t=20250313075859"
    },
    {
        "id": 9217,
        "name": "Tortitas de Arroz  Chocolate Negro BICENTURY",
        "price": 2.19,
        "price_kilo": 16.84,
        "slug": "tortitas-de-arroz-chocolate-negro",
        "description": "Tortitas de Arroz  Chocolate Negro 130 Gr",
        "image": "https:\/\/cdn-consum.aktiosdigitalservices.com\/tol\/consum\/media\/product\/img\/300x300\/1248699.jpg?t=20250311133009"
    },
    {
        "id": 9218,
        "name": "Embutido Mixto CONSUM",
        "price": 4.35,
        "price_kilo": 8.69,
        "slug": "embutido-mixto",
        "description": "Embutido Mixto",
        "image": "https:\/\/cdn-consum.aktiosdigitalservices.com\/tol\/consum\/media\/product\/img\/300x300\/1715218.jpg?t=20241217080956"
    },
    {
        "id": 9222,
        "name": "Vino Rosado D.O. Utiel Requena CAST.LIRIA",
        "price": 3.1,
        "price_kilo": 4.13,
        "slug": "vino-rosado-do-utiel-requena",
        "description": "Vino Rosado D.O. Utiel Requena 0,75 L",
        "image": "https:\/\/cdn-consum.aktiosdigitalservices.com\/tol\/consum\/media\/product\/img\/300x300\/4558805.jpg?t=20250206090506"
    },
    {
        "id": 9223,
        "name": "Vino Blanco Semi Dulce D.O. Utiel Requena CAST.LIRIA",
        "price": 3.1,
        "price_kilo": 4.13,
        "slug": "vino-blanco-semi-dulce-do-utiel-requena",
        "description": "Vino Blanco Semi Dulce D.O. Utiel Requena 0,75 L",
        "image": "https:\/\/cdn-consum.aktiosdigitalservices.com\/tol\/consum\/media\/product\/img\/300x300\/4558813.jpg?t=20250206090508"
    },
    {
        "id": 9226,
        "name": "Bacalao a la Vizca\u00edna Lata CABO PE\u00d1AS",
        "price": 2.95,
        "price_kilo": 42.14,
        "slug": "bacalao-a-la-vizcaina-lata",
        "description": "Bacalao a la Vizca\u00edna Lata 70 Gr",
        "image": "https:\/\/cdn-consum.aktiosdigitalservices.com\/tol\/consum\/media\/product\/img\/300x300\/7002223.jpg?t=20250109093749"
    },
    {
        "id": 9229,
        "name": "S\u00e1ndwich Mixto Pack de 2 Unidades TARRADELLAS",
        "price": 1.85,
        "price_kilo": 7.71,
        "slug": "sandwich-mixto-pack-de-2-unidades",
        "description": "S\u00e1ndwich Mixto Pack de 2 Unidades 2 x 120 Gr",
        "image": "https:\/\/cdn-consum.aktiosdigitalservices.com\/tol\/consum\/media\/product\/img\/300x300\/7019958.jpg?t=20241217081001"
    },
    {
        "id": 9235,
        "name": "Salsa Ligera Bocabajo LIGERESA",
        "price": 2.65,
        "price_kilo": 6.16,
        "slug": "salsa-ligera-bocabajo",
        "description": "Salsa Ligera Bocabajo 430 ml",
        "image": "https:\/\/cdn-consum.aktiosdigitalservices.com\/tol\/consum\/media\/product\/img\/300x300\/7043214.jpg?t=20250227090421"
    },
    {
        "id": 9238,
        "name": "Menestra Verduras Frasco CONSUM",
        "price": 2.59,
        "price_kilo": 6.48,
        "slug": "menestra-verduras-frasco",
        "description": "Menestra Verduras Frasco 400 Gr",
        "image": "https:\/\/cdn-consum.aktiosdigitalservices.com\/tol\/consum\/media\/product\/img\/300x300\/7044100.jpg?t=20250204080144"
    },
    {
        "id": 9240,
        "name": "Pat\u00e9 H\u00edgado de Cerdo Lata Pack de 3 CONSUM",
        "price": 1.55,
        "price_kilo": 6.62,
        "slug": "pate-higado-de-cerdo-lata-pack-de-3",
        "description": "Pat\u00e9 H\u00edgado de Cerdo Lata Pack de 3 3 x 78 Gr",
        "image": "https:\/\/cdn-consum.aktiosdigitalservices.com\/tol\/consum\/media\/product\/img\/300x300\/7044910.jpg?t=20250204080151"
    },
    {
        "id": 9243,
        "name": "Aceitunas Manzanilla sin Hueso en Frasco CONSUM",
        "price": 2.79,
        "price_kilo": 6.98,
        "slug": "aceitunas-manzanilla-sin-hueso-en-frasco",
        "description": "Aceitunas Manzanilla sin Hueso en Frasco 400 Gr",
        "image": "https:\/\/cdn-consum.aktiosdigitalservices.com\/tol\/consum\/media\/product\/img\/300x300\/7047483.jpg?t=20250318075921"
    },
    {
        "id": 9244,
        "name": "Chistorra ARGAL",
        "price": 2.69,
        "price_kilo": 13.45,
        "slug": "chistorra",
        "description": "Chistorra 200 Gr",
        "image": "https:\/\/cdn-consum.aktiosdigitalservices.com\/tol\/consum\/media\/product\/img\/300x300\/7047681.jpg?t=20250312155912"
    },
    {
        "id": 9246,
        "name": "Mejillones en Escabeche Pack de 3 CONSUM",
        "price": 2.99,
        "price_kilo": 23.73,
        "slug": "mejillones-en-escabeche-pack-de-3",
        "description": "Mejillones en Escabeche Pack de 3 3 x 42 Gr",
        "image": "https:\/\/cdn-consum.aktiosdigitalservices.com\/tol\/consum\/media\/product\/img\/300x300\/7048478.jpg?t=20241231075742"
    },
    {
        "id": 9247,
        "name": "Aderezo de Lim\u00f3n CONSUM",
        "price": 0.79,
        "price_kilo": 1.58,
        "slug": "aderezo-de-limon",
        "description": "Aderezo de Lim\u00f3n 500 ml",
        "image": "https:\/\/cdn-consum.aktiosdigitalservices.com\/tol\/consum\/media\/product\/img\/300x300\/7050649.jpg?t=20250322075815"
    },
    {
        "id": 9248,
        "name": "Vino Tinto Joven D.O.Alicante VI\u00d1A ALCANTA",
        "price": 2.25,
        "price_kilo": 3,
        "slug": "vino-tinto-joven-doalicante",
        "description": "Vino Tinto Joven D.O.Alicante 0,75 L",
        "image": "https:\/\/cdn-consum.aktiosdigitalservices.com\/tol\/consum\/media\/product\/img\/300x300\/7052884.jpg?t=20250312092742"
    },
    {
        "id": 9251,
        "name": "Mermelada Albaricoque Frasco CONSUM",
        "price": 1.5,
        "price_kilo": 3.66,
        "slug": "mermelada-albaricoque-frasco",
        "description": "Mermelada Albaricoque Frasco 410 Gr",
        "image": "https:\/\/cdn-consum.aktiosdigitalservices.com\/tol\/consum\/media\/product\/img\/300x300\/7055239.jpg?t=20250311104014"
    },
    {
        "id": 9252,
        "name": "Mermelada Ciruela Frasco CONSUM",
        "price": 1.8,
        "price_kilo": 4.39,
        "slug": "mermelada-ciruela-frasco",
        "description": "Mermelada Ciruela Frasco 410 Gr",
        "image": "https:\/\/cdn-consum.aktiosdigitalservices.com\/tol\/consum\/media\/product\/img\/300x300\/7055247.jpg?t=20250311104016"
    },
    {
        "id": 9253,
        "name": "Ambientador Aroma Lim\u00f3n FINISH",
        "price": 4.49,
        "price_kilo": 4.49,
        "slug": "ambientador-aroma-limon",
        "description": "Ambientador Aroma Lim\u00f3n 1 U",
        "image": "https:\/\/cdn-consum.aktiosdigitalservices.com\/tol\/consum\/media\/product\/img\/300x300\/7056310.jpg?t=20250109094144"
    },
    {
        "id": 9254,
        "name": "Coco Rallado Bolsa CONSUM",
        "price": 1.3,
        "price_kilo": 10.4,
        "slug": "coco-rallado-bolsa",
        "description": "Coco Rallado Bolsa 125 Gr",
        "image": "https:\/\/cdn-consum.aktiosdigitalservices.com\/tol\/consum\/media\/product\/img\/300x300\/7056604.jpg?t=20250312125044"
    },
    {
        "id": 9255,
        "name": "Tarta Laminada de Nata CONSUM",
        "price": 2.15,
        "price_kilo": 4.1,
        "slug": "tarta-laminada-de-nata",
        "description": "Tarta Laminada de Nata 525 Gr",
        "image": "https:\/\/cdn-consum.aktiosdigitalservices.com\/tol\/consum\/media\/product\/img\/300x300\/7064723.jpg?t=20250107075706"
    },
    {
        "id": 9256,
        "name": "Palomitas Microondas Saladas Pack de 3 POPITAS",
        "price": 2.49,
        "price_kilo": 8.3,
        "slug": "palomitas-microondas-saladas-pack-de-3",
        "description": "Palomitas Microondas Saladas Pack de 3 3 x 100 Gr",
        "image": "https:\/\/cdn-consum.aktiosdigitalservices.com\/tol\/consum\/media\/product\/img\/300x300\/7064835.jpg?t=20250312092743"
    },
    {
        "id": 9260,
        "name": "Queso Mozzarella Lonchas ARLA",
        "price": 3.15,
        "price_kilo": 21,
        "slug": "queso-mozzarella-lonchas",
        "description": "Queso Mozzarella Lonchas 150 Gr",
        "image": "https:\/\/cdn-consum.aktiosdigitalservices.com\/tol\/consum\/media\/product\/img\/300x300\/7068260.jpg?t=20250227090524"
    },
    {
        "id": 9261,
        "name": "Yogur Desnatado Chocolate Fondant Pack4 SVELTESSE",
        "price": 2.49,
        "price_kilo": 4.98,
        "slug": "yogur-desnatado-chocolate-fondant-pack4",
        "description": "Yogur Desnatado Chocolate Fondant Pack4 4 x 125 Gr",
        "image": "https:\/\/cdn-consum.aktiosdigitalservices.com\/tol\/consum\/media\/product\/img\/300x300\/7068674.jpg?t=20250312125051"
    },
    {
        "id": 9262,
        "name": "Pechuga de Pollo sin Grasa BIENSTAR",
        "price": 3.45,
        "price_kilo": 10.15,
        "slug": "pechuga-de-pollo-sin-grasa",
        "description": "Pechuga de Pollo sin Grasa 340 Gr",
        "image": "https:\/\/cdn-consum.aktiosdigitalservices.com\/tol\/consum\/media\/product\/img\/300x300\/7070936.jpg?t=20250220080050"
    },
    {
        "id": 9264,
        "name": "Napolitanas Chocolate 8 Unidades CONSUM",
        "price": 1.55,
        "price_kilo": 4.84,
        "slug": "napolitanas-chocolate-8-unidades",
        "description": "Napolitanas Chocolate 8 Unidades 320 Gr",
        "image": "https:\/\/cdn-consum.aktiosdigitalservices.com\/tol\/consum\/media\/product\/img\/300x300\/7075422.jpg?t=20250311104151"
    },
    {
        "id": 9265,
        "name": "Petit Croissants al Cacao CONSUM",
        "price": 0.95,
        "price_kilo": 6.33,
        "slug": "petit-croissants-al-cacao",
        "description": "Petit Croissants al Cacao 150 Gr",
        "image": "https:\/\/cdn-consum.aktiosdigitalservices.com\/tol\/consum\/media\/product\/img\/300x300\/7075430.jpg?t=20250312092744"
    },
    {
        "id": 9266,
        "name": "Rosegones CONSUM",
        "price": 1.85,
        "price_kilo": 7.4,
        "slug": "rosegones",
        "description": "Rosegones 250 Gr",
        "image": "https:\/\/cdn-consum.aktiosdigitalservices.com\/tol\/consum\/media\/product\/img\/300x300\/7075435.jpg?t=20250311104156"
    },
    {
        "id": 9267,
        "name": "Napolitanas de Crema CONSUM",
        "price": 1.55,
        "price_kilo": 4.84,
        "slug": "napolitanas-de-crema",
        "description": "Napolitanas de Crema 320 Gr",
        "image": "https:\/\/cdn-consum.aktiosdigitalservices.com\/tol\/consum\/media\/product\/img\/300x300\/7075443.jpg?t=20250311104158"
    },
    {
        "id": 9268,
        "name": "Bizcocho Ositos Lulu Relleno de Chocolate FONTANEDA",
        "price": 2.25,
        "price_kilo": 15,
        "slug": "bizcocho-ositos-lulu-relleno-de-chocolate",
        "description": "Bizcocho Ositos Lulu Relleno de Chocolate 5U 150 Gr",
        "image": "https:\/\/cdn-consum.aktiosdigitalservices.com\/tol\/consum\/media\/product\/img\/300x300\/7077352.jpg?t=20250311104217"
    },
    {
        "id": 9271,
        "name": "Picadillo de Encurtidos Frasco CONSUM",
        "price": 1.65,
        "price_kilo": 8.25,
        "slug": "picadillo-de-encurtidos-frasco",
        "description": "Picadillo de Encurtidos Frasco 200 Gr",
        "image": "https:\/\/cdn-consum.aktiosdigitalservices.com\/tol\/consum\/media\/product\/img\/300x300\/7083322.jpg?t=20250312092744"
    },
    {
        "id": 9273,
        "name": "Pipas Calabaza Tostadas Sal Bolsa CONSUM",
        "price": 1.55,
        "price_kilo": 12.4,
        "slug": "pipas-calabaza-tostadas-sal-bolsa",
        "description": "Pipas Calabaza Tostadas Sal Bolsa 125 Gr",
        "image": "https:\/\/cdn-consum.aktiosdigitalservices.com\/tol\/consum\/media\/product\/img\/300x300\/7087190.jpg?t=20250128075834"
    },
    {
        "id": 9275,
        "name": "Agua Mineral Natural de Mineralizaci\u00f3n Muy d\u00e9bil BEZOYA",
        "price": 2.25,
        "price_kilo": 0.45,
        "slug": "agua-mineral-natural-de-mineralizacion-muy-debil",
        "description": "Agua Mineral Natural de Mineralizaci\u00f3n Muy d\u00e9bil Bezoya 5 L",
        "image": "https:\/\/cdn-consum.aktiosdigitalservices.com\/tol\/consum\/media\/product\/img\/300x300\/7088599.jpg?t=20250320075812"
    },
    {
        "id": 9276,
        "name": "Mejillones en Escabeche 8\/12 Piezas CABO PE\u00d1AS",
        "price": 3.39,
        "price_kilo": 49.13,
        "slug": "mejillones-en-escabeche-8-12-piezas",
        "description": "Mejillones en Escabeche 8\/12 Piezas 69 Gr",
        "image": "https:\/\/cdn-consum.aktiosdigitalservices.com\/tol\/consum\/media\/product\/img\/300x300\/7089253.jpg?t=20250311164541"
    },
    {
        "id": 9277,
        "name": "Agua Mineral  con Gas Botella Pet S.PELLEGRINO",
        "price": 1.39,
        "price_kilo": 1.39,
        "slug": "agua-mineral-con-gas-botella-pet",
        "description": "Agua Mineral  con Gas Botella Pet 1 L",
        "image": "https:\/\/cdn-consum.aktiosdigitalservices.com\/tol\/consum\/media\/product\/img\/300x300\/7091536.jpg?t=20250204080222"
    },
    {
        "id": 9280,
        "name": "Aceitunas Manzanilla Sabor Anchoa con Hueso CONSUM",
        "price": 2.79,
        "price_kilo": 5.58,
        "slug": "aceitunas-manzanilla-sabor-anchoa-con-hueso",
        "description": "Aceitunas Manzanilla Sabor Anchoa con Hueso 500 Gr",
        "image": "https:\/\/cdn-consum.aktiosdigitalservices.com\/tol\/consum\/media\/product\/img\/300x300\/7094824.jpg?t=20250318075948"
    },
    {
        "id": 9282,
        "name": "Chipirones Rellenos en Aceite Girasol Lata CONSUM",
        "price": 2.29,
        "price_kilo": 32.71,
        "slug": "chipirones-rellenos-en-aceite-girasol-lata",
        "description": "Chipirones Rellenos en Aceite Girasol Lata 70 Gr",
        "image": "https:\/\/cdn-consum.aktiosdigitalservices.com\/tol\/consum\/media\/product\/img\/300x300\/7097298.jpg?t=20241217081018"
    },
    {
        "id": 9283,
        "name": "Chorizo de Pavo GOIKOA",
        "price": 2.95,
        "price_kilo": 19.67,
        "slug": "chorizo-de-pavo",
        "description": "Chorizo de Pavo 2 x 75 Gr",
        "image": "https:\/\/cdn-consum.aktiosdigitalservices.com\/tol\/consum\/media\/product\/img\/300x300\/7098106.jpg?t=20241217081018"
    },
    {
        "id": 9286,
        "name": "Pat\u00e9 H\u00edgado Cerdo -50% Grasa Tapa Negra LA PIARA",
        "price": 3.95,
        "price_kilo": 27.05,
        "slug": "pate-higado-cerdo--50-grasa-tapa-negra",
        "description": "Pat\u00e9 H\u00edgado Cerdo -50% Grasa Tapa Negra 2 x 73 Gr",
        "image": "https:\/\/cdn-consum.aktiosdigitalservices.com\/tol\/consum\/media\/product\/img\/300x300\/7103385.jpg?t=20250206091130"
    },
    {
        "id": 9287,
        "name": "Limpiador Paellas y Calderos ASEVI",
        "price": 1.99,
        "price_kilo": 3.98,
        "slug": "limpiador-paellas-y-calderos",
        "description": "Limpiador Paellas y Calderos 0,5 L",
        "image": "https:\/\/cdn-consum.aktiosdigitalservices.com\/tol\/consum\/media\/product\/img\/300x300\/7109663.jpg?t=20250227090728"
    },
    {
        "id": 9288,
        "name": "Palomitas Mantequilla Bolsa CONSUM KIDS",
        "price": 0.9,
        "price_kilo": 10,
        "slug": "palomitas-mantequilla-bolsa",
        "description": "Palomitas Mantequilla Bolsa 90 Gr",
        "image": "https:\/\/cdn-consum.aktiosdigitalservices.com\/tol\/consum\/media\/product\/img\/300x300\/7112691.jpg?t=20250312092746"
    },
    {
        "id": 9292,
        "name": "Mermelada de Fresa 0% Az\u00facares A\u00f1adidos HELIOS",
        "price": 1.99,
        "price_kilo": 7.11,
        "slug": "mermelada-de-fresa-0-azucares-anadidos",
        "description": "Mermelada de Fresa 0% Az\u00facares A\u00f1adidos 280 Gr",
        "image": "https:\/\/cdn-consum.aktiosdigitalservices.com\/tol\/consum\/media\/product\/img\/300x300\/7142201.jpg?t=20250315075730"
    },
    {
        "id": 9293,
        "name": "Mermelada Ciruela 0% Az\u00facares A\u00f1adidos HELIOS",
        "price": 1.99,
        "price_kilo": 7.11,
        "slug": "mermelada-ciruela-0-azucares-anadidos",
        "description": "Mermelada Ciruela 0% Az\u00facares A\u00f1adidos 280 Gr",
        "image": "https:\/\/cdn-consum.aktiosdigitalservices.com\/tol\/consum\/media\/product\/img\/300x300\/7142214.jpg?t=20250315075733"
    },
    {
        "id": 9294,
        "name": "Vino Tinto Joven D.O.Jumilla C. COVANEGRA",
        "price": 2.45,
        "price_kilo": 3.27,
        "slug": "vino-tinto-joven-dojumilla",
        "description": "Vino Tinto Joven D.O.Jumilla 0,75 L",
        "image": "https:\/\/cdn-consum.aktiosdigitalservices.com\/tol\/consum\/media\/product\/img\/300x300\/7147085.jpg?t=20241217081024"
    },
    {
        "id": 9300,
        "name": "Patatas Fritas Sin Sal A\u00f1adida Bolsa CONSUM",
        "price": 1.29,
        "price_kilo": 9.92,
        "slug": "patatas-fritas-sin-sal-anadida-bolsa",
        "description": "Patatas Fritas Sin Sal A\u00f1adida Bolsa 130 Gr",
        "image": "https:\/\/cdn-consum.aktiosdigitalservices.com\/tol\/consum\/media\/product\/img\/300x300\/7153799.jpg?t=20250319075816"
    },
    {
        "id": 9301,
        "name": "Sandwich Relleno Choco Pack 3 CONSUM",
        "price": 2.25,
        "price_kilo": 3,
        "slug": "sandwich-relleno-choco-pack-3",
        "description": "Sandwich Relleno Choco Pack 3 3 x 250 Gr",
        "image": "https:\/\/cdn-consum.aktiosdigitalservices.com\/tol\/consum\/media\/product\/img\/300x300\/7154532.jpg?t=20250311104707"
    },
    {
        "id": 9306,
        "name": "Crema Corporal Nutritiva Reparadora KYREY",
        "price": 1.45,
        "price_kilo": 0.73,
        "slug": "crema-corporal-nutritiva-reparadora",
        "description": "Crema Corporal Nutritiva Reparadora 200 ml",
        "image": "https:\/\/cdn-consum.aktiosdigitalservices.com\/tol\/consum\/media\/product\/img\/300x300\/7163348.jpg?t=20250311164549"
    },
    {
        "id": 9311,
        "name": "Galleta Mar\u00eda sin Gluten GULLON",
        "price": 2.99,
        "price_kilo": 7.87,
        "slug": "galleta-maria-sin-gluten",
        "description": "Galleta Mar\u00eda sin Gluten 380 Gr",
        "image": "https:\/\/cdn-consum.aktiosdigitalservices.com\/tol\/consum\/media\/product\/img\/300x300\/7167786.jpg?t=20250311104805"
    },
    {
        "id": 9312,
        "name": "Tinto de Verano Lim\u00f3n 0,0%Az\u00facar 0,0%Alcohol SANDEVID",
        "price": 1.99,
        "price_kilo": 1.33,
        "slug": "tinto-de-verano-limon-00azucar-00alcohol",
        "description": "Tinto de Verano Lim\u00f3n 0,0%Az\u00facar 0,0%Alcohol 1,5 L",
        "image": "https:\/\/cdn-consum.aktiosdigitalservices.com\/tol\/consum\/media\/product\/img\/300x300\/7170033.jpg?t=20250228080008"
    },
    {
        "id": 9314,
        "name": "Champ\u00fa para Perros Todo Tipo de Pelo MI MASCOTA",
        "price": 2.69,
        "price_kilo": 8.97,
        "slug": "champu-para-perros-todo-tipo-de-pelo",
        "description": "Champ\u00fa para Perros Todo Tipo de Pelo 300 ml",
        "image": "https:\/\/cdn-consum.aktiosdigitalservices.com\/tol\/consum\/media\/product\/img\/300x300\/7177467.jpg?t=20241217081031"
    },
    {
        "id": 9315,
        "name": "Agua Mineral con Gas Botella FONTER",
        "price": 1.14,
        "price_kilo": 1.14,
        "slug": "agua-mineral-con-gas-botella",
        "description": "Agua Mineral con Gas Botella 1 L",
        "image": "https:\/\/cdn-consum.aktiosdigitalservices.com\/tol\/consum\/media\/product\/img\/300x300\/7179083.jpg?t=20250311133456"
    },
    {
        "id": 9317,
        "name": "Comida Men\u00fa para Cobayas VITAKRAFT",
        "price": 3.69,
        "price_kilo": 3.69,
        "slug": "comida-menu-para-cobayas",
        "description": "Comida Men\u00fa para Cobayas 1 Kg",
        "image": "https:\/\/cdn-consum.aktiosdigitalservices.com\/tol\/consum\/media\/product\/img\/300x300\/7180359.jpg?t=20250227091148"
    },
    {
        "id": 9319,
        "name": "Tomate Doble Concentrado Lata HIDA",
        "price": 1.45,
        "price_kilo": 8.53,
        "slug": "tomate-doble-concentrado-lata",
        "description": "Tomate Doble Concentrado Lata 170 Gr",
        "image": "https:\/\/cdn-consum.aktiosdigitalservices.com\/tol\/consum\/media\/product\/img\/300x300\/7180771.jpg?t=20241217081032"
    },
    {
        "id": 9320,
        "name": "Guante Especial Lej\u00eda de Nitrilo Talla Mediana CONSUM",
        "price": 1.95,
        "price_kilo": 1.95,
        "slug": "guante-especial-lejia-de-nitrilo-talla-mediana",
        "description": "Guante Especial Lej\u00eda de Nitrilo Talla Mediana 1 U",
        "image": "https:\/\/cdn-consum.aktiosdigitalservices.com\/tol\/consum\/media\/product\/img\/300x300\/7182595.jpg?t=20241217081033"
    },
    {
        "id": 9322,
        "name": "Sardinas en Aceite Oliva Lata CALVO",
        "price": 1.79,
        "price_kilo": 21.31,
        "slug": "sardinas-en-aceite-oliva-lata",
        "description": "Sardinas en Aceite Oliva Lata 84 Gr",
        "image": "https:\/\/cdn-consum.aktiosdigitalservices.com\/tol\/consum\/media\/product\/img\/300x300\/7184518.jpg?t=20250319075833"
    },
    {
        "id": 9324,
        "name": "Galleta Principe Estrella LU",
        "price": 2.75,
        "price_kilo": 12.22,
        "slug": "galleta-principe-estrella",
        "description": "Galleta Principe Estrella 225 Gr",
        "image": "https:\/\/cdn-consum.aktiosdigitalservices.com\/tol\/consum\/media\/product\/img\/300x300\/7185374.jpg?t=20250311104951"
    },
    {
        "id": 9329,
        "name": "Vino Blanco D.O.Rioja DUQUE NARDOS",
        "price": 3.35,
        "price_kilo": 4.47,
        "slug": "vino-blanco-dorioja",
        "description": "Vino Blanco D.O.Rioja 0,75 L",
        "image": "https:\/\/cdn-consum.aktiosdigitalservices.com\/tol\/consum\/media\/product\/img\/300x300\/7188964.jpg?t=20250114084125"
    },
    {
        "id": 9330,
        "name": "Picos Camperos CONSUM",
        "price": 0.99,
        "price_kilo": 3.96,
        "slug": "picos-camperos",
        "description": "Picos Camperos 250 Gr",
        "image": "https:\/\/cdn-consum.aktiosdigitalservices.com\/tol\/consum\/media\/product\/img\/300x300\/7190135.jpg?t=20250313081517"
    },
    {
        "id": 9331,
        "name": "Agua con Gas Lata VICHY",
        "price": 1.07,
        "price_kilo": 3.24,
        "slug": "agua-con-gas-lata",
        "description": "Agua con Gas Lata 0,33 L",
        "image": "https:\/\/cdn-consum.aktiosdigitalservices.com\/tol\/consum\/media\/product\/img\/300x300\/7190499.jpg?t=20241217081036"
    },
    {
        "id": 9333,
        "name": "Salsa Burger Bote HELLMANN'S",
        "price": 2.25,
        "price_kilo": 8.65,
        "slug": "salsa-burger-bote",
        "description": "Salsa Burger Bote 260 Gr",
        "image": "https:\/\/cdn-consum.aktiosdigitalservices.com\/tol\/consum\/media\/product\/img\/300x300\/7191971.jpg?t=20250220080235"
    },
    {
        "id": 9339,
        "name": "Tinto Verano Lim\u00f3n Lata LA CASERA",
        "price": 0.92,
        "price_kilo": 2.79,
        "slug": "tinto-verano-limon-lata",
        "description": "Tinto Verano Lim\u00f3n Lata 0,33 L",
        "image": "https:\/\/cdn-consum.aktiosdigitalservices.com\/tol\/consum\/media\/product\/img\/300x300\/7195147.jpg?t=20250201075900"
    },
    {
        "id": 9340,
        "name": "Bonito del Norte en Aceite Oliva ALBO",
        "price": 3,
        "price_kilo": 36.58,
        "slug": "bonito-del-norte-en-aceite-oliva",
        "description": "Bonito del Norte en Aceite Oliva 82 Gr",
        "image": "https:\/\/cdn-consum.aktiosdigitalservices.com\/tol\/consum\/media\/product\/img\/300x300\/7195761.jpg?t=20250313080236"
    },
    {
        "id": 9346,
        "name": "Limpiamuebles Aloe Vera Pistola PRONTO",
        "price": 5.35,
        "price_kilo": 10.7,
        "slug": "limpiamuebles-aloe-vera-pistola",
        "description": "Limpiamuebles Aloe Vera Pistola 0,5 L",
        "image": "https:\/\/cdn-consum.aktiosdigitalservices.com\/tol\/consum\/media\/product\/img\/300x300\/7199479.jpg?t=20241217081039"
    },
    {
        "id": 9348,
        "name": "Pan Molde 100% Natural Tierno y Fresco CONSUM",
        "price": 1.5,
        "price_kilo": 3.26,
        "slug": "pan-molde-100-natural-tierno-y-fresco",
        "description": "Pan Molde 100% Natural Tierno y Fresco 460 Gr",
        "image": "https:\/\/cdn-consum.aktiosdigitalservices.com\/tol\/consum\/media\/product\/img\/300x300\/7200124.jpg?t=20250311133541"
    },
    {
        "id": 9353,
        "name": "Taco de Bac\u00f3n MONELLS",
        "price": 2.92,
        "price_kilo": 9.73,
        "slug": "taco-de-bacon",
        "description": "Taco de Bac\u00f3n 300 Gr",
        "image": "https:\/\/cdn-consum.aktiosdigitalservices.com\/tol\/consum\/media\/product\/img\/300x300\/7208247.jpg?t=20250227091436"
    },
    {
        "id": 9354,
        "name": "Bonito en Lonchas ANGOMAR",
        "price": 1.09,
        "price_kilo": 2.73,
        "slug": "bonito-en-lonchas",
        "description": "Bonito en Lonchas 40 Gr",
        "image": "https:\/\/cdn-consum.aktiosdigitalservices.com\/tol\/consum\/media\/product\/img\/300x300\/7208833.jpg?t=20241217081042"
    },
    {
        "id": 9355,
        "name": "Vino Tinto D.O.Navarra VI\u00d1A LERDEN",
        "price": 2.35,
        "price_kilo": 3.13,
        "slug": "vino-tinto-donavarra",
        "description": "Vino Tinto D.O.Navarra 0,75 L",
        "image": "https:\/\/cdn-consum.aktiosdigitalservices.com\/tol\/consum\/media\/product\/img\/300x300\/7212228.jpg?t=20250114084145"
    },
    {
        "id": 9356,
        "name": "Aros de Ma\u00edz Kaskys Bolsa TOSFRIT",
        "price": 1.19,
        "price_kilo": 9.92,
        "slug": "aros-de-maiz-kaskys-bolsa",
        "description": "Aros de Ma\u00edz Kaskys Bolsa 120 Gr",
        "image": "https:\/\/cdn-consum.aktiosdigitalservices.com\/tol\/consum\/media\/product\/img\/300x300\/7212566.jpg?t=20250227091509"
    },
    {
        "id": 9363,
        "name": "Galletas Campurrianas Caja CUETARA",
        "price": 2.99,
        "price_kilo": 6.42,
        "slug": "galletas-campurrianas-caja",
        "description": "Galletas Campurrianas Caja 466 Gr",
        "image": "https:\/\/cdn-consum.aktiosdigitalservices.com\/tol\/consum\/media\/product\/img\/300x300\/7216435.jpg?t=20250312160254"
    },
    {
        "id": 9365,
        "name": "At\u00fan Claro Aceite Girasol CAMPOS",
        "price": 1.85,
        "price_kilo": 17.79,
        "slug": "atun-claro-aceite-girasol",
        "description": "At\u00fan Claro Aceite Girasol 104 Gr",
        "image": "https:\/\/cdn-consum.aktiosdigitalservices.com\/tol\/consum\/media\/product\/img\/300x300\/7216935.jpg?t=20250227091614"
    },
    {
        "id": 9366,
        "name": "At\u00fan Claro Natural CAMPOS",
        "price": 1.85,
        "price_kilo": 16.51,
        "slug": "atun-claro-natural",
        "description": "At\u00fan Claro Natural 112 Gr",
        "image": "https:\/\/cdn-consum.aktiosdigitalservices.com\/tol\/consum\/media\/product\/img\/300x300\/7216943.jpg?t=20250227091616"
    },
    {
        "id": 9367,
        "name": "Tomate Cherry Cubeta ",
        "price": 1.98,
        "price_kilo": 3.96,
        "slug": "tomate-cherry-cubeta",
        "description": "Tomate Cherry Cubeta 500 Gr",
        "image": "https:\/\/cdn-consum.aktiosdigitalservices.com\/tol\/consum\/media\/product\/img\/300x300\/7218167.jpg?t=20250225075948"
    },
    {
        "id": 9368,
        "name": "Cocktail Frutos Secos Mix5 Maxi Ahorro Bolsa MISTERCORN",
        "price": 2.85,
        "price_kilo": 9.5,
        "slug": "cocktail-frutos-secos-mix5-maxi-ahorro-bolsa",
        "description": "Cocktail Frutos Secos Mix5 Maxi Ahorro Bolsa 300 Gr",
        "image": "https:\/\/cdn-consum.aktiosdigitalservices.com\/tol\/consum\/media\/product\/img\/300x300\/7218360.jpg?t=20250321075848"
    },
    {
        "id": 9374,
        "name": "Bizcochadas Bolsa LA CUEVA",
        "price": 2.59,
        "price_kilo": 7.1,
        "slug": "bizcochadas-bolsa",
        "description": "Bizcochadas Bolsa 365 Gr",
        "image": "https:\/\/cdn-consum.aktiosdigitalservices.com\/tol\/consum\/media\/product\/img\/300x300\/7220932.jpg?t=20250311105310"
    },
    {
        "id": 9375,
        "name": "Aceituna Manzanilla sin Hueso Pack de 3 JOLCA",
        "price": 1.79,
        "price_kilo": 11.94,
        "slug": "aceituna-manzanilla-sin-hueso-pack-de-3",
        "description": "Aceituna Manzanilla sin Hueso Pack de 3 150 Gr",
        "image": "https:\/\/cdn-consum.aktiosdigitalservices.com\/tol\/consum\/media\/product\/img\/300x300\/7221286.jpg?t=20250318080127"
    },
    {
        "id": 9379,
        "name": "Tomate Frito con Aceite Oliva Virgen Extra Frasco HELIOS",
        "price": 2.65,
        "price_kilo": 4.73,
        "slug": "tomate-frito-con-aceite-oliva-virgen-extra-frasco",
        "description": "Tomate Frito con Aceite Oliva Virgen Extra Frasco 560 Gr",
        "image": "https:\/\/cdn-consum.aktiosdigitalservices.com\/tol\/consum\/media\/product\/img\/300x300\/7222201.jpg?t=20250206092243"
    },
    {
        "id": 9383,
        "name": "Comida Seca Perro Mini Senior ULTIMA",
        "price": 8.99,
        "price_kilo": 5.99,
        "slug": "comida-seca-perro-mini-senior",
        "description": "Comida Seca Perro Mini Senior 1,5 Kg",
        "image": "https:\/\/cdn-consum.aktiosdigitalservices.com\/tol\/consum\/media\/product\/img\/300x300\/7225634.jpg?t=20250218080400"
    },
    {
        "id": 9384,
        "name": "Vinagre de Vino Tinto CONSUM",
        "price": 0.55,
        "price_kilo": 1.1,
        "slug": "vinagre-de-vino-tinto",
        "description": "Vinagre de Vino Tinto 500 ml",
        "image": "https:\/\/cdn-consum.aktiosdigitalservices.com\/tol\/consum\/media\/product\/img\/300x300\/7225766.jpg?t=20250322075931"
    },
    {
        "id": 9386,
        "name": "Agua Mineral con Gas Botella Pet PERRIER",
        "price": 1.07,
        "price_kilo": 2.14,
        "slug": "agua-mineral-con-gas-botella-pet",
        "description": "Agua Mineral con Gas Botella Pet 0,5 L",
        "image": "https:\/\/cdn-consum.aktiosdigitalservices.com\/tol\/consum\/media\/product\/img\/300x300\/7227676.jpg?t=20250311133637"
    },
    {
        "id": 9387,
        "name": "Jud\u00edas Verdes Extra Finas Frasco BONDUELLE",
        "price": 4.69,
        "price_kilo": 16.75,
        "slug": "judias-verdes-extra-finas-frasco",
        "description": "Jud\u00edas Verdes Extra Finas Frasco 280 Gr",
        "image": "https:\/\/cdn-consum.aktiosdigitalservices.com\/tol\/consum\/media\/product\/img\/300x300\/7228737.jpg?t=20241217081050"
    },
    {
        "id": 9389,
        "name": "Limpia Tuber\u00edas Biol\u00f3gico CONSUM",
        "price": 3.8,
        "price_kilo": 3.8,
        "slug": "limpia-tuberias-biologico",
        "description": "Limpia Tuber\u00edas Biol\u00f3gico 1 L",
        "image": "https:\/\/cdn-consum.aktiosdigitalservices.com\/tol\/consum\/media\/product\/img\/300x300\/7230985.jpg?t=20241217081051"
    },
    {
        "id": 9391,
        "name": "Aceite del \u00c1rbol del T\u00e9 NATURAFEMME",
        "price": 7.99,
        "price_kilo": 26.63,
        "slug": "aceite-del-arbol-del-te",
        "description": "Aceite del \u00c1rbol del T\u00e9 30 ml",
        "image": "https:\/\/cdn-consum.aktiosdigitalservices.com\/tol\/consum\/media\/product\/img\/300x300\/7234032.jpg?t=20250312092754"
    },
    {
        "id": 9392,
        "name": "Galletas Choco Cream Ba\u00f1adas Choco Blanco CONSUM",
        "price": 1.99,
        "price_kilo": 7.9,
        "slug": "galletas-choco-cream-banadas-choco-blanco",
        "description": "Galletas Choco Cream Ba\u00f1adas Choco Blanco 252 Gr",
        "image": "https:\/\/cdn-consum.aktiosdigitalservices.com\/tol\/consum\/media\/product\/img\/300x300\/7234318.jpg?t=20250311105423"
    },
    {
        "id": 9393,
        "name": "Galleta Chococream Mini CONSUM",
        "price": 0.89,
        "price_kilo": 8.9,
        "slug": "galleta-chococream-mini",
        "description": "Galleta Chococream Mini 100 Gr",
        "image": "https:\/\/cdn-consum.aktiosdigitalservices.com\/tol\/consum\/media\/product\/img\/300x300\/7234321.jpg?t=20250312092754"
    },
    {
        "id": 9395,
        "name": "Galleta Salada Bote CONSUM",
        "price": 1.2,
        "price_kilo": 3.43,
        "slug": "galleta-salada-bote",
        "description": "Galleta Salada Bote 350 Gr",
        "image": "https:\/\/cdn-consum.aktiosdigitalservices.com\/tol\/consum\/media\/product\/img\/300x300\/7239465.jpg?t=20241217081055"
    },
    {
        "id": 9410,
        "name": "Agua con Gas Pet VICHY",
        "price": 1.79,
        "price_kilo": 1.49,
        "slug": "agua-con-gas-pet",
        "description": "Agua con Gas Pet 1,2 L",
        "image": "https:\/\/cdn-consum.aktiosdigitalservices.com\/tol\/consum\/media\/product\/img\/300x300\/7246320.jpg?t=20250115080140"
    },
    {
        "id": 9417,
        "name": "Crema de Peinado Look Tup\u00e9 GIORGI",
        "price": 5.05,
        "price_kilo": 4.04,
        "slug": "crema-de-peinado-look-tupe",
        "description": "Crema de Peinado Look Tup\u00e9 125 ml",
        "image": "https:\/\/cdn-consum.aktiosdigitalservices.com\/tol\/consum\/media\/product\/img\/300x300\/7251056.jpg?t=20250312160410"
    },
    {
        "id": 9420,
        "name": "Redecillas Pelo Invisibles BETER",
        "price": 1.35,
        "price_kilo": 0.68,
        "slug": "redecillas-pelo-invisibles",
        "description": "Redecillas Pelo Invisibles 2 U",
        "image": "https:\/\/cdn-consum.aktiosdigitalservices.com\/tol\/consum\/media\/product\/img\/300x300\/7252732.jpg?t=20241217081100"
    },
    {
        "id": 9426,
        "name": "Pan de Molde sin Corteza DULCESOL",
        "price": 3.3,
        "price_kilo": 4.02,
        "slug": "pan-de-molde-sin-corteza",
        "description": "Pan de Molde sin Corteza 820 Gr",
        "image": "https:\/\/cdn-consum.aktiosdigitalservices.com\/tol\/consum\/media\/product\/img\/300x300\/7254894.jpg?t=20250311105704"
    },
    {
        "id": 9432,
        "name": "Soda Sif\u00f3n Botella SANI",
        "price": 1.6,
        "price_kilo": 1.07,
        "slug": "soda-sifon-botella",
        "description": "Soda Sif\u00f3n Botella 1,5 L",
        "image": "https:\/\/cdn-consum.aktiosdigitalservices.com\/tol\/consum\/media\/product\/img\/300x300\/7258440.jpg?t=20241217081103"
    },
    {
        "id": 9442,
        "name": "Activia Avena Nueces Bifidus P4 DANONE",
        "price": 2,
        "price_kilo": 4.35,
        "slug": "activia-avena-nueces-bifidus-p4",
        "description": "Activia Avena Nueces Bifidus P4 4 x 115 Gr",
        "image": "https:\/\/cdn-consum.aktiosdigitalservices.com\/tol\/consum\/media\/product\/img\/300x300\/7263353.jpg?t=20250227092321"
    },
    {
        "id": 9443,
        "name": "Suavizante Concentrado Azul FLOR",
        "price": 4.89,
        "price_kilo": 0.06,
        "slug": "suavizante-concentrado-azul",
        "description": "Suavizante Concentrado Azul 78 Lv",
        "image": "https:\/\/cdn-consum.aktiosdigitalservices.com\/tol\/consum\/media\/product\/img\/300x300\/7263585.jpg?t=20250227092324"
    },
    {
        "id": 9444,
        "name": "Toallitas Multiusos SANYTOL",
        "price": 2.25,
        "price_kilo": 0.08,
        "slug": "toallitas-multiusos",
        "description": "Toallitas Multiusos 30 U",
        "image": "https:\/\/cdn-consum.aktiosdigitalservices.com\/tol\/consum\/media\/product\/img\/300x300\/7263676.jpg?t=20250312125445"
    },
    {
        "id": 9448,
        "name": "Huevo Kinder Joy Pack KINDER",
        "price": 3.99,
        "price_kilo": 66.5,
        "slug": "huevo-kinder-joy-pack",
        "description": "Huevo Kinder Joy Pack 3 x 20 Gr",
        "image": "https:\/\/cdn-consum.aktiosdigitalservices.com\/tol\/consum\/media\/product\/img\/300x300\/7265747.jpg?t=20250311133810"
    },
    {
        "id": 9456,
        "name": "Desodorante Spray Protege&Cuida NIVEA",
        "price": 3.15,
        "price_kilo": 1.58,
        "slug": "desodorante-spray-protegecuida",
        "description": "Desodorante Spray Protege&Cuida 200 ml",
        "image": "https:\/\/cdn-consum.aktiosdigitalservices.com\/tol\/consum\/media\/product\/img\/300x300\/7266971.jpg?t=20250311164600"
    },
    {
        "id": 9466,
        "name": "Agua Micelar en Aceite GARNIER",
        "price": 4.99,
        "price_kilo": 1.25,
        "slug": "agua-micelar-en-aceite",
        "description": "Agua Micelar en Aceite 400 ml",
        "image": "https:\/\/cdn-consum.aktiosdigitalservices.com\/tol\/consum\/media\/product\/img\/300x300\/7267750.jpg?t=20250214075852"
    },
    {
        "id": 9470,
        "name": "S\u00e9mola de Trigo Paquete GALLO",
        "price": 0.85,
        "price_kilo": 3.4,
        "slug": "semola-de-trigo-paquete",
        "description": "S\u00e9mola de Trigo Paquete 250 Gr",
        "image": "https:\/\/cdn-consum.aktiosdigitalservices.com\/tol\/consum\/media\/product\/img\/300x300\/122770.jpg?t=20250319075619"
    },
    {
        "id": 9472,
        "name": "Colorante Alimentario Tarro DUCROS",
        "price": 2.15,
        "price_kilo": 35.83,
        "slug": "colorante-alimentario-tarro",
        "description": "Colorante Alimentario Tarro 60 Gr",
        "image": "https:\/\/cdn-consum.aktiosdigitalservices.com\/tol\/consum\/media\/product\/img\/300x300\/308874.jpg?t=20250227085756"
    },
    {
        "id": 9473,
        "name": "Or\u00e9gano Tarro DUCROS",
        "price": 2.25,
        "price_kilo": 22.5,
        "slug": "oregano-tarro",
        "description": "Or\u00e9gano Tarro 10 Gr",
        "image": "https:\/\/cdn-consum.aktiosdigitalservices.com\/tol\/consum\/media\/product\/img\/300x300\/309245.jpg?t=20250206085810"
    },
    {
        "id": 9474,
        "name": "Preparado Pastel Fresco Sabor Lim\u00f3n ROYAL",
        "price": 1.79,
        "price_kilo": 17.38,
        "slug": "preparado-pastel-fresco-sabor-limon",
        "description": "Preparado Pastel Fresco Sabor Lim\u00f3n 103 Gr",
        "image": "https:\/\/cdn-consum.aktiosdigitalservices.com\/tol\/consum\/media\/product\/img\/300x300\/310862.jpg?t=20250311103105"
    },
    {
        "id": 9478,
        "name": "Agua Mineral  con Gas Botella FONTER",
        "price": 0.84,
        "price_kilo": 1.68,
        "slug": "agua-mineral-con-gas-botella",
        "description": "Agua Mineral  con Gas Botella 0,5 L",
        "image": "https:\/\/cdn-consum.aktiosdigitalservices.com\/tol\/consum\/media\/product\/img\/300x300\/2808418.jpg?t=20250312092741"
    },
    {
        "id": 9480,
        "name": "Film Transparente ALBAL",
        "price": 2.15,
        "price_kilo": 0.07,
        "slug": "film-transparente",
        "description": "Film Transparente 30 M",
        "image": "https:\/\/cdn-consum.aktiosdigitalservices.com\/tol\/consum\/media\/product\/img\/300x300\/7010150.jpg?t=20250227090326"
    },
    {
        "id": 9482,
        "name": "Alubia Roja Cocida Frasco LUENGO",
        "price": 1.59,
        "price_kilo": 3.98,
        "slug": "alubia-roja-cocida-frasco",
        "description": "Alubia Roja Cocida Frasco 400 Gr",
        "image": "https:\/\/cdn-consum.aktiosdigitalservices.com\/tol\/consum\/media\/product\/img\/300x300\/7022473.jpg?t=20241217081002"
    },
    {
        "id": 9485,
        "name": "Alubia con Verduras Frasco LUENGO",
        "price": 1.49,
        "price_kilo": 3.73,
        "slug": "alubia-con-verduras-frasco",
        "description": "Alubia con Verduras Frasco 400 Gr",
        "image": "https:\/\/cdn-consum.aktiosdigitalservices.com\/tol\/consum\/media\/product\/img\/300x300\/7044006.jpg?t=20250312092742"
    },
    {
        "id": 9488,
        "name": "Mermelada Naranja Amarga Frasco CONSUM",
        "price": 1.25,
        "price_kilo": 3.05,
        "slug": "mermelada-naranja-amarga-frasco",
        "description": "Mermelada Naranja Amarga Frasco 410 Gr",
        "image": "https:\/\/cdn-consum.aktiosdigitalservices.com\/tol\/consum\/media\/product\/img\/300x300\/7055275.jpg?t=20250311104024"
    },
    {
        "id": 9491,
        "name": "Cono de Fresa Pack de 6 Unidades CONSUM",
        "price": 2.25,
        "price_kilo": 5.21,
        "slug": "cono-de-fresa-pack-de-6-unidades",
        "description": "Cono de Fresa Pack de 6 Unidades 432 Gr",
        "image": "https:\/\/cdn-consum.aktiosdigitalservices.com\/tol\/consum\/media\/product\/img\/300x300\/7081149.jpg?t=20250318080933"
    },
    {
        "id": 9494,
        "name": "Magnum Mini Classic Pack de 6+2 Unidades FRIGO",
        "price": 4.99,
        "price_kilo": 14.74,
        "slug": "magnum-mini-classic-pack-de-62-unidades",
        "description": "Magnum Mini Classic Pack de 6+2 Unidades 338,5 Gr",
        "image": "https:\/\/cdn-consum.aktiosdigitalservices.com\/tol\/consum\/media\/product\/img\/300x300\/7148567.jpg?t=20250320075844"
    },
    {
        "id": 9496,
        "name": "Arroz Bomba Paquete CONSUM",
        "price": 5.09,
        "price_kilo": 5.09,
        "slug": "arroz-bomba-paquete",
        "description": "Arroz Bomba Paquete 1 Kg",
        "image": "https:\/\/cdn-consum.aktiosdigitalservices.com\/tol\/consum\/media\/product\/img\/300x300\/7164762.jpg?t=20250103080810"
    },
    {
        "id": 9498,
        "name": "Caldo de Carne 12 Pastillas CONSUM",
        "price": 0.85,
        "price_kilo": 7.08,
        "slug": "caldo-de-carne-12-pastillas",
        "description": "Caldo de Carne 12 Pastillas 120 Gr",
        "image": "https:\/\/cdn-consum.aktiosdigitalservices.com\/tol\/consum\/media\/product\/img\/300x300\/7178713.jpg?t=20241217081031"
    },
    {
        "id": 9499,
        "name": "Mermelada Fresa 0% Az\u00facares A\u00f1adidos CONSUM",
        "price": 1.25,
        "price_kilo": 4.46,
        "slug": "mermelada-fresa-0-azucares-anadidos",
        "description": "Mermelada Fresa 0% Az\u00facares A\u00f1adidos 280 Gr",
        "image": "https:\/\/cdn-consum.aktiosdigitalservices.com\/tol\/consum\/media\/product\/img\/300x300\/7185288.jpg?t=20250311104943"
    },
    {
        "id": 9500,
        "name": "Mermelada Melocot\u00f3n 0% Az\u00facares A\u00f1adidos CONSUM",
        "price": 1.3,
        "price_kilo": 4.64,
        "slug": "mermelada-melocoton-0-azucares-anadidos",
        "description": "Mermelada Melocot\u00f3n 0% Az\u00facares A\u00f1adidos 280 Gr",
        "image": "https:\/\/cdn-consum.aktiosdigitalservices.com\/tol\/consum\/media\/product\/img\/300x300\/7185291.jpg?t=20250311104946"
    },
    {
        "id": 9502,
        "name": "Ensalada California de At\u00fan CALVO",
        "price": 1.45,
        "price_kilo": 9.67,
        "slug": "ensalada-california-de-atun",
        "description": "Ensalada California de At\u00fan 150 Gr",
        "image": "https:\/\/cdn-consum.aktiosdigitalservices.com\/tol\/consum\/media\/product\/img\/300x300\/7192016.jpg?t=20250220080240"
    },
    {
        "id": 9506,
        "name": "Melocot\u00f3n Almibar Ligero Lata SOL ARCHENA",
        "price": 2.35,
        "price_kilo": 4.9,
        "slug": "melocoton-almibar-ligero-lata",
        "description": "Melocot\u00f3n Almibar Ligero Lata 480 Gr",
        "image": "https:\/\/cdn-consum.aktiosdigitalservices.com\/tol\/consum\/media\/product\/img\/300x300\/7205404.jpg?t=20250311164555"
    },
    {
        "id": 9512,
        "name": "Caramelo con Palo Melody Pops CHUPA-CHUPS",
        "price": 1,
        "price_kilo": 6.67,
        "slug": "caramelo-con-palo-melody-pops",
        "description": "Caramelo con Palo Melody Pops 15 Gr",
        "image": "https:\/\/cdn-consum.aktiosdigitalservices.com\/tol\/consum\/media\/product\/img\/300x300\/7219590.jpg?t=20250311124434"
    },
    {
        "id": 9514,
        "name": "Crema de Calabaza Brik CONSUM",
        "price": 1,
        "price_kilo": 2,
        "slug": "crema-de-calabaza-brik",
        "description": "Crema de Calabaza Brik 0,5 L",
        "image": "https:\/\/cdn-consum.aktiosdigitalservices.com\/tol\/consum\/media\/product\/img\/300x300\/7227788.jpg?t=20250318080935"
    },
    {
        "id": 9531,
        "name": "Salsa Casera Tarro CALV\u00c9",
        "price": 2.35,
        "price_kilo": 5.47,
        "slug": "salsa-casera-tarro",
        "description": "Salsa Casera Tarro 430 ml",
        "image": "https:\/\/cdn-consum.aktiosdigitalservices.com\/tol\/consum\/media\/product\/img\/300x300\/7263320.jpg?t=20250313080408"
    },
    {
        "id": 9534,
        "name": "Aceite de Oliva Virgen Extra CARBONELL",
        "price": 5.99,
        "price_kilo": 5.99,
        "slug": "aceite-de-oliva-virgen-extra",
        "description": "Aceite de Oliva Virgen Extra 1 L",
        "image": "https:\/\/cdn-consum.aktiosdigitalservices.com\/tol\/consum\/media\/product\/img\/300x300\/7264617.jpg?t=20250227092330"
    },
    {
        "id": 9536,
        "name": "Tamp\u00f3n Pearl Regular TAMPAX",
        "price": 4.59,
        "price_kilo": 0.19,
        "slug": "tampon-pearl-regular",
        "description": "Tamp\u00f3n Pearl Regular 24 U",
        "image": "https:\/\/cdn-consum.aktiosdigitalservices.com\/tol\/consum\/media\/product\/img\/300x300\/7265994.jpg?t=20241217081107"
    },
    {
        "id": 9537,
        "name": "Tamp\u00f3n Pearl S\u00faper TAMPAX",
        "price": 4.59,
        "price_kilo": 0.19,
        "slug": "tampon-pearl-super",
        "description": "Tamp\u00f3n Pearl S\u00faper 24 U",
        "image": "https:\/\/cdn-consum.aktiosdigitalservices.com\/tol\/consum\/media\/product\/img\/300x300\/7265999.jpg?t=20241217081107"
    },
    {
        "id": 9545,
        "name": "Chicles Stick Sabor Fresa TRIDENT",
        "price": 1.1,
        "price_kilo": 8.15,
        "slug": "chicles-stick-sabor-fresa",
        "description": "Chicles Stick Sabor Fresa 13,5 Gr",
        "image": "https:\/\/cdn-consum.aktiosdigitalservices.com\/tol\/consum\/media\/product\/img\/300x300\/1530963.jpg?t=20250311123956"
    },
    {
        "id": 9556,
        "name": "Brazo de Fresa CONSUM",
        "price": 1.99,
        "price_kilo": 6.63,
        "slug": "brazo-de-fresa",
        "description": "Brazo de Fresa 300 Gr",
        "image": "https:\/\/cdn-consum.aktiosdigitalservices.com\/tol\/consum\/media\/product\/img\/300x300\/7259419.jpg?t=20250311105729"
    },
    {
        "id": 9565,
        "name": "Vino Blanco D.O.Valencia BARON TURIS",
        "price": 2.29,
        "price_kilo": 3.05,
        "slug": "vino-blanco-dovalencia",
        "description": "Vino Blanco D.O.Valencia 0,75 L",
        "image": "https:\/\/cdn-consum.aktiosdigitalservices.com\/tol\/consum\/media\/product\/img\/300x300\/128942.jpg?t=20241217080942"
    },
    {
        "id": 9567,
        "name": "Sangr\u00eda Brik DON SIMON",
        "price": 1.59,
        "price_kilo": 1.59,
        "slug": "sangria-brik",
        "description": "Sangr\u00eda Brik 1 L",
        "image": "https:\/\/cdn-consum.aktiosdigitalservices.com\/tol\/consum\/media\/product\/img\/300x300\/301796.jpg?t=20250311123817"
    },
    {
        "id": 9568,
        "name": "Vino Rosado de Mesa Brik DON SIMON",
        "price": 1.6,
        "price_kilo": 1.6,
        "slug": "vino-rosado-de-mesa-brik",
        "description": "Vino Rosado de Mesa Brik 1 L",
        "image": "https:\/\/cdn-consum.aktiosdigitalservices.com\/tol\/consum\/media\/product\/img\/300x300\/312132.jpg?t=20241217080945"
    },
    {
        "id": 9569,
        "name": "Bebida Espirituosa VETERANO",
        "price": 8.99,
        "price_kilo": 8.99,
        "slug": "bebida-espirituosa",
        "description": "Bebida Espirituosa 1 L",
        "image": "https:\/\/cdn-consum.aktiosdigitalservices.com\/tol\/consum\/media\/product\/img\/300x300\/315366.jpg?t=20250227085819"
    },
    {
        "id": 9570,
        "name": "Whisky Scotch Red J.WALKER",
        "price": 15.8,
        "price_kilo": 22.57,
        "slug": "whisky-scotch-red",
        "description": "Whisky Scotch Red 0,7 L",
        "image": "https:\/\/cdn-consum.aktiosdigitalservices.com\/tol\/consum\/media\/product\/img\/300x300\/315606.jpg?t=20250314121232"
    },
    {
        "id": 9571,
        "name": "Whisky Scotch J&B",
        "price": 12.9,
        "price_kilo": 18.43,
        "slug": "whisky-scotch",
        "description": "Whisky Scotch 0,7 L",
        "image": "https:\/\/cdn-consum.aktiosdigitalservices.com\/tol\/consum\/media\/product\/img\/300x300\/315655.jpg?t=20250314121234"
    },
    {
        "id": 9572,
        "name": "Crema de Whisky BAILEYS",
        "price": 15.99,
        "price_kilo": 22.84,
        "slug": "crema-de-whisky",
        "description": "Crema de Whisky 0,7 L",
        "image": "https:\/\/cdn-consum.aktiosdigitalservices.com\/tol\/consum\/media\/product\/img\/300x300\/317347.jpg?t=20250311123822"
    },
    {
        "id": 9573,
        "name": "Vermut Rojo MARTINI",
        "price": 9.69,
        "price_kilo": 9.69,
        "slug": "vermut-rojo",
        "description": "Vermut  Rojo 1 L",
        "image": "https:\/\/cdn-consum.aktiosdigitalservices.com\/tol\/consum\/media\/product\/img\/300x300\/317628.jpg?t=20250227085839"
    },
    {
        "id": 9576,
        "name": "Vino Tinto C.V.C. D.O.Rioja CAMPO VIEJO",
        "price": 3.99,
        "price_kilo": 5.32,
        "slug": "vino-tinto-cvc-dorioja",
        "description": "Vino Tinto C.V.C. D.O.Rioja 0,75 L",
        "image": "https:\/\/cdn-consum.aktiosdigitalservices.com\/tol\/consum\/media\/product\/img\/300x300\/816884.jpg?t=20250227090057"
    },
    {
        "id": 9578,
        "name": "Ginebra GORDON'S",
        "price": 11.99,
        "price_kilo": 17.13,
        "slug": "ginebra",
        "description": "Ginebra 0,7 L",
        "image": "https:\/\/cdn-consum.aktiosdigitalservices.com\/tol\/consum\/media\/product\/img\/300x300\/916460.jpg?t=20250311164534"
    },
    {
        "id": 9579,
        "name": "Vino Tinto Joven D.O.Rioja FAUSTINO VII",
        "price": 3.99,
        "price_kilo": 5.32,
        "slug": "vino-tinto-joven-dorioja",
        "description": "Vino Tinto Joven D.O.Rioja 0,75 L",
        "image": "https:\/\/cdn-consum.aktiosdigitalservices.com\/tol\/consum\/media\/product\/img\/300x300\/954615.jpg?t=20250109093413"
    },
    {
        "id": 9581,
        "name": "Aerosol Repelente Insectos AUTAN",
        "price": 8.99,
        "price_kilo": 8.99,
        "slug": "aerosol-repelente-insectos",
        "description": "Aerosol Repelente Insectos 100 ml",
        "image": "https:\/\/cdn-consum.aktiosdigitalservices.com\/tol\/consum\/media\/product\/img\/300x300\/4390431.jpg?t=20241231080000"
    },
    {
        "id": 9583,
        "name": "Vermut Blanco VIDAL",
        "price": 2.7,
        "price_kilo": 2.7,
        "slug": "vermut-blanco",
        "description": "Vermut Blanco 1 L",
        "image": "https:\/\/cdn-consum.aktiosdigitalservices.com\/tol\/consum\/media\/product\/img\/300x300\/7003189.jpg?t=20241217081000"
    },
    {
        "id": 9584,
        "name": "Vino Tinto Garrafa VI\u00d1A CORBA",
        "price": 5.45,
        "price_kilo": 1.09,
        "slug": "vino-tinto-garrafa",
        "description": "Vino Tinto Garrafa 5 L",
        "image": "https:\/\/cdn-consum.aktiosdigitalservices.com\/tol\/consum\/media\/product\/img\/300x300\/7017242.jpg?t=20250211075818"
    },
    {
        "id": 9585,
        "name": "Chicle Grageado Sabor Menta TRIDENT",
        "price": 1,
        "price_kilo": 7.14,
        "slug": "chicle-grageado-sabor-menta",
        "description": "Chicle Grageado Sabor Menta 14,5 Gr",
        "image": "https:\/\/cdn-consum.aktiosdigitalservices.com\/tol\/consum\/media\/product\/img\/300x300\/7021264.jpg?t=20250311124051"
    },
    {
        "id": 9586,
        "name": "Tinto de Verano Cl\u00e1sico Botella Pet SANDEVID",
        "price": 1.99,
        "price_kilo": 1.33,
        "slug": "tinto-de-verano-clasico-botella-pet",
        "description": "Tinto de Verano Cl\u00e1sico Botella Pet 1,5 L",
        "image": "https:\/\/cdn-consum.aktiosdigitalservices.com\/tol\/consum\/media\/product\/img\/300x300\/7047512.jpg?t=20250226075737"
    },
    {
        "id": 9587,
        "name": "Tinto de Verano Lim\u00f3n Botella Pet SANDEVID",
        "price": 1.99,
        "price_kilo": 1.33,
        "slug": "tinto-de-verano-limon-botella-pet",
        "description": "Tinto de Verano Lim\u00f3n Botella Pet 1,5 L",
        "image": "https:\/\/cdn-consum.aktiosdigitalservices.com\/tol\/consum\/media\/product\/img\/300x300\/7047520.jpg?t=20250222075722"
    },
    {
        "id": 9588,
        "name": "Horchata Granizada Pack de 4 Unidades MONZO",
        "price": 2.49,
        "price_kilo": 3.11,
        "slug": "horchata-granizada-pack-de-4-unidades",
        "description": "Horchata Granizada Pack de 4 Unidades 4 x 200 ml",
        "image": "https:\/\/cdn-consum.aktiosdigitalservices.com\/tol\/consum\/media\/product\/img\/300x300\/7053556.jpg?t=20250320075801"
    },
    {
        "id": 9589,
        "name": "Lim\u00f3n Granizado Pack de 4 Unidades MONZO",
        "price": 2.49,
        "price_kilo": 3.11,
        "slug": "limon-granizado-pack-de-4-unidades",
        "description": "Lim\u00f3n Granizado Pack de 4 Unidades 4 x 200 ml",
        "image": "https:\/\/cdn-consum.aktiosdigitalservices.com\/tol\/consum\/media\/product\/img\/300x300\/7053564.jpg?t=20250312125042"
    },
    {
        "id": 9590,
        "name": "Caf\u00e9 Granizado Pack de 4 Unidades MONZO",
        "price": 2.59,
        "price_kilo": 3.24,
        "slug": "cafe-granizado-pack-de-4-unidades",
        "description": "Caf\u00e9 Granizado Pack de 4 Unidades 4 x 200 ml",
        "image": "https:\/\/cdn-consum.aktiosdigitalservices.com\/tol\/consum\/media\/product\/img\/300x300\/7053569.jpg?t=20241217081010"
    },
    {
        "id": 9593,
        "name": "Cacao Soluble  0% Bote COLA CAO",
        "price": 4.39,
        "price_kilo": 13.51,
        "slug": "cacao-soluble-0-bote",
        "description": "Cacao Soluble  0% Bote 325 Gr",
        "image": "https:\/\/cdn-consum.aktiosdigitalservices.com\/tol\/consum\/media\/product\/img\/300x300\/7073158.jpg?t=20250311160730"
    },
    {
        "id": 9599,
        "name": "Vino Tinto Roble D.O.Ribera del Duero PROTOS",
        "price": 9.5,
        "price_kilo": 12.67,
        "slug": "vino-tinto-roble-doribera-del-duero",
        "description": "Vino Tinto Roble D.O.Ribera del Duero 0,75 L",
        "image": "https:\/\/cdn-consum.aktiosdigitalservices.com\/tol\/consum\/media\/product\/img\/300x300\/7102358.jpg?t=20250201075814"
    },
    {
        "id": 9601,
        "name": "Vino Blanco Semi Dulce D.O.Valencia JARDIN REAL",
        "price": 2,
        "price_kilo": 2.67,
        "slug": "vino-blanco-semi-dulce-dovalencia",
        "description": "Vino Blanco Semi Dulce D.O.Valencia 0,75 L",
        "image": "https:\/\/cdn-consum.aktiosdigitalservices.com\/tol\/consum\/media\/product\/img\/300x300\/7109465.jpg?t=20241217081020"
    },
    {
        "id": 9604,
        "name": "Magnum Mini Almendras Pack de 6 Unidades FRIGO",
        "price": 4.19,
        "price_kilo": 15.76,
        "slug": "magnum-mini-almendras-pack-de-6-unidades",
        "description": "Magnum Mini Almendras Pack de 6 Unidades 265,8 Gr",
        "image": "https:\/\/cdn-consum.aktiosdigitalservices.com\/tol\/consum\/media\/product\/img\/300x300\/7148570.jpg?t=20250312125210"
    },
    {
        "id": 9607,
        "name": "Margaritas con Vegetales Paquete CONSUM",
        "price": 1.02,
        "price_kilo": 2.04,
        "slug": "margaritas-con-vegetales-paquete",
        "description": "Margaritas con Vegetales Paquete 500 Gr",
        "image": "https:\/\/cdn-consum.aktiosdigitalservices.com\/tol\/consum\/media\/product\/img\/300x300\/7150894.jpg?t=20250228075948"
    },
    {
        "id": 9610,
        "name": "Insecticida Friegasuelos DESIC",
        "price": 4.59,
        "price_kilo": 6.12,
        "slug": "insecticida-friegasuelos",
        "description": "Insecticida Friegasuelos 750 ml",
        "image": "https:\/\/cdn-consum.aktiosdigitalservices.com\/tol\/consum\/media\/product\/img\/300x300\/7170298.jpg?t=20250318080032"
    },
    {
        "id": 9612,
        "name": "T\u00e9Slim Caja HORNIMANS",
        "price": 2.99,
        "price_kilo": 0.15,
        "slug": "teslim-caja",
        "description": "T\u00e9Slim Caja 20 U",
        "image": "https:\/\/cdn-consum.aktiosdigitalservices.com\/tol\/consum\/media\/product\/img\/300x300\/7176290.jpg?t=20250312160127"
    },
    {
        "id": 9613,
        "name": "Tinto de Verano Lim\u00f3n LA CASERA",
        "price": 1.99,
        "price_kilo": 1.33,
        "slug": "tinto-de-verano-limon",
        "description": "Tinto de Verano Lim\u00f3n 1,5 L",
        "image": "https:\/\/cdn-consum.aktiosdigitalservices.com\/tol\/consum\/media\/product\/img\/300x300\/7177202.jpg?t=20250227091125"
    },
    {
        "id": 9614,
        "name": "Tinto de Verano Cl\u00e1sico LA CASERA",
        "price": 1.99,
        "price_kilo": 1.33,
        "slug": "tinto-de-verano-clasico",
        "description": "Tinto de Verano Cl\u00e1sico 1,5 L",
        "image": "https:\/\/cdn-consum.aktiosdigitalservices.com\/tol\/consum\/media\/product\/img\/300x300\/7177228.jpg?t=20250227091130"
    },
    {
        "id": 9621,
        "name": "Polo Sorbete Horchata Pack de 6 Und. CONSUM",
        "price": 1.85,
        "price_kilo": 4.82,
        "slug": "polo-sorbete-horchata-pack-de-6-und",
        "description": "Polo Sorbete Horchata Pack de 6 Und. 384 Gr",
        "image": "https:\/\/cdn-consum.aktiosdigitalservices.com\/tol\/consum\/media\/product\/img\/300x300\/7192755.jpg?t=20241217081037"
    },
    {
        "id": 9622,
        "name": "Caff\u00e8 Latte Descafeinado KAIKU",
        "price": 1.79,
        "price_kilo": 7.78,
        "slug": "caffe-latte-descafeinado",
        "description": "Caff\u00e8 Latte Descafeinado 230 ml",
        "image": "https:\/\/cdn-consum.aktiosdigitalservices.com\/tol\/consum\/media\/product\/img\/300x300\/7194330.jpg?t=20241217081037"
    },
    {
        "id": 9624,
        "name": "Galleta Digestive FONTANEDA",
        "price": 3.99,
        "price_kilo": 5.7,
        "slug": "galleta-digestive",
        "description": "Galleta Digestive 700 Gr",
        "image": "https:\/\/cdn-consum.aktiosdigitalservices.com\/tol\/consum\/media\/product\/img\/300x300\/7194509.jpg?t=20250311105048"
    },
    {
        "id": 9625,
        "name": "Tinto de Verano Lim\u00f3n 0,0 sin Alcohol Lata LA CASERA",
        "price": 0.92,
        "price_kilo": 2.79,
        "slug": "tinto-de-verano-limon-00-sin-alcohol-lata",
        "description": "Tinto de Verano Lim\u00f3n 0,0 sin Alcohol Lata 330 ml",
        "image": "https:\/\/cdn-consum.aktiosdigitalservices.com\/tol\/consum\/media\/product\/img\/300x300\/7195154.jpg?t=20250201075902"
    },
    {
        "id": 9627,
        "name": "Vino Blanco D.O.Rioja EL COTO",
        "price": 4.35,
        "price_kilo": 5.8,
        "slug": "vino-blanco-dorioja",
        "description": "Vino Blanco D.O.Rioja 0,75 L",
        "image": "https:\/\/cdn-consum.aktiosdigitalservices.com\/tol\/consum\/media\/product\/img\/300x300\/7199453.jpg?t=20250303075808"
    },
    {
        "id": 9628,
        "name": "Frizzante Rosso Dolce Sangue Di Giuda B.MARTI",
        "price": 4.75,
        "price_kilo": 6.33,
        "slug": "frizzante-rosso-dolce-sangue-di-giuda",
        "description": "Frizzante Rosso Dolce Sangue Di Giuda 0,75 L",
        "image": "https:\/\/cdn-consum.aktiosdigitalservices.com\/tol\/consum\/media\/product\/img\/300x300\/7209328.jpg?t=20241217081042"
    },
    {
        "id": 9629,
        "name": "Caff\u00e8 Latte Vainilla KAIKU",
        "price": 1.79,
        "price_kilo": 7.78,
        "slug": "caffe-latte-vainilla",
        "description": "Caff\u00e8 Latte Vainilla 230 ml",
        "image": "https:\/\/cdn-consum.aktiosdigitalservices.com\/tol\/consum\/media\/product\/img\/300x300\/7214851.jpg?t=20250218080341"
    },
    {
        "id": 9631,
        "name": "Aceituna Cacere\u00f1a Negra Sin Hueso JOLCA",
        "price": 1.89,
        "price_kilo": 12.6,
        "slug": "aceituna-cacerena-negra-sin-hueso",
        "description": "Aceituna Cacere\u00f1a Negra Sin Hueso 150 Gr",
        "image": "https:\/\/cdn-consum.aktiosdigitalservices.com\/tol\/consum\/media\/product\/img\/300x300\/7215515.jpg?t=20250318080116"
    },
    {
        "id": 9638,
        "name": "Whisky Scotch CUTTY SARK",
        "price": 15.95,
        "price_kilo": 15.95,
        "slug": "whisky-scotch",
        "description": "Whisky Scotch 1 L",
        "image": "https:\/\/cdn-consum.aktiosdigitalservices.com\/tol\/consum\/media\/product\/img\/300x300\/7228492.jpg?t=20250312125407"
    },
    {
        "id": 9640,
        "name": "Lomo Adobado Extra LORIENTE",
        "price": 3.29,
        "price_kilo": 7.3,
        "slug": "lomo-adobado-extra",
        "description": "Lomo Adobado Extra",
        "image": "https:\/\/cdn-consum.aktiosdigitalservices.com\/tol\/consum\/media\/product\/img\/300x300\/7237100.jpg?t=20241217081054"
    },
    {
        "id": 9642,
        "name": "Ron A\u00f1ejo Dominicano CALIBRE 38",
        "price": 5.99,
        "price_kilo": 8.56,
        "slug": "ron-anejo-dominicano",
        "description": "Ron A\u00f1ejo Dominicano 0,7 L",
        "image": "https:\/\/cdn-consum.aktiosdigitalservices.com\/tol\/consum\/media\/product\/img\/300x300\/7237944.jpg?t=20250320075946"
    },
    {
        "id": 9645,
        "name": "Licor Vodka Blue SHARUSKA",
        "price": 6,
        "price_kilo": 8.57,
        "slug": "licor-vodka-blue",
        "description": "Licor Vodka Blue 0,7 L",
        "image": "https:\/\/cdn-consum.aktiosdigitalservices.com\/tol\/consum\/media\/product\/img\/300x300\/7239676.jpg?t=20250315075811"
    },
    {
        "id": 9657,
        "name": "Gazpacho Original ALVALLE",
        "price": 2.49,
        "price_kilo": 4.98,
        "slug": "gazpacho-original",
        "description": "Gazpacho Original 500 ml",
        "image": "https:\/\/cdn-consum.aktiosdigitalservices.com\/tol\/consum\/media\/product\/img\/300x300\/7242667.jpg?t=20250204080700"
    },
    {
        "id": 9661,
        "name": "Vino Rosado de Mesa Botella ROIXELA",
        "price": 1.75,
        "price_kilo": 1.75,
        "slug": "vino-rosado-de-mesa-botella",
        "description": "Vino Rosado de Mesa Botella 1 L",
        "image": "https:\/\/cdn-consum.aktiosdigitalservices.com\/tol\/consum\/media\/product\/img\/300x300\/7256084.jpg?t=20250227092222"
    },
    {
        "id": 9664,
        "name": "Vino Blanco de Mesa Brik PE\u00d1ASOL",
        "price": 1.59,
        "price_kilo": 1.59,
        "slug": "vino-blanco-de-mesa-brik",
        "description": "Vino Blanco de Mesa Brik 1 L",
        "image": "https:\/\/cdn-consum.aktiosdigitalservices.com\/tol\/consum\/media\/product\/img\/300x300\/7257376.jpg?t=20250206092727"
    },
    {
        "id": 9666,
        "name": "Queso Untar Natural Tarrina CONSUM",
        "price": 1.38,
        "price_kilo": 5.52,
        "slug": "queso-untar-natural-tarrina",
        "description": "Queso Untar Natural Tarrina 250 Gr",
        "image": "https:\/\/cdn-consum.aktiosdigitalservices.com\/tol\/consum\/media\/product\/img\/300x300\/7258390.jpg?t=20250304111216"
    },
    {
        "id": 9668,
        "name": "Salapipas Bolsa 4 Paquetes VELARTE",
        "price": 2.26,
        "price_kilo": 14.13,
        "slug": "salapipas-bolsa-4-paquetes",
        "description": "Salapipas Bolsa 4 Paquetes 4 x 40 Gr",
        "image": "https:\/\/cdn-consum.aktiosdigitalservices.com\/tol\/consum\/media\/product\/img\/300x300\/7264732.jpg?t=20250311105807"
    },
    {
        "id": 9669,
        "name": "Saladitos Bolsa 4 Paquetes VELARTE",
        "price": 1.35,
        "price_kilo": 11.25,
        "slug": "saladitos-bolsa-4-paquetes",
        "description": "Saladitos Bolsa 4 Paquetes 4 x 30 Gr",
        "image": "https:\/\/cdn-consum.aktiosdigitalservices.com\/tol\/consum\/media\/product\/img\/300x300\/7264740.jpg?t=20250311105810"
    },
    {
        "id": 9672,
        "name": "Cerveza Botella Cristal Pack 12 AMSTEL",
        "price": 6.24,
        "price_kilo": 2.08,
        "slug": "cerveza-botella-cristal-pack-12",
        "description": "Cerveza Botella Cristal Pack 12 12 x 0,25 L",
        "image": "https:\/\/cdn-consum.aktiosdigitalservices.com\/tol\/consum\/media\/product\/img\/300x300\/7265924.jpg?t=20250312125457"
    },
    {
        "id": 9674,
        "name": "Tinto de Verano Lim\u00f3n 0,0%Az\u00facar 0,0%Alcohol DON SIMON",
        "price": 1.55,
        "price_kilo": 1.03,
        "slug": "tinto-de-verano-limon-00azucar-00alcohol",
        "description": "Tinto de Verano Lim\u00f3n 0,0%Az\u00facar 0,0%Alcohol 1,5 L",
        "image": "https:\/\/cdn-consum.aktiosdigitalservices.com\/tol\/consum\/media\/product\/img\/300x300\/7266299.jpg?t=20250228080203"
    },
    {
        "id": 9676,
        "name": "Sangr\u00eda Brik PE\u00d1ASOL",
        "price": 1.15,
        "price_kilo": 1.15,
        "slug": "sangria-brik",
        "description": "Sangr\u00eda Brik 1 L",
        "image": "https:\/\/cdn-consum.aktiosdigitalservices.com\/tol\/consum\/media\/product\/img\/300x300\/7266740.jpg?t=20241217081107"
    },
    {
        "id": 9685,
        "name": "Prep. L\u00e1cteo Omega 3 Sin Lactosa Brik PULEVA",
        "price": 1.69,
        "price_kilo": 1.69,
        "slug": "prep-lacteo-omega-3-sin-lactosa-brik",
        "description": "Prep. L\u00e1cteo Omega 3 Sin Lactosa Brik 1 L",
        "image": "https:\/\/cdn-consum.aktiosdigitalservices.com\/tol\/consum\/media\/product\/img\/300x300\/7267842.jpg?t=20250313080412"
    },
    {
        "id": 9688,
        "name": "Refresco Guaran\u00e1 ANTARCTICA",
        "price": 0.95,
        "price_kilo": 2.88,
        "slug": "refresco-guarana",
        "description": "Refresco Guaran\u00e1 0,33 L",
        "image": "https:\/\/cdn-consum.aktiosdigitalservices.com\/tol\/consum\/media\/product\/img\/300x300\/7268639.jpg?t=20250211080100"
    },
    {
        "id": 9706,
        "name": "Gel Coco NAT.HONEY",
        "price": 1.45,
        "price_kilo": 1.93,
        "slug": "gel-coco",
        "description": "Gel Coco 75 ml",
        "image": "https:\/\/cdn-consum.aktiosdigitalservices.com\/tol\/consum\/media\/product\/img\/300x300\/7269673.jpg?t=20250204080843"
    },
    {
        "id": 9707,
        "name": "Filete de Lubina ",
        "price": 5.29,
        "price_kilo": 22.95,
        "slug": "filete-de-lubina",
        "description": "Filete de Lubina 200 Gr",
        "image": "https:\/\/cdn-consum.aktiosdigitalservices.com\/tol\/consum\/media\/product\/img\/300x300\/7269939.jpg?t=20250318080230"
    },
    {
        "id": 9708,
        "name": "Filete de Dorada ",
        "price": 4.1,
        "price_kilo": 20.5,
        "slug": "filete-de-dorada",
        "description": "Filete de Dorada 200 Gr",
        "image": "https:\/\/cdn-consum.aktiosdigitalservices.com\/tol\/consum\/media\/product\/img\/300x300\/7269967.jpg?t=20250318080231"
    },
    {
        "id": 9710,
        "name": "Deo Dove Crema DOVE",
        "price": 2.3,
        "price_kilo": 4.6,
        "slug": "deo-dove-crema",
        "description": "Deo Dove Crema 50 ml",
        "image": "https:\/\/cdn-consum.aktiosdigitalservices.com\/tol\/consum\/media\/product\/img\/300x300\/7270031.jpg?t=20241217081108"
    },
    {
        "id": 9730,
        "name": "Cacao Instant\u00e1neo Turbo COLA CAO",
        "price": 4.39,
        "price_kilo": 11.71,
        "slug": "cacao-instantaneo-turbo",
        "description": "Cacao Instant\u00e1neo Turbo 375 Gr",
        "image": "https:\/\/cdn-consum.aktiosdigitalservices.com\/tol\/consum\/media\/product\/img\/300x300\/3287273.jpg?t=20250311133038"
    },
    {
        "id": 9731,
        "name": "Maquinilla Xtreme 3 Desechable WILKINSON",
        "price": 6.99,
        "price_kilo": 1.75,
        "slug": "maquinilla-xtreme-3-desechable",
        "description": "Maquinilla Xtreme 3 Desechable 4 U",
        "image": "https:\/\/cdn-consum.aktiosdigitalservices.com\/tol\/consum\/media\/product\/img\/300x300\/3311149.jpg?t=20241217080957"
    },
    {
        "id": 9734,
        "name": "Rosquilletas Cereales Plus VELARTE",
        "price": 1.03,
        "price_kilo": 12.88,
        "slug": "rosquilletas-cereales-plus",
        "description": "Rosquilletas Cereales Plus 80 Gr",
        "image": "https:\/\/cdn-consum.aktiosdigitalservices.com\/tol\/consum\/media\/product\/img\/300x300\/7022643.jpg?t=20250311103826"
    },
    {
        "id": 9735,
        "name": "Queso Fresco sin Sal Pack de 4 Unidades CONSUM",
        "price": 1.66,
        "price_kilo": 6.64,
        "slug": "queso-fresco-sin-sal-pack-de-4-unidades",
        "description": "Queso Fresco sin Sal Pack de 4 Unidades 4 x 62,5 Gr",
        "image": "https:\/\/cdn-consum.aktiosdigitalservices.com\/tol\/consum\/media\/product\/img\/300x300\/7034411.jpg?t=20250103080306"
    },
    {
        "id": 9737,
        "name": "Palitos de Patatas Bolsa CONSUM",
        "price": 0.8,
        "price_kilo": 10.67,
        "slug": "palitos-de-patatas-bolsa",
        "description": "Palitos de Patatas Bolsa 75 Gr",
        "image": "https:\/\/cdn-consum.aktiosdigitalservices.com\/tol\/consum\/media\/product\/img\/300x300\/7056398.jpg?t=20250221075816"
    },
    {
        "id": 9742,
        "name": "Cortezas Morro-Torrezno Bolsa CONSUM",
        "price": 2.05,
        "price_kilo": 13.67,
        "slug": "cortezas-morro-torrezno-bolsa",
        "description": "Cortezas Morro-Torrezno Bolsa 150 Gr",
        "image": "https:\/\/cdn-consum.aktiosdigitalservices.com\/tol\/consum\/media\/product\/img\/300x300\/7062029.jpg?t=20250221075824"
    },
    {
        "id": 9744,
        "name": "Magdalenas Redondas CONSUM",
        "price": 1.39,
        "price_kilo": 3.86,
        "slug": "magdalenas-redondas",
        "description": "Magdalenas Redondas 350 Gr",
        "image": "https:\/\/cdn-consum.aktiosdigitalservices.com\/tol\/consum\/media\/product\/img\/300x300\/7069776.jpg?t=20250320075806"
    },
    {
        "id": 9745,
        "name": "Chococream Ba\u00f1ada Chocolate leche CONSUM",
        "price": 1.99,
        "price_kilo": 7.9,
        "slug": "chococream-banada-chocolate-leche",
        "description": "Chococream Ba\u00f1ada Chocolate leche 252 Gr",
        "image": "https:\/\/cdn-consum.aktiosdigitalservices.com\/tol\/consum\/media\/product\/img\/300x300\/7076821.jpg?t=20250311104207"
    },
    {
        "id": 9750,
        "name": "Ensalada Gourmet Bolsa CONSUM",
        "price": 1.06,
        "price_kilo": 6.06,
        "slug": "ensalada-gourmet-bolsa",
        "description": "Ensalada Gourmet Bolsa 175 Gr",
        "image": "https:\/\/cdn-consum.aktiosdigitalservices.com\/tol\/consum\/media\/product\/img\/300x300\/7100667.jpg?t=20250312125117"
    },
    {
        "id": 9757,
        "name": "Postre Gelificado Sabor Multifrutas Pack 6 CONSUM",
        "price": 1,
        "price_kilo": 1.67,
        "slug": "postre-gelificado-sabor-multifrutas-pack-6",
        "description": "Postre Gelificado Sabor Multifrutas Pack 6 6 x 100 Gr",
        "image": "https:\/\/cdn-consum.aktiosdigitalservices.com\/tol\/consum\/media\/product\/img\/300x300\/7167067.jpg?t=20241217081029"
    },
    {
        "id": 9765,
        "name": "Galletas Principe Estrella con Chocolate Blanco LU",
        "price": 2.75,
        "price_kilo": 12.22,
        "slug": "galletas-principe-estrella-con-chocolate-blanco",
        "description": "Galletas Principe Estrella con Chocolate Blanco 225 Gr",
        "image": "https:\/\/cdn-consum.aktiosdigitalservices.com\/tol\/consum\/media\/product\/img\/300x300\/7185361.jpg?t=20250311104948"
    },
    {
        "id": 9766,
        "name": "Torta de Aceite INES ROSALES",
        "price": 2.2,
        "price_kilo": 12.22,
        "slug": "torta-de-aceite",
        "description": "Torta de Aceite 180 Gr",
        "image": "https:\/\/cdn-consum.aktiosdigitalservices.com\/tol\/consum\/media\/product\/img\/300x300\/7193188.jpg?t=20250311105035"
    },
    {
        "id": 9769,
        "name": "Bizcocho Cake&choc Relleno de Chocolate 5 U MILKA",
        "price": 2.99,
        "price_kilo": 17.09,
        "slug": "bizcocho-cakechoc-relleno-de-chocolate-5-u",
        "description": "Bizcocho Cake&choc Relleno de Chocolate 5 U 175 Gr",
        "image": "https:\/\/cdn-consum.aktiosdigitalservices.com\/tol\/consum\/media\/product\/img\/300x300\/7200137.jpg?t=20250313080247"
    },
    {
        "id": 9774,
        "name": "Galleta Chocobiscuit MILKA",
        "price": 3.25,
        "price_kilo": 21.67,
        "slug": "galleta-chocobiscuit",
        "description": "Galleta Chocobiscuit 150 Gr",
        "image": "https:\/\/cdn-consum.aktiosdigitalservices.com\/tol\/consum\/media\/product\/img\/300x300\/7210958.jpg?t=20250311105206"
    },
    {
        "id": 9776,
        "name": "Lasa\u00f1a Vegetal congelada MAHESO",
        "price": 2.95,
        "price_kilo": 9.83,
        "slug": "lasana-vegetal-congelada",
        "description": "Lasa\u00f1a Vegetal congelada 300 Gr",
        "image": "https:\/\/cdn-consum.aktiosdigitalservices.com\/tol\/consum\/media\/product\/img\/300x300\/7213106.jpg?t=20250321075844"
    },
    {
        "id": 9777,
        "name": "Galleta Sandwich Chocolate sin Az\u00facares GULLON ZERO",
        "price": 1.85,
        "price_kilo": 7.4,
        "slug": "galleta-sandwich-chocolate-sin-azucares",
        "description": "Galleta Sandwich Chocolate sin Az\u00facares 250 Gr",
        "image": "https:\/\/cdn-consum.aktiosdigitalservices.com\/tol\/consum\/media\/product\/img\/300x300\/7213551.jpg?t=20250311105211"
    },
    {
        "id": 9780,
        "name": "Pat\u00e9 Suave Natural Pack de 2 LA PIARA",
        "price": 1.5,
        "price_kilo": 10,
        "slug": "pate-suave-natural-pack-de-2",
        "description": "Pat\u00e9 Suave Natural Pack de 2 2 x 75 Gr",
        "image": "https:\/\/cdn-consum.aktiosdigitalservices.com\/tol\/consum\/media\/product\/img\/300x300\/7218399.jpg?t=20241217081046"
    },
    {
        "id": 9782,
        "name": "Salsa Basilico Tarro BARILLA",
        "price": 2.99,
        "price_kilo": 7.48,
        "slug": "salsa-basilico-tarro",
        "description": "Salsa Basilico Tarro 400 Gr",
        "image": "https:\/\/cdn-consum.aktiosdigitalservices.com\/tol\/consum\/media\/product\/img\/300x300\/7220598.jpg?t=20250227091704"
    },
    {
        "id": 9783,
        "name": "Galletas Pr\u00edncipe Maxi Choc LU",
        "price": 2.55,
        "price_kilo": 10.2,
        "slug": "galletas-principe-maxi-choc",
        "description": "Galletas Pr\u00edncipe Maxi Choc 250 Gr",
        "image": "https:\/\/cdn-consum.aktiosdigitalservices.com\/tol\/consum\/media\/product\/img\/300x300\/7220945.jpg?t=20250311105312"
    },
    {
        "id": 9787,
        "name": "Crema de Calabac\u00edn Brik CONSUM",
        "price": 1.19,
        "price_kilo": 2.38,
        "slug": "crema-de-calabacin-brik",
        "description": "Crema de Calabac\u00edn Brik 0,5 L",
        "image": "https:\/\/cdn-consum.aktiosdigitalservices.com\/tol\/consum\/media\/product\/img\/300x300\/7226780.jpg?t=20241217081049"
    },
    {
        "id": 9788,
        "name": "Pasta Fresca Huerta Calabaza y Cebolla RANA",
        "price": 3.95,
        "price_kilo": 15.8,
        "slug": "pasta-fresca-huerta-calabaza-y-cebolla",
        "description": "Pasta Fresca Huerta Calabaza y Cebolla 250 Gr",
        "image": "https:\/\/cdn-consum.aktiosdigitalservices.com\/tol\/consum\/media\/product\/img\/300x300\/7230071.jpg?t=20250227091813"
    },
    {
        "id": 9790,
        "name": "Galleta Caramelizada 12 Packs 2 uds Biscoff LOTUS",
        "price": 1.55,
        "price_kilo": 8.33,
        "slug": "galleta-caramelizada-12-packs-2-uds-biscoff",
        "description": "Galleta Caramelizada 12 Packs 2 uds Biscoff 186 Gr",
        "image": "https:\/\/cdn-consum.aktiosdigitalservices.com\/tol\/consum\/media\/product\/img\/300x300\/7233039.jpg?t=20250312160313"
    },
    {
        "id": 9792,
        "name": "Centeno 16% ",
        "price": 0.94,
        "price_kilo": 8.17,
        "slug": "centeno-16",
        "description": "Centeno 16% 115 Gr",
        "image": "https:\/\/cdn-consum.aktiosdigitalservices.com\/tol\/consum\/media\/product\/img\/300x300\/7238673.jpg?t=20250228080112"
    },
    {
        "id": 9794,
        "name": "Galletas Dinosaurus Huevos Caja 4 Packs ARTIACH",
        "price": 2.49,
        "price_kilo": 17.79,
        "slug": "galletas-dinosaurus-huevos-caja-4-packs",
        "description": "Galletas Dinosaurus Huevos Caja 4 Packs 140 Gr",
        "image": "https:\/\/cdn-consum.aktiosdigitalservices.com\/tol\/consum\/media\/product\/img\/300x300\/7239262.jpg?t=20250312160329"
    },
    {
        "id": 9800,
        "name": "Lentejas con Verduras Lata LITORAL",
        "price": 1.8,
        "price_kilo": 4.24,
        "slug": "lentejas-con-verduras-lata",
        "description": "Lentejas con Verduras Lata 425 Gr",
        "image": "https:\/\/cdn-consum.aktiosdigitalservices.com\/tol\/consum\/media\/product\/img\/300x300\/7240802.jpg?t=20250311164559"
    },
    {
        "id": 9806,
        "name": "Maquinilla de Afeitar 3H Desechable NEXTGEN",
        "price": 1.95,
        "price_kilo": 0.49,
        "slug": "maquinilla-de-afeitar-3h-desechable",
        "description": "Maquinilla de Afeitar 3H Desechable 4 U",
        "image": "https:\/\/cdn-consum.aktiosdigitalservices.com\/tol\/consum\/media\/product\/img\/300x300\/7249340.jpg?t=20250311124555"
    },
    {
        "id": 9807,
        "name": "Galletas Desayuno con Leche y 5 Cereales CONSUM",
        "price": 1.75,
        "price_kilo": 4.38,
        "slug": "galletas-desayuno-con-leche-y-5-cereales",
        "description": "Galletas Desayuno con Leche y 5 Cereales 400 Gr",
        "image": "https:\/\/cdn-consum.aktiosdigitalservices.com\/tol\/consum\/media\/product\/img\/300x300\/7250822.jpg?t=20250311133736"
    },
    {
        "id": 9814,
        "name": "Natillas con Galleta Pack de 8 Unidades REINA",
        "price": 3.49,
        "price_kilo": 3.49,
        "slug": "natillas-con-galleta-pack-de-8-unidades",
        "description": "Natillas con Galleta Pack de 8 Unidades 8 x 125 Gr",
        "image": "https:\/\/cdn-consum.aktiosdigitalservices.com\/tol\/consum\/media\/product\/img\/300x300\/7254639.jpg?t=20250218080520"
    },
    {
        "id": 9816,
        "name": "Pan de Molde Centeno DULCESOL",
        "price": 2.64,
        "price_kilo": 3.3,
        "slug": "pan-de-molde-centeno",
        "description": "Pan de Molde Centeno 800 Gr",
        "image": "https:\/\/cdn-consum.aktiosdigitalservices.com\/tol\/consum\/media\/product\/img\/300x300\/7254907.jpg?t=20250313080353"
    },
    {
        "id": 9819,
        "name": "Tropical Ice Pack de 5 Unidades CONSUM",
        "price": 2.65,
        "price_kilo": 6.63,
        "slug": "tropical-ice-pack-de-5-unidades",
        "description": "Tropical Ice Pack de 5 Unidades 400 Gr",
        "image": "https:\/\/cdn-consum.aktiosdigitalservices.com\/tol\/consum\/media\/product\/img\/300x300\/7256662.jpg?t=20241217081103"
    },
    {
        "id": 9825,
        "name": "Crunchy de Pollo con Salsa Barbacoa congelat FRIPOZO",
        "price": 2.55,
        "price_kilo": 8.5,
        "slug": "crunchy-de-pollo-con-salsa-barbacoa-congelat",
        "description": "Crunchy de Pollo con Salsa Barbacoa congelat 300 Gr",
        "image": "https:\/\/cdn-consum.aktiosdigitalservices.com\/tol\/consum\/media\/product\/img\/300x300\/7260276.jpg?t=20241217081104"
    },
    {
        "id": 9827,
        "name": "Salsa Allioli Pet CHOVI",
        "price": 1.89,
        "price_kilo": 7.56,
        "slug": "salsa-allioli-pet",
        "description": "Salsa Allioli Pet 250 ml",
        "image": "https:\/\/cdn-consum.aktiosdigitalservices.com\/tol\/consum\/media\/product\/img\/300x300\/7262413.jpg?t=20250312125443"
    },
    {
        "id": 9836,
        "name": "Queso Cheddar Reserva Mature LEISTON",
        "price": 3.29,
        "price_kilo": 16.45,
        "slug": "queso-cheddar-reserva-mature",
        "description": "Queso Cheddar Reserva Mature 200 Gr",
        "image": "https:\/\/cdn-consum.aktiosdigitalservices.com\/tol\/consum\/media\/product\/img\/300x300\/7265742.jpg?t=20250205080236"
    },
    {
        "id": 9843,
        "name": "Pan Hogaza M. Madre Multicereales RUSTIK BAKER",
        "price": 2.83,
        "price_kilo": 7.08,
        "slug": "pan-hogaza-m-madre-multicereales",
        "description": "Pan Hogaza M. Madre Multicereales 400 Gr",
        "image": "https:\/\/cdn-consum.aktiosdigitalservices.com\/tol\/consum\/media\/product\/img\/300x300\/7267321.jpg?t=20250311105844"
    },
    {
        "id": 9844,
        "name": "Bebida de Avena Ecol\u00f3gica Brik YOSOY",
        "price": 1.99,
        "price_kilo": 1.99,
        "slug": "bebida-de-avena-ecologica-brik",
        "description": "Bebida de Avena Ecol\u00f3gica Brik 1 L",
        "image": "https:\/\/cdn-consum.aktiosdigitalservices.com\/tol\/consum\/media\/product\/img\/300x300\/7267821.jpg?t=20250311105849"
    },
    {
        "id": 9849,
        "name": "Pizza Barbacoa TARRADELLAS",
        "price": 3.19,
        "price_kilo": 7.25,
        "slug": "pizza-barbacoa",
        "description": "Pizza Barbacoa 440 Gr",
        "image": "https:\/\/cdn-consum.aktiosdigitalservices.com\/tol\/consum\/media\/product\/img\/300x300\/2633246.jpg?t=20241217080957"
    },
    {
        "id": 9855,
        "name": "Patata Lavada Malla Nueva ",
        "price": 5.4,
        "price_kilo": 1.8,
        "slug": "patata-lavada-malla-nueva",
        "description": "Patata Lavada Malla Nueva 3 Kg",
        "image": "https:\/\/cdn-consum.aktiosdigitalservices.com\/tol\/consum\/media\/product\/img\/300x300\/303677.jpg?t=20250204075823"
    },
    {
        "id": 9856,
        "name": "Curry Tarro DUCROS",
        "price": 2.59,
        "price_kilo": 6.17,
        "slug": "curry-tarro",
        "description": "Curry Tarro 42 Gr",
        "image": "https:\/\/cdn-consum.aktiosdigitalservices.com\/tol\/consum\/media\/product\/img\/300x300\/308890.jpg?t=20250206085801"
    },
    {
        "id": 9858,
        "name": "Levadura de Cerveza Bolsa NATURTIERRA",
        "price": 3.79,
        "price_kilo": 25.27,
        "slug": "levadura-de-cerveza-bolsa",
        "description": "Levadura de Cerveza Bolsa 150 Gr",
        "image": "https:\/\/cdn-consum.aktiosdigitalservices.com\/tol\/consum\/media\/product\/img\/300x300\/339085.jpg?t=20250311132750"
    },
    {
        "id": 9860,
        "name": "Refresco Lima Lim\u00f3n Botella SEVEN UP",
        "price": 1.59,
        "price_kilo": 0.8,
        "slug": "refresco-lima-limon-botella",
        "description": "Refresco Lima Lim\u00f3n Botella 2 L",
        "image": "https:\/\/cdn-consum.aktiosdigitalservices.com\/tol\/consum\/media\/product\/img\/300x300\/837963.jpg?t=20250204075935"
    },
    {
        "id": 9861,
        "name": "Pat\u00e9 de H\u00edgado de Cerdo Tapa Negra LA PIARA",
        "price": 1.99,
        "price_kilo": 26.53,
        "slug": "pate-de-higado-de-cerdo-tapa-negra",
        "description": "Pat\u00e9 de H\u00edgado de Cerdo Tapa Negra 75 Gr",
        "image": "https:\/\/cdn-consum.aktiosdigitalservices.com\/tol\/consum\/media\/product\/img\/300x300\/941625.jpg?t=20250206090244"
    },
    {
        "id": 9869,
        "name": "Pasta Fresca Huerta Boletus Edulis RANA",
        "price": 3.95,
        "price_kilo": 15.8,
        "slug": "pasta-fresca-huerta-boletus-edulis",
        "description": "Pasta Fresca Huerta Boletus Edulis 250 Gr",
        "image": "https:\/\/cdn-consum.aktiosdigitalservices.com\/tol\/consum\/media\/product\/img\/300x300\/5743570.jpg?t=20250218075951"
    },
    {
        "id": 9870,
        "name": "Arroz Especial Paella D.O. Valencia Paquete LA FALLERA",
        "price": 2.15,
        "price_kilo": 2.15,
        "slug": "arroz-especial-paella-do-valencia-paquete",
        "description": "Arroz Especial Paella D.O. Valencia Paquete 1 Kg",
        "image": "https:\/\/cdn-consum.aktiosdigitalservices.com\/tol\/consum\/media\/product\/img\/300x300\/7001746.jpg?t=20250322075803"
    },
    {
        "id": 9873,
        "name": "Caldo L\u00edquido  Pescado Brik ANETO",
        "price": 3.15,
        "price_kilo": 3.15,
        "slug": "caldo-liquido-pescado-brik",
        "description": "Caldo L\u00edquido  Pescado Brik 1 L",
        "image": "https:\/\/cdn-consum.aktiosdigitalservices.com\/tol\/consum\/media\/product\/img\/300x300\/7010143.jpg?t=20250227090324"
    },
    {
        "id": 9874,
        "name": "Refresco Lim\u00f3n Zero Botella FANTA",
        "price": 1.85,
        "price_kilo": 0.93,
        "slug": "refresco-limon-zero-botella",
        "description": "Refresco Lim\u00f3n Zero Botella 2 L",
        "image": "https:\/\/cdn-consum.aktiosdigitalservices.com\/tol\/consum\/media\/product\/img\/300x300\/7019748.jpg?t=20250227090342"
    },
    {
        "id": 9875,
        "name": "Aceitunas Rellenas de Anchoas Lata CONSUM",
        "price": 4.59,
        "price_kilo": 7.65,
        "slug": "aceitunas-rellenas-de-anchoas-lata",
        "description": "Aceitunas Rellenas de Anchoas Lata 600 Gr",
        "image": "https:\/\/cdn-consum.aktiosdigitalservices.com\/tol\/consum\/media\/product\/img\/300x300\/7034122.jpg?t=20250318075907"
    },
    {
        "id": 9877,
        "name": "Magro de Cerdo Lata CONSUM",
        "price": 2.59,
        "price_kilo": 11.77,
        "slug": "magro-de-cerdo-lata",
        "description": "Magro de Cerdo Lata 220 Gr",
        "image": "https:\/\/cdn-consum.aktiosdigitalservices.com\/tol\/consum\/media\/product\/img\/300x300\/7044949.jpg?t=20250204080153"
    },
    {
        "id": 9878,
        "name": "Danet de Vainilla Natillas Pack de 8 Und. DANONE",
        "price": 3.79,
        "price_kilo": 3.95,
        "slug": "danet-de-vainilla-natillas-pack-de-8-und",
        "description": "Danet de Vainilla Natillas Pack de 8 Und. 8 x 120 Gr",
        "image": "https:\/\/cdn-consum.aktiosdigitalservices.com\/tol\/consum\/media\/product\/img\/300x300\/7046535.jpg?t=20250227090434"
    },
    {
        "id": 9882,
        "name": "Bonito en Aceite de Oliva Tarro CONSUM",
        "price": 5.25,
        "price_kilo": 32.81,
        "slug": "bonito-en-aceite-de-oliva-tarro",
        "description": "Bonito en Aceite de Oliva Tarro 160 Gr",
        "image": "https:\/\/cdn-consum.aktiosdigitalservices.com\/tol\/consum\/media\/product\/img\/300x300\/7073484.jpg?t=20241217081014"
    },
    {
        "id": 9884,
        "name": "Calippo de Fresa Pack de 5 Unidades FRIGO",
        "price": 5.19,
        "price_kilo": 9.89,
        "slug": "calippo-de-fresa-pack-de-5-unidades",
        "description": "Calippo de Fresa Pack de 5 Unidades 525 Gr",
        "image": "https:\/\/cdn-consum.aktiosdigitalservices.com\/tol\/consum\/media\/product\/img\/300x300\/7081995.jpg?t=20250318080933"
    },
    {
        "id": 9886,
        "name": "Cocktail Cuatro Variantes en Vinagre Frasco CONSUM",
        "price": 1.45,
        "price_kilo": 6.44,
        "slug": "cocktail-cuatro-variantes-en-vinagre-frasco",
        "description": "Cocktail Cuatro Variantes en Vinagre Frasco 225 Gr",
        "image": "https:\/\/cdn-consum.aktiosdigitalservices.com\/tol\/consum\/media\/product\/img\/300x300\/7083348.jpg?t=20250211080556"
    },
    {
        "id": 9888,
        "name": "Mini Croissants CONSUM",
        "price": 1.35,
        "price_kilo": 5,
        "slug": "mini-croissants",
        "description": "Mini Croissants 270 Gr",
        "image": "https:\/\/cdn-consum.aktiosdigitalservices.com\/tol\/consum\/media\/product\/img\/300x300\/7089738.jpg?t=20250312092745"
    },
    {
        "id": 9893,
        "name": "Ensalada Campestre Bolsa CONSUM",
        "price": 1.35,
        "price_kilo": 7.71,
        "slug": "ensalada-campestre-bolsa",
        "description": "Ensalada Campestre Bolsa 175 Gr",
        "image": "https:\/\/cdn-consum.aktiosdigitalservices.com\/tol\/consum\/media\/product\/img\/300x300\/7116601.jpg?t=20250121080055"
    },
    {
        "id": 9897,
        "name": "Tartaleta Chocolate con Leche CONSUM",
        "price": 1.75,
        "price_kilo": 7.42,
        "slug": "tartaleta-chocolate-con-leche",
        "description": "Tartaleta Chocolate con Leche 235,80 Gr",
        "image": "https:\/\/cdn-consum.aktiosdigitalservices.com\/tol\/consum\/media\/product\/img\/300x300\/7154537.jpg?t=20250311133417"
    },
    {
        "id": 9902,
        "name": "Ensalada Mixta Bolsa FLORETTE",
        "price": 1.39,
        "price_kilo": 9.27,
        "slug": "ensalada-mixta-bolsa",
        "description": "Ensalada Mixta Bolsa 150 Gr",
        "image": "https:\/\/cdn-consum.aktiosdigitalservices.com\/tol\/consum\/media\/product\/img\/300x300\/7164346.jpg?t=20250318080026"
    },
    {
        "id": 9904,
        "name": "Mini Bombones de 3 Chocolates-Caramelo CONSUM",
        "price": 2.99,
        "price_kilo": 10.68,
        "slug": "mini-bombones-de-3-chocolates-caramelo",
        "description": "Mini Bombones de 3 Chocolates-Caramelo 280 Gr",
        "image": "https:\/\/cdn-consum.aktiosdigitalservices.com\/tol\/consum\/media\/product\/img\/300x300\/7167471.jpg?t=20250304105926"
    },
    {
        "id": 9905,
        "name": "Bomb\u00f3n Caramelo Pack de 4 Unidades CONSUM",
        "price": 2.59,
        "price_kilo": 10.28,
        "slug": "bombon-caramelo-pack-de-4-unidades",
        "description": "Bomb\u00f3n Caramelo Pack de 4 Unidades 252 Gr",
        "image": "https:\/\/cdn-consum.aktiosdigitalservices.com\/tol\/consum\/media\/product\/img\/300x300\/7167476.jpg?t=20241217081029"
    },
    {
        "id": 9906,
        "name": "Refresco de Lima-Lim\u00f3n Botella CONSUM",
        "price": 0.95,
        "price_kilo": 0.48,
        "slug": "refresco-de-lima-limon-botella",
        "description": "Refresco de Lima-Lim\u00f3n Botella 2 L",
        "image": "https:\/\/cdn-consum.aktiosdigitalservices.com\/tol\/consum\/media\/product\/img\/300x300\/7169001.jpg?t=20250207075918"
    },
    {
        "id": 9910,
        "name": "Antipolilla colgador lavanda EFI-PROTECT",
        "price": 1.25,
        "price_kilo": 0.63,
        "slug": "antipolilla-colgador-lavanda",
        "description": "Antipolilla colgador lavanda 2 U",
        "image": "https:\/\/cdn-consum.aktiosdigitalservices.com\/tol\/consum\/media\/product\/img\/300x300\/7171564.jpg?t=20241217081030"
    },
    {
        "id": 9914,
        "name": "Caldo Casero Verduras Brik G.BLANCA",
        "price": 2.2,
        "price_kilo": 2.2,
        "slug": "caldo-casero-verduras-brik",
        "description": "Caldo Casero Verduras Brik 1 L",
        "image": "https:\/\/cdn-consum.aktiosdigitalservices.com\/tol\/consum\/media\/product\/img\/300x300\/7189970.jpg?t=20250206091837"
    },
    {
        "id": 9916,
        "name": "Copa de Chocolate Nata Pack de 2 Unidades DANONE",
        "price": 1.99,
        "price_kilo": 9.05,
        "slug": "copa-de-chocolate-nata-pack-de-2-unidades",
        "description": "Copa de Chocolate Nata Pack de 2 Unidades 2 x 110 Gr",
        "image": "https:\/\/cdn-consum.aktiosdigitalservices.com\/tol\/consum\/media\/product\/img\/300x300\/7195340.jpg?t=20250218080301"
    },
    {
        "id": 9917,
        "name": "Vino Fino D.O.Montilla Moriles SO\u00d1ADOR",
        "price": 3.1,
        "price_kilo": 4.13,
        "slug": "vino-fino-domontilla-moriles",
        "description": "Vino Fino D.O.Montilla Moriles 0,75 L",
        "image": "https:\/\/cdn-consum.aktiosdigitalservices.com\/tol\/consum\/media\/product\/img\/300x300\/7196483.jpg?t=20250211075946"
    },
    {
        "id": 9919,
        "name": "Caf\u00e9 Refrigerado Caramel Starbucks Macchiato STARBUCKS",
        "price": 1.99,
        "price_kilo": 9.05,
        "slug": "cafe-refrigerado-caramel-starbucks-macchiato",
        "description": "Caf\u00e9 Refrigerado Caramel Starbucks Macchiato 220 ml",
        "image": "https:\/\/cdn-consum.aktiosdigitalservices.com\/tol\/consum\/media\/product\/img\/300x300\/7198583.jpg?t=20250227091345"
    },
    {
        "id": 9928,
        "name": "Refresco Cola Cero sin Cafe\u00edna Botella CONSUM",
        "price": 0.75,
        "price_kilo": 0.38,
        "slug": "refresco-cola-cero-sin-cafeina-botella",
        "description": "Refresco Cola Cero sin Cafe\u00edna Botella 2 L",
        "image": "https:\/\/cdn-consum.aktiosdigitalservices.com\/tol\/consum\/media\/product\/img\/300x300\/7213317.jpg?t=20241217081044"
    },
    {
        "id": 9930,
        "name": "Galleta Rellena Chocolate Pack de 3 LU",
        "price": 4.85,
        "price_kilo": 5.39,
        "slug": "galleta-rellena-chocolate-pack-de-3",
        "description": "Galleta Rellena Chocolate Pack de 3 3 x 300 Gr",
        "image": "https:\/\/cdn-consum.aktiosdigitalservices.com\/tol\/consum\/media\/product\/img\/300x300\/7214476.jpg?t=20250312160247"
    },
    {
        "id": 9934,
        "name": "Refresco Naranja Pet Zero TRINA",
        "price": 1.3,
        "price_kilo": 0.87,
        "slug": "refresco-naranja-pet-zero",
        "description": "Refresco Naranja Pet Zero 1,5 L",
        "image": "https:\/\/cdn-consum.aktiosdigitalservices.com\/tol\/consum\/media\/product\/img\/300x300\/7217276.jpg?t=20250311133611"
    },
    {
        "id": 9936,
        "name": "Galleta Sandwich Choco Pause MILKA",
        "price": 3.25,
        "price_kilo": 12.5,
        "slug": "galleta-sandwich-choco-pause",
        "description": "Galleta Sandwich Choco Pause 260 Gr",
        "image": "https:\/\/cdn-consum.aktiosdigitalservices.com\/tol\/consum\/media\/product\/img\/300x300\/7223316.jpg?t=20250311105330"
    },
    {
        "id": 9939,
        "name": "Salsa Miel y Mostaza HEINZ",
        "price": 3.75,
        "price_kilo": 9.38,
        "slug": "salsa-miel-y-mostaza",
        "description": "Salsa Miel y Mostaza 400 ml",
        "image": "https:\/\/cdn-consum.aktiosdigitalservices.com\/tol\/consum\/media\/product\/img\/300x300\/7225522.jpg?t=20250109100207"
    },
    {
        "id": 9940,
        "name": "Tortillas de Trigo Integrales 6 Unidades OLD EL PASO",
        "price": 2.89,
        "price_kilo": 8.26,
        "slug": "tortillas-de-trigo-integrales-6-unidades",
        "description": "Tortillas de Trigo Integrales 6 Unidades 350 Gr",
        "image": "https:\/\/cdn-consum.aktiosdigitalservices.com\/tol\/consum\/media\/product\/img\/300x300\/7226496.jpg?t=20250311133635"
    },
    {
        "id": 9941,
        "name": "Agua Mineral con Gas Botella Pet PERRIER",
        "price": 1.49,
        "price_kilo": 1.49,
        "slug": "agua-mineral-con-gas-botella-pet",
        "description": "Agua Mineral con Gas Botella Pet 1 L",
        "image": "https:\/\/cdn-consum.aktiosdigitalservices.com\/tol\/consum\/media\/product\/img\/300x300\/7226843.jpg?t=20250204080601"
    },
    {
        "id": 9947,
        "name": "Mini Empanadilla de At\u00fan con Olivas 6 Und. ",
        "price": 2.55,
        "price_kilo": 11.33,
        "slug": "mini-empanadilla-de-atun-con-olivas-6-und",
        "description": "Mini Empanadilla de At\u00fan con Olivas 6 Und. 225 Gr",
        "image": "https:\/\/cdn-consum.aktiosdigitalservices.com\/tol\/consum\/media\/product\/img\/300x300\/7235877.jpg?t=20250320075938"
    },
    {
        "id": 9950,
        "name": "Batido Sustitutivo Sabor Chocolate BICENTURY",
        "price": 7.75,
        "price_kilo": 34.44,
        "slug": "batido-sustitutivo-sabor-chocolate",
        "description": "Batido Sustitutivo Sabor Chocolate 225 Gr",
        "image": "https:\/\/cdn-consum.aktiosdigitalservices.com\/tol\/consum\/media\/product\/img\/300x300\/7237290.jpg?t=20250311133704"
    },
    {
        "id": 9951,
        "name": "Cornetto Mini Classico Pack de 6+2 Unidades FRIGO",
        "price": 4.89,
        "price_kilo": 16.98,
        "slug": "cornetto-mini-classico-pack-de-62-unidades",
        "description": "Cornetto Mini Classico Pack de 6+2 Unidades 288 Gr",
        "image": "https:\/\/cdn-consum.aktiosdigitalservices.com\/tol\/consum\/media\/product\/img\/300x300\/7237589.jpg?t=20250304110841"
    },
    {
        "id": 9958,
        "name": "Arroz con Leche Pack de 4 Unidades REINA",
        "price": 2.29,
        "price_kilo": 4.4,
        "slug": "arroz-con-leche-pack-de-4-unidades",
        "description": "Arroz con Leche Pack de 4 Unidades 4 x 130 Gr",
        "image": "https:\/\/cdn-consum.aktiosdigitalservices.com\/tol\/consum\/media\/product\/img\/300x300\/7242209.jpg?t=20250227092018"
    },
    {
        "id": 9961,
        "name": "Ensalada Gourmet Primeros Brotes FLORETTE",
        "price": 1.75,
        "price_kilo": 17.5,
        "slug": "ensalada-gourmet-primeros-brotes",
        "description": "Ensalada Gourmet Primeros Brotes 100 Gr",
        "image": "https:\/\/cdn-consum.aktiosdigitalservices.com\/tol\/consum\/media\/product\/img\/300x300\/7242683.jpg?t=20250318080158"
    },
    {
        "id": 9963,
        "name": "Cocktail Aceituna Verde Negra-Cebollita-Pepinillo JOLCA",
        "price": 1.99,
        "price_kilo": 10.76,
        "slug": "cocktail-aceituna-verde-negra-cebollita-pepinillo",
        "description": "Cocktail Aceituna Verde Negra-Cebollita-Pepinillo 185 Gr",
        "image": "https:\/\/cdn-consum.aktiosdigitalservices.com\/tol\/consum\/media\/product\/img\/300x300\/7243731.jpg?t=20250311164559"
    },
    {
        "id": 9967,
        "name": "Zumo Tropical Brik CONSUM",
        "price": 1.59,
        "price_kilo": 1.59,
        "slug": "zumo-tropical-brik",
        "description": "Zumo Tropical Brik 1 L",
        "image": "https:\/\/cdn-consum.aktiosdigitalservices.com\/tol\/consum\/media\/product\/img\/300x300\/7245926.jpg?t=20250121080320"
    },
    {
        "id": 9969,
        "name": "Galleta Desayuno sin Az\u00facares GULLON ZERO",
        "price": 2.15,
        "price_kilo": 9.95,
        "slug": "galleta-desayuno-sin-azucares",
        "description": "Galleta Desayuno sin Az\u00facares 216 Gr",
        "image": "https:\/\/cdn-consum.aktiosdigitalservices.com\/tol\/consum\/media\/product\/img\/300x300\/7246304.jpg?t=20250311105615"
    },
    {
        "id": 9985,
        "name": "Bomb\u00f3n Magnum Double Chocolate 85 Ml. x 3 Und FRIGO",
        "price": 4.99,
        "price_kilo": 24.11,
        "slug": "bombon-magnum-double-chocolate-85-ml-x-3-und",
        "description": "Bomb\u00f3n Magnum Double Chocolate 85 Ml. x 3 Und 69Gr",
        "image": "https:\/\/cdn-consum.aktiosdigitalservices.com\/tol\/consum\/media\/product\/img\/300x300\/7260326.jpg?t=20250218080523"
    },
    {
        "id": 9988,
        "name": "Gel Exfoliante Pure Active Carb\u00f3n 3 en 1 GARNIER",
        "price": 5.99,
        "price_kilo": 3.99,
        "slug": "gel-exfoliante-pure-active-carbon-3-en-1",
        "description": "Gel Exfoliante Pure Active Carb\u00f3n 3 en 1 150 ml",
        "image": "https:\/\/cdn-consum.aktiosdigitalservices.com\/tol\/consum\/media\/product\/img\/300x300\/7261659.jpg?t=20250206092805"
    },
    {
        "id": 9991,
        "name": "Galleta Animals Tostada CONSUM KIDS",
        "price": 1.5,
        "price_kilo": 2.5,
        "slug": "galleta-animals-tostada",
        "description": "Galleta Animals Tostada 600 Gr",
        "image": "https:\/\/cdn-consum.aktiosdigitalservices.com\/tol\/consum\/media\/product\/img\/300x300\/7262897.jpg?t=20250311133759"
    },
    {
        "id": 9995,
        "name": "Bebida Energ\u00e9tica Light Ultra Lata MONSTER",
        "price": 1.79,
        "price_kilo": 3.58,
        "slug": "bebida-energetica-light-ultra-lata",
        "description": "Bebida Energ\u00e9tica Light Ultra Lata 0,5 L",
        "image": "https:\/\/cdn-consum.aktiosdigitalservices.com\/tol\/consum\/media\/product\/img\/300x300\/7265960.jpg?t=20250320080020"
    },
    {
        "id": 10017,
        "name": "Queso Brie Cu\u00f1a PRESIDENT",
        "price": 3.35,
        "price_kilo": 16.75,
        "slug": "queso-brie-cuna",
        "description": "Queso Brie Cu\u00f1a 200 Gr",
        "image": "https:\/\/cdn-consum.aktiosdigitalservices.com\/tol\/consum\/media\/product\/img\/300x300\/219238.jpg?t=20250312155637"
    },
    {
        "id": 10018,
        "name": "Pizza At\u00fan y Bac\u00f3n TARRADELLAS",
        "price": 3.19,
        "price_kilo": 7.88,
        "slug": "pizza-atun-y-bacon",
        "description": "Pizza At\u00fan y Bac\u00f3n 405 Gr",
        "image": "https:\/\/cdn-consum.aktiosdigitalservices.com\/tol\/consum\/media\/product\/img\/300x300\/505677.jpg?t=20241217080950"
    },
    {
        "id": 10024,
        "name": "Insecticida Permanente Spray ORO",
        "price": 5.89,
        "price_kilo": 7.85,
        "slug": "insecticida-permanente-spray",
        "description": "Insecticida Permanente Spray 750 ml",
        "image": "https:\/\/cdn-consum.aktiosdigitalservices.com\/tol\/consum\/media\/product\/img\/300x300\/7021546.jpg?t=20250313075951"
    },
    {
        "id": 10025,
        "name": "Mayonesa Bocabajo YBARRA",
        "price": 2.25,
        "price_kilo": 4.5,
        "slug": "mayonesa-bocabajo",
        "description": "Mayonesa Bocabajo 500 ml",
        "image": "https:\/\/cdn-consum.aktiosdigitalservices.com\/tol\/consum\/media\/product\/img\/300x300\/7027980.jpg?t=20250222075717"
    },
    {
        "id": 10026,
        "name": "C\u00f3ctel Frutos Secos C\u00e1scara Bolsa CONSUM",
        "price": 1.75,
        "price_kilo": 7,
        "slug": "coctel-frutos-secos-cascara-bolsa",
        "description": "C\u00f3ctel Frutos Secos C\u00e1scara Bolsa 250 Gr",
        "image": "https:\/\/cdn-consum.aktiosdigitalservices.com\/tol\/consum\/media\/product\/img\/300x300\/7034296.jpg?t=20250312092742"
    },
    {
        "id": 10027,
        "name": "Aceitunas Sabor Anchoa con Hueso en Lata JOLCA",
        "price": 2.19,
        "price_kilo": 11.84,
        "slug": "aceitunas-sabor-anchoa-con-hueso-en-lata",
        "description": "Aceitunas Sabor Anchoa con Hueso en Lata 185 Gr",
        "image": "https:\/\/cdn-consum.aktiosdigitalservices.com\/tol\/consum\/media\/product\/img\/300x300\/7037547.jpg?t=20250318075909"
    },
    {
        "id": 10028,
        "name": "Mejillones en Escabeche 4\/6 Piezas NAVAL",
        "price": 3.79,
        "price_kilo": 52.64,
        "slug": "mejillones-en-escabeche-4-6-piezas",
        "description": "Mejillones en Escabeche 4\/6 Piezas 72 Gr",
        "image": "https:\/\/cdn-consum.aktiosdigitalservices.com\/tol\/consum\/media\/product\/img\/300x300\/7042018.jpg?t=20250311164535"
    },
    {
        "id": 10029,
        "name": "Postre Sabor Galleta Pack de 2 Unidades LA LECHERA",
        "price": 1.65,
        "price_kilo": 6.6,
        "slug": "postre-sabor-galleta-pack-de-2-unidades",
        "description": "Postre Sabor Galleta Pack de 2 Unidades 2 x 125 Gr",
        "image": "https:\/\/cdn-consum.aktiosdigitalservices.com\/tol\/consum\/media\/product\/img\/300x300\/7043276.jpg?t=20250227090422"
    },
    {
        "id": 10033,
        "name": "Antipolillas-Anti\u00e1caros Lavanda Fresca ORION",
        "price": 2.85,
        "price_kilo": 0.14,
        "slug": "antipolillas-antiacaros-lavanda-fresca",
        "description": "Antipolillas-Anti\u00e1caros Lavanda Fresca 20 U",
        "image": "https:\/\/cdn-consum.aktiosdigitalservices.com\/tol\/consum\/media\/product\/img\/300x300\/7045243.jpg?t=20241217081008"
    },
    {
        "id": 10034,
        "name": "Kiwi Green Selecci\u00f3n Bandeja ZESPRI",
        "price": 3.59,
        "price_kilo": 7.18,
        "slug": "kiwi-green-seleccion-bandeja",
        "description": "Kiwi Green Selecci\u00f3n Bandeja 500 Gr",
        "image": "https:\/\/cdn-consum.aktiosdigitalservices.com\/tol\/consum\/media\/product\/img\/300x300\/7052145.jpg?t=20250318080932"
    },
    {
        "id": 10037,
        "name": "Horchata Granizada MONZO",
        "price": 2.79,
        "price_kilo": 2.79,
        "slug": "horchata-granizada",
        "description": "Horchata Granizada 1 L",
        "image": "https:\/\/cdn-consum.aktiosdigitalservices.com\/tol\/consum\/media\/product\/img\/300x300\/7063030.jpg?t=20250318080933"
    },
    {
        "id": 10043,
        "name": "Spaguettis al Huevo CONSUM",
        "price": 1.25,
        "price_kilo": 5,
        "slug": "spaguettis-al-huevo",
        "description": "Spaguettis al Huevo 250 Gr",
        "image": "https:\/\/cdn-consum.aktiosdigitalservices.com\/tol\/consum\/media\/product\/img\/300x300\/7096402.jpg?t=20250103080535"
    },
    {
        "id": 10044,
        "name": "Mayonesa Bocabajo HELLMANN'S",
        "price": 3.49,
        "price_kilo": 8.12,
        "slug": "mayonesa-bocabajo",
        "description": "Mayonesa Bocabajo 430 ml",
        "image": "https:\/\/cdn-consum.aktiosdigitalservices.com\/tol\/consum\/media\/product\/img\/300x300\/7102234.jpg?t=20250313080049"
    },
    {
        "id": 10045,
        "name": "Salsa Fresca al Pesto Verde RANA",
        "price": 2.4,
        "price_kilo": 17.14,
        "slug": "salsa-fresca-al-pesto-verde",
        "description": "Salsa Fresca al Pesto Verde 140 Gr",
        "image": "https:\/\/cdn-consum.aktiosdigitalservices.com\/tol\/consum\/media\/product\/img\/300x300\/7120835.jpg?t=20250312125148"
    },
    {
        "id": 10047,
        "name": "Queso Cabra Medall\u00f3n GRANJA RINYA",
        "price": 1.28,
        "price_kilo": 17.07,
        "slug": "queso-cabra-medallon",
        "description": "Queso Cabra Medall\u00f3n 75 Gr",
        "image": "https:\/\/cdn-consum.aktiosdigitalservices.com\/tol\/consum\/media\/product\/img\/300x300\/7140168.jpg?t=20250206091332"
    },
    {
        "id": 10048,
        "name": "Aceituna Manzanilla Frasco JOLCA",
        "price": 4.89,
        "price_kilo": 11.64,
        "slug": "aceituna-manzanilla-frasco",
        "description": "Aceituna Manzanilla Frasco 420 Gr",
        "image": "https:\/\/cdn-consum.aktiosdigitalservices.com\/tol\/consum\/media\/product\/img\/300x300\/7147965.jpg?t=20250318080012"
    },
    {
        "id": 10049,
        "name": "Maxibon Cookies Pack de 4 Unidades NESTLE",
        "price": 5.99,
        "price_kilo": 16.64,
        "slug": "maxibon-cookies-pack-de-4-unidades",
        "description": "Maxibon Cookies Pack de 4 Unidades 360 Gr",
        "image": "https:\/\/cdn-consum.aktiosdigitalservices.com\/tol\/consum\/media\/product\/img\/300x300\/7148398.jpg?t=20250320075841"
    },
    {
        "id": 10052,
        "name": "C\u00f3ctel Frutos Secos Especial Premiun CONSUM",
        "price": 2.25,
        "price_kilo": 22.5,
        "slug": "coctel-frutos-secos-especial-premiun",
        "description": "C\u00f3ctel Frutos Secos Especial Premiun 100 Gr",
        "image": "https:\/\/cdn-consum.aktiosdigitalservices.com\/tol\/consum\/media\/product\/img\/300x300\/7157907.jpg?t=20241217081027"
    },
    {
        "id": 10060,
        "name": "Ap\u00f3sitos Alta Protecci\u00f3n PHARMADOCT",
        "price": 1.55,
        "price_kilo": 0.39,
        "slug": "apositos-alta-proteccion",
        "description": "Ap\u00f3sitos Alta Protecci\u00f3n 4 U",
        "image": "https:\/\/cdn-consum.aktiosdigitalservices.com\/tol\/consum\/media\/product\/img\/300x300\/7174936.jpg?t=20241217081030"
    },
    {
        "id": 10074,
        "name": "Rebozado Crujiente Sin Gluten ESGIR",
        "price": 1.5,
        "price_kilo": 7.5,
        "slug": "rebozado-crujiente-sin-gluten",
        "description": "Rebozado Crujiente Sin Gluten 200 Gr",
        "image": "https:\/\/cdn-consum.aktiosdigitalservices.com\/tol\/consum\/media\/product\/img\/300x300\/7203313.jpg?t=20250311124410"
    },
    {
        "id": 10080,
        "name": "Pat\u00e9 H\u00edgado de Cerdo Suave Pack de 3 APIS",
        "price": 2.35,
        "price_kilo": 9.79,
        "slug": "pate-higado-de-cerdo-suave-pack-de-3",
        "description": "Pat\u00e9 H\u00edgado de Cerdo Suave Pack de 3 240 Gr",
        "image": "https:\/\/cdn-consum.aktiosdigitalservices.com\/tol\/consum\/media\/product\/img\/300x300\/7220635.jpg?t=20250318080120"
    },
    {
        "id": 10093,
        "name": "Queso Havarti Light Lonchas ARLA",
        "price": 3.45,
        "price_kilo": 19.71,
        "slug": "queso-havarti-light-lonchas",
        "description": "Queso Havarti Light Lonchas 175 Gr",
        "image": "https:\/\/cdn-consum.aktiosdigitalservices.com\/tol\/consum\/media\/product\/img\/300x300\/7240179.jpg?t=20250227091950"
    },
    {
        "id": 10097,
        "name": "Plum Cake M\u00e1rmol DULCESOL",
        "price": 2.15,
        "price_kilo": 5.38,
        "slug": "plum-cake-marmol",
        "description": "Plum Cake M\u00e1rmol 400 Gr",
        "image": "https:\/\/cdn-consum.aktiosdigitalservices.com\/tol\/consum\/media\/product\/img\/300x300\/7241933.jpg?t=20250312160340"
    },
    {
        "id": 10100,
        "name": "Pan Rallado Crujiente Paquete FRUMEN",
        "price": 1.47,
        "price_kilo": 3.87,
        "slug": "pan-rallado-crujiente-paquete",
        "description": "Pan Rallado Crujiente Paquete 380 Gr",
        "image": "https:\/\/cdn-consum.aktiosdigitalservices.com\/tol\/consum\/media\/product\/img\/300x300\/7243715.jpg?t=20250228080122"
    },
    {
        "id": 10101,
        "name": "Aceituna con Guindilla Picante KIMBO",
        "price": 3.4,
        "price_kilo": 22.67,
        "slug": "aceituna-con-guindilla-picante",
        "description": "Aceituna con Guindilla Picante 150 Gr",
        "image": "https:\/\/cdn-consum.aktiosdigitalservices.com\/tol\/consum\/media\/product\/img\/300x300\/7243827.jpg?t=20250206092517"
    },
    {
        "id": 10106,
        "name": "Mini Brocheta Curry CONSUM",
        "price": 2.99,
        "price_kilo": 12.46,
        "slug": "mini-brocheta-curry",
        "description": "Mini Brocheta Curry 240 Gr",
        "image": "https:\/\/cdn-consum.aktiosdigitalservices.com\/tol\/consum\/media\/product\/img\/300x300\/7246668.jpg?t=20241217081057"
    },
    {
        "id": 10116,
        "name": "Az\u00facar Moreno Bolsa NATURTIERRA",
        "price": 2.89,
        "price_kilo": 5.78,
        "slug": "azucar-moreno-bolsa",
        "description": "Az\u00facar Moreno Bolsa 500 Gr",
        "image": "https:\/\/cdn-consum.aktiosdigitalservices.com\/tol\/consum\/media\/product\/img\/300x300\/7256886.jpg?t=20250312092755"
    },
    {
        "id": 10119,
        "name": "Suero Fisiol\u00f3gico Monodosis SENTI-2",
        "price": 3.3,
        "price_kilo": 0.11,
        "slug": "suero-fisiologico-monodosis",
        "description": "Suero Fisiol\u00f3gico Monodosis 30 U",
        "image": "https:\/\/cdn-consum.aktiosdigitalservices.com\/tol\/consum\/media\/product\/img\/300x300\/7257959.jpg?t=20250213080032"
    },
    {
        "id": 10121,
        "name": "Crema Depilatoria VEET",
        "price": 5,
        "price_kilo": 2.5,
        "slug": "crema-depilatoria",
        "description": "Crema Depilatoria 200 ml",
        "image": "https:\/\/cdn-consum.aktiosdigitalservices.com\/tol\/consum\/media\/product\/img\/300x300\/7260743.jpg?t=20250206092800"
    },
    {
        "id": 10122,
        "name": "Yogur Griego con Capa Mora - Frambuesa CONSUM",
        "price": 1.79,
        "price_kilo": 3.58,
        "slug": "yogur-griego-con-capa-mora---frambuesa",
        "description": "Yogur Griego con Capa Mora - Frambuesa 4 x 125 Gr",
        "image": "https:\/\/cdn-consum.aktiosdigitalservices.com\/tol\/consum\/media\/product\/img\/300x300\/7260834.jpg?t=20250304111237"
    },
    {
        "id": 10125,
        "name": "Tamp\u00f3n Pearl Super Plus TAMPAX",
        "price": 4.59,
        "price_kilo": 0.19,
        "slug": "tampon-pearl-super-plus",
        "description": "Tamp\u00f3n Pearl Super Plus 24 U",
        "image": "https:\/\/cdn-consum.aktiosdigitalservices.com\/tol\/consum\/media\/product\/img\/300x300\/7263114.jpg?t=20241217081106"
    },
    {
        "id": 10133,
        "name": "Tortillas Wraps de Trigo Paquete 6 Unidades OLD EL PASO",
        "price": 2.89,
        "price_kilo": 8.26,
        "slug": "tortillas-wraps-de-trigo-paquete-6-unidades",
        "description": "Tortillas Wraps de Trigo Paquete 6 Unidades 350 Gr",
        "image": "https:\/\/cdn-consum.aktiosdigitalservices.com\/tol\/consum\/media\/product\/img\/300x300\/7264901.jpg?t=20250311133806"
    },
    {
        "id": 10138,
        "name": "Jam\u00f3n Curado Reducido en Sal NAVIDUL",
        "price": 1,
        "price_kilo": 2.22,
        "slug": "jamon-curado-reducido-en-sal",
        "description": "Jam\u00f3n Curado Reducido en Sal 45 Gr",
        "image": "https:\/\/cdn-consum.aktiosdigitalservices.com\/tol\/consum\/media\/product\/img\/300x300\/7268340.jpg?t=20241217081108"
    },
    {
        "id": 10139,
        "name": "Quinoa Roja y Blanca Vasitos BRILLANTE",
        "price": 1.56,
        "price_kilo": 6.24,
        "slug": "quinoa-roja-y-blanca-vasitos",
        "description": "Quinoa Roja y Blanca Vasitos 2 x 125 Gr",
        "image": "https:\/\/cdn-consum.aktiosdigitalservices.com\/tol\/consum\/media\/product\/img\/300x300\/7270044.jpg?t=20241217081108"
    },
    {
        "id": 10142,
        "name": "Pi\u00f1ones Pelados Tarro SABATER",
        "price": 5.19,
        "price_kilo": 11.53,
        "slug": "pinones-pelados-tarro",
        "description": "Pi\u00f1ones Pelados Tarro 45 Gr",
        "image": "https:\/\/cdn-consum.aktiosdigitalservices.com\/tol\/consum\/media\/product\/img\/300x300\/46755.jpg?t=20250103075759"
    },
    {
        "id": 10145,
        "name": "Salsa Cocktail Tarro Cristal YBARRA",
        "price": 1.75,
        "price_kilo": 7.78,
        "slug": "salsa-cocktail-tarro-cristal",
        "description": "Salsa Cocktail Tarro Cristal 225 ml",
        "image": "https:\/\/cdn-consum.aktiosdigitalservices.com\/tol\/consum\/media\/product\/img\/300x300\/210658.jpg?t=20250222075608"
    },
    {
        "id": 10146,
        "name": "Bitter sin Alcohol Pack de 6 Vidrio KAS",
        "price": 5.49,
        "price_kilo": 4.58,
        "slug": "bitter-sin-alcohol-pack-de-6-vidrio",
        "description": "Bitter sin Alcohol Pack de 6 Vidrio 6 x 0,2 L",
        "image": "https:\/\/cdn-consum.aktiosdigitalservices.com\/tol\/consum\/media\/product\/img\/300x300\/303032.jpg?t=20250111075630"
    },
    {
        "id": 10152,
        "name": "Tarrina Chocolate Belga 460 Ml. HAAGEN DAZS",
        "price": 7.29,
        "price_kilo": 18.23,
        "slug": "tarrina-chocolate-belga-460-ml",
        "description": "Tarrina Chocolate Belga 460 Ml. 400 Gr",
        "image": "https:\/\/cdn-consum.aktiosdigitalservices.com\/tol\/consum\/media\/product\/img\/300x300\/605055.jpg?t=20250218075836"
    },
    {
        "id": 10156,
        "name": "Filetes de Bacalao congelado PESCANOVA",
        "price": 7.19,
        "price_kilo": 17.98,
        "slug": "filetes-de-bacalao-congelado",
        "description": "Filetes de Bacalao congelado 400 Gr",
        "image": "https:\/\/cdn-consum.aktiosdigitalservices.com\/tol\/consum\/media\/product\/img\/300x300\/5524368.jpg?t=20250311124025"
    },
    {
        "id": 10157,
        "name": "Aceitunas Rellenas Jalape\u00f1os   Lata JOLCA",
        "price": 2.05,
        "price_kilo": 15.77,
        "slug": "aceitunas-rellenas-jalapenos-lata",
        "description": "Aceitunas Rellenas Jalape\u00f1os   Lata 130 Gr",
        "image": "https:\/\/cdn-consum.aktiosdigitalservices.com\/tol\/consum\/media\/product\/img\/300x300\/7009710.jpg?t=20241217081000"
    },
    {
        "id": 10158,
        "name": "Maxibon de Nata Pack de 4 Unidades NESTLE",
        "price": 5.99,
        "price_kilo": 15.6,
        "slug": "maxibon-de-nata-pack-de-4-unidades",
        "description": "Maxibon de Nata Pack de 4 Unidades 384 Gr",
        "image": "https:\/\/cdn-consum.aktiosdigitalservices.com\/tol\/consum\/media\/product\/img\/300x300\/7022390.jpg?t=20250320075755"
    },
    {
        "id": 10159,
        "name": "Tarrina Stracciatella 900 Ml. CONSUM",
        "price": 3.29,
        "price_kilo": 6.85,
        "slug": "tarrina-stracciatella-900-ml",
        "description": "Tarrina Stracciatella 900 Ml. 480 Gr",
        "image": "https:\/\/cdn-consum.aktiosdigitalservices.com\/tol\/consum\/media\/product\/img\/300x300\/7025182.jpg?t=20250218080007"
    },
    {
        "id": 10160,
        "name": "Crema de Queso Semicurado Tarrina PRESIDENT",
        "price": 1.95,
        "price_kilo": 15.6,
        "slug": "crema-de-queso-semicurado-tarrina",
        "description": "Crema de Queso Semicurado Tarrina 125 Gr",
        "image": "https:\/\/cdn-consum.aktiosdigitalservices.com\/tol\/consum\/media\/product\/img\/300x300\/7028343.jpg?t=20250227090406"
    },
    {
        "id": 10163,
        "name": "Medallones Queso Cabra PRESIDENT",
        "price": 3.09,
        "price_kilo": 15.45,
        "slug": "medallones-queso-cabra",
        "description": "Medallones Queso Cabra 200 Gr",
        "image": "https:\/\/cdn-consum.aktiosdigitalservices.com\/tol\/consum\/media\/product\/img\/300x300\/7041770.jpg?t=20250314121353"
    },
    {
        "id": 10169,
        "name": "Pechuga de Pavo sin Grasa Reducido Sal BIENSTAR",
        "price": 3.45,
        "price_kilo": 10.15,
        "slug": "pechuga-de-pavo-sin-grasa-reducido-sal",
        "description": "Pechuga de Pavo sin Grasa Reducido Sal 340 Gr",
        "image": "https:\/\/cdn-consum.aktiosdigitalservices.com\/tol\/consum\/media\/product\/img\/300x300\/7072960.jpg?t=20250313080027"
    },
    {
        "id": 10170,
        "name": "Chorizo Extra Picante 4x60 CONSUM",
        "price": 2.58,
        "price_kilo": 10.75,
        "slug": "chorizo-extra-picante-4x60",
        "description": "Chorizo Extra Picante 4x60 (240gr)",
        "image": "https:\/\/cdn-consum.aktiosdigitalservices.com\/tol\/consum\/media\/product\/img\/300x300\/7076115.jpg?t=20241217081014"
    },
    {
        "id": 10172,
        "name": "Barritas con Vitaminas para Canarios VITAKRAFT",
        "price": 1.38,
        "price_kilo": 0.69,
        "slug": "barritas-con-vitaminas-para-canarios",
        "description": "Barritas con Vitaminas para Canarios 2 U",
        "image": "https:\/\/cdn-consum.aktiosdigitalservices.com\/tol\/consum\/media\/product\/img\/300x300\/7104289.jpg?t=20241217081020"
    },
    {
        "id": 10175,
        "name": "Minibiscotte Integral CONSUM",
        "price": 0.76,
        "price_kilo": 6.33,
        "slug": "minibiscotte-integral",
        "description": "Minibiscotte Integral 120 Gr",
        "image": "https:\/\/cdn-consum.aktiosdigitalservices.com\/tol\/consum\/media\/product\/img\/300x300\/7117596.jpg?t=20250311104547"
    },
    {
        "id": 10181,
        "name": "Calippo Lima Lim\u00f3n Pack de 5 Unidades FRIGO",
        "price": 5.19,
        "price_kilo": 9.89,
        "slug": "calippo-lima-limon-pack-de-5-unidades",
        "description": "Calippo Lima Lim\u00f3n Pack de 5 Unidades 525 Gr",
        "image": "https:\/\/cdn-consum.aktiosdigitalservices.com\/tol\/consum\/media\/product\/img\/300x300\/7148448.jpg?t=20250318080934"
    },
    {
        "id": 10182,
        "name": "Naranja ",
        "price": 0.57,
        "price_kilo": 1.89,
        "slug": "naranja",
        "description": "Naranja",
        "image": "https:\/\/cdn-consum.aktiosdigitalservices.com\/tol\/consum\/media\/product\/img\/300x300\/7149755.jpg?t=20250322075854"
    },
    {
        "id": 10183,
        "name": "Jugoso al Horno a la Barbacoa MAGGI",
        "price": 1.19,
        "price_kilo": 3.97,
        "slug": "jugoso-al-horno-a-la-barbacoa",
        "description": "Jugoso al Horno a la Barbacoa 30 Gr",
        "image": "https:\/\/cdn-consum.aktiosdigitalservices.com\/tol\/consum\/media\/product\/img\/300x300\/7150675.jpg?t=20250313080130"
    },
    {
        "id": 10194,
        "name": "Patata Lavada Malla ",
        "price": 4.95,
        "price_kilo": 0.99,
        "slug": "patata-lavada-malla",
        "description": "Patata Lavada Malla 5 Kg",
        "image": "https:\/\/cdn-consum.aktiosdigitalservices.com\/tol\/consum\/media\/product\/img\/300x300\/7194165.jpg?t=20250318080055"
    },
    {
        "id": 10195,
        "name": "Salsa Soja con Menos Sal KIKKOMAN",
        "price": 4.99,
        "price_kilo": 19.96,
        "slug": "salsa-soja-con-menos-sal",
        "description": "Salsa Soja con Menos Sal 250 ml",
        "image": "https:\/\/cdn-consum.aktiosdigitalservices.com\/tol\/consum\/media\/product\/img\/300x300\/7194553.jpg?t=20250109095602"
    },
    {
        "id": 10199,
        "name": "Bomb\u00f3n Magnum Almendrado 3+1 Unidad FRIGO",
        "price": 4.49,
        "price_kilo": 14.97,
        "slug": "bombon-magnum-almendrado-31-unidad",
        "description": "Bomb\u00f3n Magnum Almendrado 3+1 Unidad 300 Gr",
        "image": "https:\/\/cdn-consum.aktiosdigitalservices.com\/tol\/consum\/media\/product\/img\/300x300\/7195258.jpg?t=20250312125320"
    },
    {
        "id": 10200,
        "name": "Tapones de Cera PHARMADOCT",
        "price": 1.65,
        "price_kilo": 0.21,
        "slug": "tapones-de-cera",
        "description": "Tapones de Cera 8 U",
        "image": "https:\/\/cdn-consum.aktiosdigitalservices.com\/tol\/consum\/media\/product\/img\/300x300\/7196400.jpg?t=20241217081038"
    },
    {
        "id": 10204,
        "name": "Arroz Bomba Paquete LA FALLERA",
        "price": 3.11,
        "price_kilo": 6.22,
        "slug": "arroz-bomba-paquete",
        "description": "Arroz Bomba Paquete 500 Gr",
        "image": "https:\/\/cdn-consum.aktiosdigitalservices.com\/tol\/consum\/media\/product\/img\/300x300\/7200186.jpg?t=20250103080951"
    },
    {
        "id": 10218,
        "name": "Caldo Natural de Puchero ANETO",
        "price": 3.69,
        "price_kilo": 3.69,
        "slug": "caldo-natural-de-puchero",
        "description": "Caldo Natural de Puchero 1 L",
        "image": "https:\/\/cdn-consum.aktiosdigitalservices.com\/tol\/consum\/media\/product\/img\/300x300\/7227650.jpg?t=20250227091805"
    },
    {
        "id": 10219,
        "name": "Aceite de Oliva Virgen Extra Gran Selecci\u00f3n CARBONELL",
        "price": 6.55,
        "price_kilo": 8.73,
        "slug": "aceite-de-oliva-virgen-extra-gran-seleccion",
        "description": "Aceite de Oliva Virgen Extra Gran Selecci\u00f3n 0,75 L",
        "image": "https:\/\/cdn-consum.aktiosdigitalservices.com\/tol\/consum\/media\/product\/img\/300x300\/7227663.jpg?t=20250304110710"
    },
    {
        "id": 10226,
        "name": "Molinillo Sal Rosa del Himalaya TOQUE",
        "price": 2.25,
        "price_kilo": 21.43,
        "slug": "molinillo-sal-rosa-del-himalaya",
        "description": "Molinillo Sal Rosa del Himalaya 105 Gr",
        "image": "https:\/\/cdn-consum.aktiosdigitalservices.com\/tol\/consum\/media\/product\/img\/300x300\/7232598.jpg?t=20250311133653"
    },
    {
        "id": 10236,
        "name": "Pizza congelada Ristorante Carbonara RISTORANTE",
        "price": 3.89,
        "price_kilo": 11.44,
        "slug": "pizza-congelada-ristorante-carbonara",
        "description": "Pizza congelada Ristorante Carbonara 340 Gr",
        "image": "https:\/\/cdn-consum.aktiosdigitalservices.com\/tol\/consum\/media\/product\/img\/300x300\/7241594.jpg?t=20250227092007"
    },
    {
        "id": 10238,
        "name": "Granizado de Cebada Pack de 2 Unidades MONZO",
        "price": 1.65,
        "price_kilo": 4.13,
        "slug": "granizado-de-cebada-pack-de-2-unidades",
        "description": "Granizado de Cebada Pack de 2 Unidades 400 Gr",
        "image": "https:\/\/cdn-consum.aktiosdigitalservices.com\/tol\/consum\/media\/product\/img\/300x300\/7242530.jpg?t=20241217081056"
    },
    {
        "id": 10250,
        "name": "Corn Flakes Classic sin Az\u00facar y sin Gluten ESGIR",
        "price": 1.99,
        "price_kilo": 6.63,
        "slug": "corn-flakes-classic-sin-azucar-y-sin-gluten",
        "description": "Corn Flakes Classic sin Az\u00facar y sin Gluten 300 Gr",
        "image": "https:\/\/cdn-consum.aktiosdigitalservices.com\/tol\/consum\/media\/product\/img\/300x300\/7256873.jpg?t=20250311105714"
    },
    {
        "id": 10252,
        "name": "Enjuague Bucal Mentol LISTERINE",
        "price": 7.99,
        "price_kilo": 0.8,
        "slug": "enjuague-bucal-mentol",
        "description": "Enjuague Bucal Mentol 1000 ml",
        "image": "https:\/\/cdn-consum.aktiosdigitalservices.com\/tol\/consum\/media\/product\/img\/300x300\/7259443.jpg?t=20250318080939"
    },
    {
        "id": 10253,
        "name": "Activia 0% Cremoso Vainilla de Madagascar DANONE",
        "price": 2.39,
        "price_kilo": 5.2,
        "slug": "activia-0-cremoso-vainilla-de-madagascar",
        "description": "Activia 0% Cremoso Vainilla de Madagascar 4 x 115 Gr",
        "image": "https:\/\/cdn-consum.aktiosdigitalservices.com\/tol\/consum\/media\/product\/img\/300x300\/7259666.jpg?t=20250304111224"
    },
    {
        "id": 10259,
        "name": "Mozzarella Buffala DOP SPIGA",
        "price": 2.15,
        "price_kilo": 17.2,
        "slug": "mozzarella-buffala-dop",
        "description": "Mozzarella Buffala DOP 125 Gr",
        "image": "https:\/\/cdn-consum.aktiosdigitalservices.com\/tol\/consum\/media\/product\/img\/300x300\/7262673.jpg?t=20250103081341"
    },
    {
        "id": 10260,
        "name": "Nata Cocina Pack de 3 Minibrik CONSUM",
        "price": 1.75,
        "price_kilo": 2.92,
        "slug": "nata-cocina-pack-de-3-minibrik",
        "description": "Nata Cocina Pack de 3 Minibrik 3 x 200 ml",
        "image": "https:\/\/cdn-consum.aktiosdigitalservices.com\/tol\/consum\/media\/product\/img\/300x300\/7264096.jpg?t=20250311105755"
    },
    {
        "id": 10268,
        "name": "Cepillo Dental Suave Accion Completa SENSODYNE",
        "price": 2.69,
        "price_kilo": 2.69,
        "slug": "cepillo-dental-suave-accion-completa",
        "description": "Cepillo Dental Suave Accion Completa 1 U",
        "image": "https:\/\/cdn-consum.aktiosdigitalservices.com\/tol\/consum\/media\/product\/img\/300x300\/7267516.jpg?t=20250312092756"
    },
    {
        "id": 10272,
        "name": "Acondicionador Bif\u00e1sico NELLY",
        "price": 2.25,
        "price_kilo": 2.25,
        "slug": "acondicionador-bifasico",
        "description": "Acondicionador Bif\u00e1sico 100 ml",
        "image": "https:\/\/cdn-consum.aktiosdigitalservices.com\/tol\/consum\/media\/product\/img\/300x300\/7270051.jpg?t=20241217081108"
    },
    {
        "id": 10281,
        "name": "Cerveza Shandy Pack de 6 Botellas CRUZCAMPO",
        "price": 3.39,
        "price_kilo": 2.26,
        "slug": "cerveza-shandy-pack-de-6-botellas",
        "description": "Cerveza Shandy Pack de 6 Botellas 6 x 0,25 L",
        "image": "https:\/\/cdn-consum.aktiosdigitalservices.com\/tol\/consum\/media\/product\/img\/300x300\/45278.jpg?t=20250227085558"
    },
    {
        "id": 10282,
        "name": "Chili con Carne Lata OLD EL PASO",
        "price": 4.79,
        "price_kilo": 11.46,
        "slug": "chili-con-carne-lata",
        "description": "Chili con Carne Lata 418 Gr",
        "image": "https:\/\/cdn-consum.aktiosdigitalservices.com\/tol\/consum\/media\/product\/img\/300x300\/122903.jpg?t=20241217080942"
    },
    {
        "id": 10283,
        "name": "Licor de Hierbas RUAVIEJA",
        "price": 10.55,
        "price_kilo": 15.07,
        "slug": "licor-de-hierbas",
        "description": "Licor de Hierbas 0,7 L",
        "image": "https:\/\/cdn-consum.aktiosdigitalservices.com\/tol\/consum\/media\/product\/img\/300x300\/138909.jpg?t=20250205075653"
    },
    {
        "id": 10288,
        "name": "Tinte N\u00ba1 Negro LLONGUERAS",
        "price": 7.49,
        "price_kilo": 7.49,
        "slug": "tinte-n1-negro",
        "description": "Tinte N\u00ba1 Negro 1 U",
        "image": "https:\/\/cdn-consum.aktiosdigitalservices.com\/tol\/consum\/media\/product\/img\/300x300\/251751.jpg?t=20250311164530"
    },
    {
        "id": 10289,
        "name": "Tallarines Carbonara Sobre G.BLANCA",
        "price": 2.49,
        "price_kilo": 17.41,
        "slug": "tallarines-carbonara-sobre",
        "description": "Tallarines Carbonara Sobre 143 Gr",
        "image": "https:\/\/cdn-consum.aktiosdigitalservices.com\/tol\/consum\/media\/product\/img\/300x300\/301580.jpg?t=20241217080944"
    },
    {
        "id": 10290,
        "name": "Whisky Scotch BALLANTINES",
        "price": 13.95,
        "price_kilo": 19.93,
        "slug": "whisky-scotch",
        "description": "Whisky Scotch 0,7 L",
        "image": "https:\/\/cdn-consum.aktiosdigitalservices.com\/tol\/consum\/media\/product\/img\/300x300\/315713.jpg?t=20250205075729"
    },
    {
        "id": 10291,
        "name": "Cerveza Danesa Pack de 6 Botellas CARLSBERG",
        "price": 5.25,
        "price_kilo": 3.5,
        "slug": "cerveza-danesa-pack-de-6-botellas",
        "description": "Cerveza Danesa Pack de 6 Botellas 6 x 0,25 L",
        "image": "https:\/\/cdn-consum.aktiosdigitalservices.com\/tol\/consum\/media\/product\/img\/300x300\/323808.jpg?t=20250227085853"
    },
    {
        "id": 10294,
        "name": "Tinte N\u00ba1 Negro EXCELLENCE",
        "price": 8.9,
        "price_kilo": 8.9,
        "slug": "tinte-n1-negro",
        "description": "Tinte N\u00ba1 Negro 1 U",
        "image": "https:\/\/cdn-consum.aktiosdigitalservices.com\/tol\/consum\/media\/product\/img\/300x300\/441113.jpg?t=20241217080949"
    },
    {
        "id": 10296,
        "name": "Tinte N\u00ba6.46 Rubio Cobrizo EXCELLENCE",
        "price": 8.9,
        "price_kilo": 8.9,
        "slug": "tinte-n646-rubio-cobrizo",
        "description": "Tinte N\u00ba6.46 Rubio Cobrizo 1 U",
        "image": "https:\/\/cdn-consum.aktiosdigitalservices.com\/tol\/consum\/media\/product\/img\/300x300\/441451.jpg?t=20241217080949"
    },
    {
        "id": 10301,
        "name": "Tinte Mechas M1 Ultra NORDIC",
        "price": 8.2,
        "price_kilo": 8.2,
        "slug": "tinte-mechas-m1-ultra",
        "description": "Tinte Mechas M1 Ultra 1 U",
        "image": "https:\/\/cdn-consum.aktiosdigitalservices.com\/tol\/consum\/media\/product\/img\/300x300\/638908.jpg?t=20250227090037"
    },
    {
        "id": 10302,
        "name": "Fajita Kit OLD EL PASO",
        "price": 5.66,
        "price_kilo": 11.32,
        "slug": "fajita-kit",
        "description": "Fajita Kit 500 Gr",
        "image": "https:\/\/cdn-consum.aktiosdigitalservices.com\/tol\/consum\/media\/product\/img\/300x300\/650754.jpg?t=20250311132911"
    },
    {
        "id": 10313,
        "name": "Gel Depilatorio Hombre Piel Normal VEET",
        "price": 5.3,
        "price_kilo": 2.65,
        "slug": "gel-depilatorio-hombre-piel-normal",
        "description": "Gel Depilatorio Hombre Piel Normal 200 ml",
        "image": "https:\/\/cdn-consum.aktiosdigitalservices.com\/tol\/consum\/media\/product\/img\/300x300\/7025625.jpg?t=20250303075733"
    },
    {
        "id": 10316,
        "name": "At\u00fan Claro en Escabeche Pack de 3 CONSUM",
        "price": 2.49,
        "price_kilo": 15.96,
        "slug": "atun-claro-en-escabeche-pack-de-3",
        "description": "At\u00fan Claro en Escabeche Pack de 3 3 x 52 Gr",
        "image": "https:\/\/cdn-consum.aktiosdigitalservices.com\/tol\/consum\/media\/product\/img\/300x300\/7046089.jpg?t=20241217081009"
    },
    {
        "id": 10317,
        "name": "Activia con Pera Yogur B\u00edfidus P-4 ud. DANONE",
        "price": 2,
        "price_kilo": 4.17,
        "slug": "activia-con-pera-yogur-bifidus-p-4-ud",
        "description": "Activia con Pera Yogur B\u00edfidus P-4 ud. 4 x 120 Gr",
        "image": "https:\/\/cdn-consum.aktiosdigitalservices.com\/tol\/consum\/media\/product\/img\/300x300\/7046514.jpg?t=20250312125037"
    },
    {
        "id": 10319,
        "name": "Cardo congelado FINDUS",
        "price": 4.33,
        "price_kilo": 10.83,
        "slug": "cardo-congelado",
        "description": "Cardo congelado 400 Gr",
        "image": "https:\/\/cdn-consum.aktiosdigitalservices.com\/tol\/consum\/media\/product\/img\/300x300\/7052517.jpg?t=20250103080336"
    },
    {
        "id": 10321,
        "name": "Galletas para perros tres sabores Biscrok Pedrigre PEDIGREE",
        "price": 2.99,
        "price_kilo": 5.98,
        "slug": "galletas-para-perros-tres-sabores-biscrok-pedrigre",
        "description": "Galletas para perros tres sabores Biscrok Pedrigree 500g",
        "image": "https:\/\/cdn-consum.aktiosdigitalservices.com\/tol\/consum\/media\/product\/img\/300x300\/7071640.jpg?t=20250312092744"
    },
    {
        "id": 10322,
        "name": "Sazonador Guacamole OLD EL PASO",
        "price": 1.39,
        "price_kilo": 6.95,
        "slug": "sazonador-guacamole",
        "description": "Sazonador Guacamole 20 Gr",
        "image": "https:\/\/cdn-consum.aktiosdigitalservices.com\/tol\/consum\/media\/product\/img\/300x300\/7072747.jpg?t=20241217081013"
    },
    {
        "id": 10327,
        "name": "Insecticida El\u00e9ctrico Aparato L\u00edq. m\u00e1s 2rec. BLOOM",
        "price": 9.35,
        "price_kilo": 9.35,
        "slug": "insecticida-electrico-aparato-liq-mas-2rec",
        "description": "Insecticida El\u00e9ctrico Aparato L\u00edq. m\u00e1s 2rec. 1 U",
        "image": "https:\/\/cdn-consum.aktiosdigitalservices.com\/tol\/consum\/media\/product\/img\/300x300\/7102218.jpg?t=20250311164542"
    },
    {
        "id": 10329,
        "name": "Harina de Ma\u00edz Paquete DO\u00d1AREPA",
        "price": 2.65,
        "price_kilo": 2.65,
        "slug": "harina-de-maiz-paquete",
        "description": "Harina de Ma\u00edz Paquete 1 Kg",
        "image": "https:\/\/cdn-consum.aktiosdigitalservices.com\/tol\/consum\/media\/product\/img\/300x300\/7113830.jpg?t=20250103080633"
    },
    {
        "id": 10331,
        "name": "Perejil Troceado congelado FINDUS",
        "price": 2.45,
        "price_kilo": 49,
        "slug": "perejil-troceado-congelado",
        "description": "Perejil Troceado congelado 50 Gr",
        "image": "https:\/\/cdn-consum.aktiosdigitalservices.com\/tol\/consum\/media\/product\/img\/300x300\/7119204.jpg?t=20241217081022"
    },
    {
        "id": 10332,
        "name": "Ma\u00edz Superdulce congelado FINDUS",
        "price": 2.99,
        "price_kilo": 9.97,
        "slug": "maiz-superdulce-congelado",
        "description": "Ma\u00edz Superdulce congelado 300 Gr",
        "image": "https:\/\/cdn-consum.aktiosdigitalservices.com\/tol\/consum\/media\/product\/img\/300x300\/7119233.jpg?t=20250312125144"
    },
    {
        "id": 10333,
        "name": "Coles de Bruselas congeladas FINDUS",
        "price": 3.11,
        "price_kilo": 7.78,
        "slug": "coles-de-bruselas-congeladas",
        "description": "Coles de Bruselas congeladas 400 Gr",
        "image": "https:\/\/cdn-consum.aktiosdigitalservices.com\/tol\/consum\/media\/product\/img\/300x300\/7119238.jpg?t=20250312125145"
    },
    {
        "id": 10334,
        "name": "Pasta Fresca Huerta Ricotta y Espinacas RANA",
        "price": 3.95,
        "price_kilo": 15.8,
        "slug": "pasta-fresca-huerta-ricotta-y-espinacas",
        "description": "Pasta Fresca Huerta Ricotta y Espinacas 250 Gr",
        "image": "https:\/\/cdn-consum.aktiosdigitalservices.com\/tol\/consum\/media\/product\/img\/300x300\/7119514.jpg?t=20250227090817"
    },
    {
        "id": 10336,
        "name": "Calamar en su Tinta Lata Pack de 3 CALVO",
        "price": 3.45,
        "price_kilo": 23.96,
        "slug": "calamar-en-su-tinta-lata-pack-de-3",
        "description": "Calamar en su Tinta Lata Pack de 3 3 x 48 Gr",
        "image": "https:\/\/cdn-consum.aktiosdigitalservices.com\/tol\/consum\/media\/product\/img\/300x300\/7120033.jpg?t=20250227090823"
    },
    {
        "id": 10343,
        "name": "Aceite de Oliva Intenso Summun LA MASIA",
        "price": 5.59,
        "price_kilo": 5.59,
        "slug": "aceite-de-oliva-intenso-summun",
        "description": "Aceite de Oliva Intenso Summun 1 L",
        "image": "https:\/\/cdn-consum.aktiosdigitalservices.com\/tol\/consum\/media\/product\/img\/300x300\/7147978.jpg?t=20250313080121"
    },
    {
        "id": 10353,
        "name": "Lima Zafiro KYREY",
        "price": 1.59,
        "price_kilo": 1.59,
        "slug": "lima-zafiro",
        "description": "Lima Zafiro 1 U",
        "image": "https:\/\/cdn-consum.aktiosdigitalservices.com\/tol\/consum\/media\/product\/img\/300x300\/7156701.jpg?t=20241217081026"
    },
    {
        "id": 10362,
        "name": "Sopa Maravilla Sobre CONSUM",
        "price": 0.49,
        "price_kilo": 7.42,
        "slug": "sopa-maravilla-sobre",
        "description": "Sopa Maravilla Sobre 66 Gr",
        "image": "https:\/\/cdn-consum.aktiosdigitalservices.com\/tol\/consum\/media\/product\/img\/300x300\/7178721.jpg?t=20241217081031"
    },
    {
        "id": 10366,
        "name": "Tinte Creme Gloss 210 Noir Ble CASTING",
        "price": 6.6,
        "price_kilo": 6.6,
        "slug": "tinte-creme-gloss-210-noir-ble",
        "description": "Tinte Creme Gloss 210 Noir Ble 1 U",
        "image": "https:\/\/cdn-consum.aktiosdigitalservices.com\/tol\/consum\/media\/product\/img\/300x300\/7183247.jpg?t=20250311164551"
    },
    {
        "id": 10368,
        "name": "Tinte Creme Gloss 316 Prune CASTING",
        "price": 6.6,
        "price_kilo": 6.6,
        "slug": "tinte-creme-gloss-316-prune",
        "description": "Tinte Creme Gloss 316 Prune 1 U",
        "image": "https:\/\/cdn-consum.aktiosdigitalservices.com\/tol\/consum\/media\/product\/img\/300x300\/7183283.jpg?t=20250311164551"
    },
    {
        "id": 10371,
        "name": "Vino Tinto Crianza D.O.Rioja EDERRA",
        "price": 6.99,
        "price_kilo": 9.32,
        "slug": "vino-tinto-crianza-dorioja",
        "description": "Vino Tinto Crianza D.O.Rioja 0,75 L",
        "image": "https:\/\/cdn-consum.aktiosdigitalservices.com\/tol\/consum\/media\/product\/img\/300x300\/7185077.jpg?t=20250311124355"
    },
    {
        "id": 10373,
        "name": "Tinte 1.0 Negro Profundo OLIA",
        "price": 8.35,
        "price_kilo": 8.35,
        "slug": "tinte-10-negro-profundo",
        "description": "Tinte 1.0 Negro Profundo 1 U",
        "image": "https:\/\/cdn-consum.aktiosdigitalservices.com\/tol\/consum\/media\/product\/img\/300x300\/7189413.jpg?t=20250312160148"
    },
    {
        "id": 10374,
        "name": "Tinte 10.1 Rubio Extraclaro OLIA",
        "price": 8.35,
        "price_kilo": 8.35,
        "slug": "tinte-101-rubio-extraclaro",
        "description": "Tinte 10.1 Rubio Extraclaro 1 1 U",
        "image": "https:\/\/cdn-consum.aktiosdigitalservices.com\/tol\/consum\/media\/product\/img\/300x300\/7189418.jpg?t=20250312160150"
    },
    {
        "id": 10375,
        "name": "Tinte 4.0 Casta\u00f1o OLIA",
        "price": 8.35,
        "price_kilo": 8.35,
        "slug": "tinte-40-castano",
        "description": "Tinte 4.0 Casta\u00f1o 1 U",
        "image": "https:\/\/cdn-consum.aktiosdigitalservices.com\/tol\/consum\/media\/product\/img\/300x300\/7189421.jpg?t=20250312160152"
    },
    {
        "id": 10376,
        "name": "Tinte 8.0 Rubio Claro OLIA",
        "price": 8.35,
        "price_kilo": 8.35,
        "slug": "tinte-80-rubio-claro",
        "description": "Tinte 8.0 Rubio Claro 1 U",
        "image": "https:\/\/cdn-consum.aktiosdigitalservices.com\/tol\/consum\/media\/product\/img\/300x300\/7189454.jpg?t=20250312160203"
    },
    {
        "id": 10377,
        "name": "Tinte 9.0 Rubio Muy Claro OLIA",
        "price": 8.35,
        "price_kilo": 8.35,
        "slug": "tinte-90-rubio-muy-claro",
        "description": "Tinte 9.0 Rubio Muy Claro 1 U",
        "image": "https:\/\/cdn-consum.aktiosdigitalservices.com\/tol\/consum\/media\/product\/img\/300x300\/7189459.jpg?t=20250312160205"
    },
    {
        "id": 10380,
        "name": "Salfumant JOSMI",
        "price": 4.5,
        "price_kilo": 0.9,
        "slug": "salfumant",
        "description": "Salfumant 5 L",
        "image": "https:\/\/cdn-consum.aktiosdigitalservices.com\/tol\/consum\/media\/product\/img\/300x300\/7194124.jpg?t=20250312092750"
    },
    {
        "id": 10398,
        "name": "Protector Callos Oval Latex PHARMADOCT",
        "price": 1.65,
        "price_kilo": 0.18,
        "slug": "protector-callos-oval-latex",
        "description": "Protector Callos Oval Latex 9 U",
        "image": "https:\/\/cdn-consum.aktiosdigitalservices.com\/tol\/consum\/media\/product\/img\/300x300\/7207707.jpg?t=20241217081041"
    },
    {
        "id": 10403,
        "name": "Sardinas Bajas en Sal en Aceite de Oliva CABO PE\u00d1AS",
        "price": 1.99,
        "price_kilo": 23.69,
        "slug": "sardinas-bajas-en-sal-en-aceite-de-oliva",
        "description": "Sardinas Bajas en Sal en Aceite de Oliva 84 Gr",
        "image": "https:\/\/cdn-consum.aktiosdigitalservices.com\/tol\/consum\/media\/product\/img\/300x300\/7212426.jpg?t=20250227091507"
    },
    {
        "id": 10405,
        "name": "Canelones congelados de Carne con Bechamel MAHESO",
        "price": 6.69,
        "price_kilo": 6.69,
        "slug": "canelones-congelados-de-carne-con-bechamel",
        "description": "Canelones congelados de Carne con Bechamel 1 Kg",
        "image": "https:\/\/cdn-consum.aktiosdigitalservices.com\/tol\/consum\/media\/product\/img\/300x300\/7213098.jpg?t=20250227091511"
    },
    {
        "id": 10408,
        "name": "Caldo de Pollo Bajo en Sal ANETO",
        "price": 4.3,
        "price_kilo": 4.3,
        "slug": "caldo-de-pollo-bajo-en-sal",
        "description": "Caldo de Pollo Bajo en Sal 1 L",
        "image": "https:\/\/cdn-consum.aktiosdigitalservices.com\/tol\/consum\/media\/product\/img\/300x300\/7217292.jpg?t=20250227091629"
    },
    {
        "id": 10424,
        "name": "Cerveza Celiacos 0,0,0 Botella AMBAR 0,0,0",
        "price": 1.29,
        "price_kilo": 3.91,
        "slug": "cerveza-celiacos-000-botella",
        "description": "Cerveza Celiacos 0,0,0 Botella 0,33 L",
        "image": "https:\/\/cdn-consum.aktiosdigitalservices.com\/tol\/consum\/media\/product\/img\/300x300\/7225006.jpg?t=20250312125359"
    },
    {
        "id": 10426,
        "name": "Sazonador Burritos Sobre OLD EL PASO",
        "price": 1.39,
        "price_kilo": 3.48,
        "slug": "sazonador-burritos-sobre",
        "description": "Sazonador Burritos Sobre 40 Gr",
        "image": "https:\/\/cdn-consum.aktiosdigitalservices.com\/tol\/consum\/media\/product\/img\/300x300\/7227044.jpg?t=20241217081049"
    },
    {
        "id": 10445,
        "name": "Laca Fijaci\u00f3n Normal ELNETT",
        "price": 4.99,
        "price_kilo": 1.66,
        "slug": "laca-fijacion-normal",
        "description": "Laca Fijaci\u00f3n Normal 300 ml",
        "image": "https:\/\/cdn-consum.aktiosdigitalservices.com\/tol\/consum\/media\/product\/img\/300x300\/7237522.jpg?t=20241217081054"
    },
    {
        "id": 10446,
        "name": "Ron Blanco CALIBRE 38",
        "price": 5.25,
        "price_kilo": 7.5,
        "slug": "ron-blanco",
        "description": "Ron Blanco 0,7 L",
        "image": "https:\/\/cdn-consum.aktiosdigitalservices.com\/tol\/consum\/media\/product\/img\/300x300\/7237936.jpg?t=20241217081054"
    },
    {
        "id": 10455,
        "name": "Tinte 4.99 Viol\u00edn PALETTE",
        "price": 4.79,
        "price_kilo": 4.79,
        "slug": "tinte-499-violin",
        "description": "Tinte 4.99 Viol\u00edn 1 U",
        "image": "https:\/\/cdn-consum.aktiosdigitalservices.com\/tol\/consum\/media\/product\/img\/300x300\/7246077.jpg?t=20250312160353"
    },
    {
        "id": 10458,
        "name": "Tinte Casta\u00f1o Cobrizo Dorado N\u00ba46 COLORSILK",
        "price": 3.69,
        "price_kilo": 3.69,
        "slug": "tinte-castano-cobrizo-dorado-n46",
        "description": "Tinte Casta\u00f1o Cobrizo Dorado N\u00ba46 1 U",
        "image": "https:\/\/cdn-consum.aktiosdigitalservices.com\/tol\/consum\/media\/product\/img\/300x300\/7247158.jpg?t=20250227092106"
    },
    {
        "id": 10459,
        "name": "Tinte Rubio Oscuro N\u00ba61 COLORSILK",
        "price": 3.69,
        "price_kilo": 3.69,
        "slug": "tinte-rubio-oscuro-n61",
        "description": "Tinte Rubio Oscuro N\u00ba61 1 U",
        "image": "https:\/\/cdn-consum.aktiosdigitalservices.com\/tol\/consum\/media\/product\/img\/300x300\/7247161.jpg?t=20250227092108"
    },
    {
        "id": 10460,
        "name": "Tinte Borgo\u00f1a N\u00ba48 COLORSILK",
        "price": 3.69,
        "price_kilo": 3.69,
        "slug": "tinte-borgona-n48",
        "description": "Tinte Borgo\u00f1a N\u00ba48 1 U",
        "image": "https:\/\/cdn-consum.aktiosdigitalservices.com\/tol\/consum\/media\/product\/img\/300x300\/7247190.jpg?t=20250227092119"
    },
    {
        "id": 10463,
        "name": "Limonada 100% Exprimida FRUTAE",
        "price": 2.45,
        "price_kilo": 2.45,
        "slug": "limonada-100-exprimida",
        "description": "Limonada 100% Exprimida 1 L",
        "image": "https:\/\/cdn-consum.aktiosdigitalservices.com\/tol\/consum\/media\/product\/img\/300x300\/7248847.jpg?t=20250213080027"
    },
    {
        "id": 10465,
        "name": "Wasabi Pasta BLUE DRAGON",
        "price": 2.89,
        "price_kilo": 6.42,
        "slug": "wasabi-pasta",
        "description": "Wasabi Pasta 45 Gr",
        "image": "https:\/\/cdn-consum.aktiosdigitalservices.com\/tol\/consum\/media\/product\/img\/300x300\/7250249.jpg?t=20250212080016"
    },
    {
        "id": 10475,
        "name": "Alga Sushi Nori BLUE DRAGON",
        "price": 2.79,
        "price_kilo": 25.36,
        "slug": "alga-sushi-nori",
        "description": "Alga Sushi Nori 11 Gr",
        "image": "https:\/\/cdn-consum.aktiosdigitalservices.com\/tol\/consum\/media\/product\/img\/300x300\/7250306.jpg?t=20250212080018"
    },
    {
        "id": 10476,
        "name": "Tallarines de Arroz GO-TAN",
        "price": 2.2,
        "price_kilo": 8.8,
        "slug": "tallarines-de-arroz",
        "description": "Tallarines de Arroz 250 Gr",
        "image": "https:\/\/cdn-consum.aktiosdigitalservices.com\/tol\/consum\/media\/product\/img\/300x300\/7250314.jpg?t=20250212080020"
    },
    {
        "id": 10482,
        "name": "Pulverizador PONETTE",
        "price": 1.99,
        "price_kilo": 0.8,
        "slug": "pulverizador",
        "description": "Pulverizador 250 ml",
        "image": "https:\/\/cdn-consum.aktiosdigitalservices.com\/tol\/consum\/media\/product\/img\/300x300\/7254386.jpg?t=20241217081102"
    },
    {
        "id": 10486,
        "name": "Pizza congelada Forno Prosciutto e Funghi BUITONI",
        "price": 3.1,
        "price_kilo": 9.12,
        "slug": "pizza-congelada-forno-prosciutto-e-funghi",
        "description": "Pizza congelada Forno Prosciutto e Funghi 340 Gr",
        "image": "https:\/\/cdn-consum.aktiosdigitalservices.com\/tol\/consum\/media\/product\/img\/300x300\/7256329.jpg?t=20250227092226"
    },
    {
        "id": 10487,
        "name": "Piccolinis congelados 3 Quesos BUITONI",
        "price": 4.25,
        "price_kilo": 15.74,
        "slug": "piccolinis-congelados-3-quesos",
        "description": "Piccolinis congelados 3 Quesos 270 Gr",
        "image": "https:\/\/cdn-consum.aktiosdigitalservices.com\/tol\/consum\/media\/product\/img\/300x300\/7256407.jpg?t=20250312125435"
    },
    {
        "id": 10489,
        "name": "Espinacas Hoja congeladas FINDUS",
        "price": 5.15,
        "price_kilo": 5.15,
        "slug": "espinacas-hoja-congeladas",
        "description": "Espinacas Hoja congeladas 1 Kg",
        "image": "https:\/\/cdn-consum.aktiosdigitalservices.com\/tol\/consum\/media\/product\/img\/300x300\/7257970.jpg?t=20250214075844"
    },
    {
        "id": 10512,
        "name": "Tinte N\u00ba3 Rubio Ultra Claro Brillant. COLORSILK",
        "price": 3.69,
        "price_kilo": 3.69,
        "slug": "tinte-n3-rubio-ultra-claro-brillant",
        "description": "Tinte N\u00ba3 Rubio Ultra Claro Brillant. 1 U",
        "image": "https:\/\/cdn-consum.aktiosdigitalservices.com\/tol\/consum\/media\/product\/img\/300x300\/7262061.jpg?t=20250311164600"
    },
    {
        "id": 10513,
        "name": "Tinte N\u00ba80 Rubio Claro Ceniza COLORSILK",
        "price": 3.69,
        "price_kilo": 3.69,
        "slug": "tinte-n80-rubio-claro-ceniza",
        "description": "Tinte N\u00ba80 Rubio Claro Ceniza 1 U",
        "image": "https:\/\/cdn-consum.aktiosdigitalservices.com\/tol\/consum\/media\/product\/img\/300x300\/7262066.jpg?t=20250311164600"
    },
    {
        "id": 10514,
        "name": "Insecticida El\u00e9ctrico L\u00edquido Recambio BLOOM",
        "price": 8.9,
        "price_kilo": 4.45,
        "slug": "insecticida-electrico-liquido-recambio",
        "description": "Insecticida El\u00e9ctrico L\u00edquido Recambio 2 U",
        "image": "https:\/\/cdn-consum.aktiosdigitalservices.com\/tol\/consum\/media\/product\/img\/300x300\/7262095.jpg?t=20250204080805"
    },
    {
        "id": 10519,
        "name": "Tinte Rubio 110 Super Aclarante Natural OLIA",
        "price": 8.35,
        "price_kilo": 8.35,
        "slug": "tinte-rubio-110-super-aclarante-natural",
        "description": "Tinte Rubio 110 Super Aclarante Natural 1 U",
        "image": "https:\/\/cdn-consum.aktiosdigitalservices.com\/tol\/consum\/media\/product\/img\/300x300\/7262181.jpg?t=20250312160451"
    },
    {
        "id": 10520,
        "name": "Tinte Color Sensation N\u00ba110 Rubio Ex.Claro GARNIER",
        "price": 3.9,
        "price_kilo": 3.9,
        "slug": "tinte-color-sensation-n110-rubio-exclaro",
        "description": "Tinte Color Sensation N\u00ba110 Rubio Ex.Claro 1 U",
        "image": "https:\/\/cdn-consum.aktiosdigitalservices.com\/tol\/consum\/media\/product\/img\/300x300\/7262199.jpg?t=20241217081105"
    },
    {
        "id": 10528,
        "name": "Caldo Natural Verduras Brik ANETO",
        "price": 4.3,
        "price_kilo": 4.3,
        "slug": "caldo-natural-verduras-brik",
        "description": "Caldo Natural Verduras Brik 1 L",
        "image": "https:\/\/cdn-consum.aktiosdigitalservices.com\/tol\/consum\/media\/product\/img\/300x300\/7264518.jpg?t=20250318080218"
    },
    {
        "id": 10536,
        "name": "Sopa Deshidratada Tha\u00ef Fideos, Setas y Coco KNORR",
        "price": 1.79,
        "price_kilo": 25.94,
        "slug": "sopa-deshidratada-thai-fideos-setas-y-coco",
        "description": "Sopa Deshidratada Tha\u00ef Fideos, Setas y Coco 69 Gr",
        "image": "https:\/\/cdn-consum.aktiosdigitalservices.com\/tol\/consum\/media\/product\/img\/300x300\/7266414.jpg?t=20250205080244"
    },
    {
        "id": 10538,
        "name": "Crema Corporal Forte EUDERMIN",
        "price": 4.45,
        "price_kilo": 1.11,
        "slug": "crema-corporal-forte",
        "description": "Crema Corporal Forte 400 ml",
        "image": "https:\/\/cdn-consum.aktiosdigitalservices.com\/tol\/consum\/media\/product\/img\/300x300\/7267206.jpg?t=20250312125459"
    },
    {
        "id": 10546,
        "name": "Mousse Rizos ELNETT",
        "price": 4.95,
        "price_kilo": 2.48,
        "slug": "mousse-rizos",
        "description": "Mousse Rizos 200 ml",
        "image": "https:\/\/cdn-consum.aktiosdigitalservices.com\/tol\/consum\/media\/product\/img\/300x300\/7270510.jpg?t=20250311164600"
    },
    {
        "id": 10548,
        "name": "Zumo de Naranja sin Pulpa FRUTAE",
        "price": 2.19,
        "price_kilo": 2.92,
        "slug": "zumo-de-naranja-sin-pulpa",
        "description": "Zumo de Naranja sin Pulpa 750 ml",
        "image": "https:\/\/cdn-consum.aktiosdigitalservices.com\/tol\/consum\/media\/product\/img\/300x300\/7270986.jpg?t=20250314121527"
    },
    {
        "id": 10557,
        "name": "Huevo Campero L 1\/2 Docena MONTERDE",
        "price": 2.34,
        "price_kilo": 4.68,
        "slug": "huevo-campero-l-1-2-docena",
        "description": "Huevo Campero L 1\/2 Docena 0,5 Dc",
        "image": "https:\/\/cdn-consum.aktiosdigitalservices.com\/tol\/consum\/media\/product\/img\/300x300\/7272821.jpg?t=20250311105918"
    },
    {
        "id": 10562,
        "name": "Tarrina Dulce de Leche 460 Ml. HAAGEN DAZS",
        "price": 7.29,
        "price_kilo": 18.23,
        "slug": "tarrina-dulce-de-leche-460-ml",
        "description": "Tarrina Dulce de Leche 460 Ml. 400 Gr",
        "image": "https:\/\/cdn-consum.aktiosdigitalservices.com\/tol\/consum\/media\/product\/img\/300x300\/22319.jpg?t=20250227085554"
    },
    {
        "id": 10564,
        "name": "Colorante Alimentario en Sobres SABATER",
        "price": 1.69,
        "price_kilo": 3.76,
        "slug": "colorante-alimentario-en-sobres",
        "description": "Colorante Alimentario en Sobres 45 Gr",
        "image": "https:\/\/cdn-consum.aktiosdigitalservices.com\/tol\/consum\/media\/product\/img\/300x300\/46813.jpg?t=20250322075631"
    },
    {
        "id": 10565,
        "name": "Agua Mineral con Gas Pack de 6 Vidrio VICHY",
        "price": 5.89,
        "price_kilo": 3.27,
        "slug": "agua-mineral-con-gas-pack-de-6-vidrio",
        "description": "Agua Mineral con Gas Pack de 6 Vidrio 6 x 0,3 L",
        "image": "https:\/\/cdn-consum.aktiosdigitalservices.com\/tol\/consum\/media\/product\/img\/300x300\/138297.jpg?t=20250312092738"
    },
    {
        "id": 10567,
        "name": "Queso Untar Natural SAN MILLAN",
        "price": 2.15,
        "price_kilo": 10.75,
        "slug": "queso-untar-natural",
        "description": "Queso Untar Natural 200 Gr",
        "image": "https:\/\/cdn-consum.aktiosdigitalservices.com\/tol\/consum\/media\/product\/img\/300x300\/205468.jpg?t=20250103075917"
    },
    {
        "id": 10569,
        "name": "Yogur Sabor Coco Pack de 4 Unidades DANONE",
        "price": 0.95,
        "price_kilo": 1.98,
        "slug": "yogur-sabor-coco-pack-de-4-unidades",
        "description": "Yogur Sabor Coco Pack de 4 Unidades 4 x 120 Gr",
        "image": "https:\/\/cdn-consum.aktiosdigitalservices.com\/tol\/consum\/media\/product\/img\/300x300\/227645.jpg?t=20241223075638"
    },
    {
        "id": 10570,
        "name": "Bloc H\u00edgado de Pato MARTIKO",
        "price": 6.39,
        "price_kilo": 79.88,
        "slug": "bloc-higado-de-pato",
        "description": "Bloc H\u00edgado de Pato 2 x 40 Gr",
        "image": "https:\/\/cdn-consum.aktiosdigitalservices.com\/tol\/consum\/media\/product\/img\/300x300\/269035.jpg?t=20250109092605"
    },
    {
        "id": 10572,
        "name": "Ajo Tarro DUCROS",
        "price": 2.55,
        "price_kilo": 43.97,
        "slug": "ajo-tarro",
        "description": "Ajo Tarro 58 Gr",
        "image": "https:\/\/cdn-consum.aktiosdigitalservices.com\/tol\/consum\/media\/product\/img\/300x300\/308759.jpg?t=20250227085754"
    },
    {
        "id": 10573,
        "name": "Pimienta Cayena Molida Tarro DUCROS",
        "price": 2.35,
        "price_kilo": 6.18,
        "slug": "pimienta-cayena-molida-tarro",
        "description": "Pimienta Cayena Molida Tarro 38 Gr",
        "image": "https:\/\/cdn-consum.aktiosdigitalservices.com\/tol\/consum\/media\/product\/img\/300x300\/308833.jpg?t=20250206085757"
    },
    {
        "id": 10575,
        "name": "Nuez Moscada Entera Tarro DUCROS",
        "price": 3.45,
        "price_kilo": 13.8,
        "slug": "nuez-moscada-entera-tarro",
        "description": "Nuez Moscada Entera Tarro 25 Gr",
        "image": "https:\/\/cdn-consum.aktiosdigitalservices.com\/tol\/consum\/media\/product\/img\/300x300\/308973.jpg?t=20250206085802"
    },
    {
        "id": 10576,
        "name": "Nuez Moscada Molida Tarro DUCROS",
        "price": 2.89,
        "price_kilo": 9.03,
        "slug": "nuez-moscada-molida-tarro",
        "description": "Nuez Moscada Molida Tarro 32 Gr",
        "image": "https:\/\/cdn-consum.aktiosdigitalservices.com\/tol\/consum\/media\/product\/img\/300x300\/308981.jpg?t=20250206085804"
    },
    {
        "id": 10577,
        "name": "Perejil Tarro DUCROS",
        "price": 2.25,
        "price_kilo": 45,
        "slug": "perejil-tarro",
        "description": "Perejil Tarro 5 Gr",
        "image": "https:\/\/cdn-consum.aktiosdigitalservices.com\/tol\/consum\/media\/product\/img\/300x300\/308999.jpg?t=20250206085806"
    },
    {
        "id": 10578,
        "name": "Pimienta Negra Molida Tarro DUCROS",
        "price": 2.89,
        "price_kilo": 7.23,
        "slug": "pimienta-negra-molida-tarro",
        "description": "Pimienta Negra Molida Tarro 40 Gr",
        "image": "https:\/\/cdn-consum.aktiosdigitalservices.com\/tol\/consum\/media\/product\/img\/300x300\/309021.jpg?t=20250227085757"
    },
    {
        "id": 10581,
        "name": "Salsa Worcestershire Botella LEA&PERRINS",
        "price": 3.25,
        "price_kilo": 21.67,
        "slug": "salsa-worcestershire-botella",
        "description": "Salsa Worcestershire Botella 150 ml",
        "image": "https:\/\/cdn-consum.aktiosdigitalservices.com\/tol\/consum\/media\/product\/img\/300x300\/368670.jpg?t=20241217080947"
    },
    {
        "id": 10582,
        "name": "Salsa Picante TABASCO",
        "price": 3.95,
        "price_kilo": 65.83,
        "slug": "salsa-picante",
        "description": "Salsa Picante 60 ml",
        "image": "https:\/\/cdn-consum.aktiosdigitalservices.com\/tol\/consum\/media\/product\/img\/300x300\/368720.jpg?t=20250109093029"
    },
    {
        "id": 10583,
        "name": "Edulcorante 400 Comprimidos NATREEN",
        "price": 3.95,
        "price_kilo": 0.01,
        "slug": "edulcorante-400-comprimidos",
        "description": "Edulcorante 400 Comprimidos 400 U",
        "image": "https:\/\/cdn-consum.aktiosdigitalservices.com\/tol\/consum\/media\/product\/img\/300x300\/374348.jpg?t=20250311103255"
    },
    {
        "id": 10585,
        "name": "Ginebra TANQUERAY",
        "price": 16.49,
        "price_kilo": 23.56,
        "slug": "ginebra",
        "description": "Ginebra 0,7 L",
        "image": "https:\/\/cdn-consum.aktiosdigitalservices.com\/tol\/consum\/media\/product\/img\/300x300\/394106.jpg?t=20250226075639"
    },
    {
        "id": 10586,
        "name": "Avellana C\u00e1scara Granel ",
        "price": 9.99,
        "price_kilo": 9.99,
        "slug": "avellana-cascara-granel",
        "description": "Avellana C\u00e1scara Granel",
        "image": "https:\/\/cdn-consum.aktiosdigitalservices.com\/tol\/consum\/media\/product\/img\/300x300\/399451.jpg?t=20250103075953"
    },
    {
        "id": 10587,
        "name": "Mostaza a L'Ancienne Frasco MAILLE",
        "price": 3.65,
        "price_kilo": 17.38,
        "slug": "mostaza-a-lancienne-frasco",
        "description": "Mostaza a L'Ancienne Frasco 210 Gr",
        "image": "https:\/\/cdn-consum.aktiosdigitalservices.com\/tol\/consum\/media\/product\/img\/300x300\/446807.jpg?t=20241217080949"
    },
    {
        "id": 10589,
        "name": "Comino Entero Tarro DUCROS",
        "price": 2.39,
        "price_kilo": 6.83,
        "slug": "comino-entero-tarro",
        "description": "Comino Entero Tarro 35 Gr",
        "image": "https:\/\/cdn-consum.aktiosdigitalservices.com\/tol\/consum\/media\/product\/img\/300x300\/552315.jpg?t=20250227090024"
    },
    {
        "id": 10591,
        "name": "Clavos Enteros Tarro DUCROS",
        "price": 3.45,
        "price_kilo": 15,
        "slug": "clavos-enteros-tarro",
        "description": "Clavos Enteros Tarro 23 Gr",
        "image": "https:\/\/cdn-consum.aktiosdigitalservices.com\/tol\/consum\/media\/product\/img\/300x300\/557314.jpg?t=20250206090141"
    },
    {
        "id": 10592,
        "name": "Tarrina de Vainilla con Cookies 460 Ml. HAAGEN DAZS",
        "price": 7.29,
        "price_kilo": 18.69,
        "slug": "tarrina-de-vainilla-con-cookies-460-ml",
        "description": "Tarrina de Vainilla con Cookies 460 Ml. 386 Gr",
        "image": "https:\/\/cdn-consum.aktiosdigitalservices.com\/tol\/consum\/media\/product\/img\/300x300\/594994.jpg?t=20250227090033"
    },
    {
        "id": 10593,
        "name": "Sazonador para Paella Valencia Caja DUCROS",
        "price": 2.59,
        "price_kilo": 28.78,
        "slug": "sazonador-para-paella-valencia-caja",
        "description": "Sazonador para Paella Valencia Caja 9 Gr",
        "image": "https:\/\/cdn-consum.aktiosdigitalservices.com\/tol\/consum\/media\/product\/img\/300x300\/689661.jpg?t=20250322075711"
    },
    {
        "id": 10594,
        "name": "Hierbabuena Tarro DUCROS",
        "price": 2.35,
        "price_kilo": 18.08,
        "slug": "hierbabuena-tarro",
        "description": "Hierbabuena Tarro 13 Gr",
        "image": "https:\/\/cdn-consum.aktiosdigitalservices.com\/tol\/consum\/media\/product\/img\/300x300\/689885.jpg?t=20241217080952"
    },
    {
        "id": 10596,
        "name": "Pebrella Tarro SABATER",
        "price": 3.19,
        "price_kilo": 21.27,
        "slug": "pebrella-tarro",
        "description": "Pebrella Tarro 15 Gr",
        "image": "https:\/\/cdn-consum.aktiosdigitalservices.com\/tol\/consum\/media\/product\/img\/300x300\/846949.jpg?t=20250311164534"
    },
    {
        "id": 10599,
        "name": "Refresco Naranja Refrigerado SIMON LIFE",
        "price": 1.85,
        "price_kilo": 1.23,
        "slug": "refresco-naranja-refrigerado",
        "description": "Refresco Naranja Refrigerado 1,5 L",
        "image": "https:\/\/cdn-consum.aktiosdigitalservices.com\/tol\/consum\/media\/product\/img\/300x300\/3218419.jpg?t=20241217080957"
    },
    {
        "id": 10606,
        "name": "Pate de At\u00fan en Aceite Pack de 2 Latas LA PIARA",
        "price": 3.99,
        "price_kilo": 26.6,
        "slug": "pate-de-atun-en-aceite-pack-de-2-latas",
        "description": "Pate de At\u00fan en Aceite Pack de 2 Latas 2 x 75 Gr",
        "image": "https:\/\/cdn-consum.aktiosdigitalservices.com\/tol\/consum\/media\/product\/img\/300x300\/7007490.jpg?t=20250206090603"
    },
    {
        "id": 10610,
        "name": "Alubia Cocida Granja Frasco LUENGO",
        "price": 1.59,
        "price_kilo": 3.98,
        "slug": "alubia-cocida-granja-frasco",
        "description": "Alubia Cocida Granja Frasco 400 Gr",
        "image": "https:\/\/cdn-consum.aktiosdigitalservices.com\/tol\/consum\/media\/product\/img\/300x300\/7012573.jpg?t=20241217081000"
    },
    {
        "id": 10613,
        "name": "Danacol Beber Natural 0% Az\u00facares A\u00f1adidos DANONE",
        "price": 3.69,
        "price_kilo": 6.15,
        "slug": "danacol-beber-natural-0-azucares-anadidos",
        "description": "Danacol Beber Natural 0% Az\u00facares A\u00f1adidos 6 x 100 Gr",
        "image": "https:\/\/cdn-consum.aktiosdigitalservices.com\/tol\/consum\/media\/product\/img\/300x300\/7018906.jpg?t=20250227090334"
    },
    {
        "id": 10614,
        "name": "Queso Fresco Apetina en Salmuera ARLA",
        "price": 3.39,
        "price_kilo": 16.95,
        "slug": "queso-fresco-apetina-en-salmuera",
        "description": "Queso Fresco Apetina en Salmuera 200 Gr",
        "image": "https:\/\/cdn-consum.aktiosdigitalservices.com\/tol\/consum\/media\/product\/img\/300x300\/7019693.jpg?t=20250312155900"
    },
    {
        "id": 10615,
        "name": "Crema de Queso Azul Tarrina PRESIDENT",
        "price": 1.95,
        "price_kilo": 15.6,
        "slug": "crema-de-queso-azul-tarrina",
        "description": "Crema de Queso Azul Tarrina 125 Gr",
        "image": "https:\/\/cdn-consum.aktiosdigitalservices.com\/tol\/consum\/media\/product\/img\/300x300\/7028350.jpg?t=20250227090408"
    },
    {
        "id": 10617,
        "name": "Preparado Gazpacho Caja SABATER",
        "price": 1.49,
        "price_kilo": 24.83,
        "slug": "preparado-gazpacho-caja",
        "description": "Preparado Gazpacho Caja 6 Gr",
        "image": "https:\/\/cdn-consum.aktiosdigitalservices.com\/tol\/consum\/media\/product\/img\/300x300\/7039832.jpg?t=20250222075720"
    },
    {
        "id": 10622,
        "name": "Cardo Frasco CONSUM",
        "price": 1.75,
        "price_kilo": 4.38,
        "slug": "cardo-frasco",
        "description": "Cardo Frasco 400 Gr",
        "image": "https:\/\/cdn-consum.aktiosdigitalservices.com\/tol\/consum\/media\/product\/img\/300x300\/7044076.jpg?t=20241217081008"
    },
    {
        "id": 10623,
        "name": "Relleno para S\u00e1ndwich At\u00fan BOCADELIA",
        "price": 3.99,
        "price_kilo": 22.17,
        "slug": "relleno-para-sandwich-atun",
        "description": "Relleno para S\u00e1ndwich At\u00fan 180 Gr",
        "image": "https:\/\/cdn-consum.aktiosdigitalservices.com\/tol\/consum\/media\/product\/img\/300x300\/7047058.jpg?t=20250131075711"
    },
    {
        "id": 10624,
        "name": "Aceitunas Gordal con Hueso en Frasco CONSUM",
        "price": 4.99,
        "price_kilo": 10.51,
        "slug": "aceitunas-gordal-con-hueso-en-frasco",
        "description": "Aceitunas Gordal con Hueso en Frasco 475 Gr",
        "image": "https:\/\/cdn-consum.aktiosdigitalservices.com\/tol\/consum\/media\/product\/img\/300x300\/7047475.jpg?t=20250318075919"
    },
    {
        "id": 10625,
        "name": "Trozos de Calamar en Tinta Pack de 3 CONSUM",
        "price": 3.1,
        "price_kilo": 17.51,
        "slug": "trozos-de-calamar-en-tinta-pack-de-3",
        "description": "Trozos de Calamar en Tinta Pack de 3 3 x 59 Gr",
        "image": "https:\/\/cdn-consum.aktiosdigitalservices.com\/tol\/consum\/media\/product\/img\/300x300\/7049844.jpg?t=20241227075724"
    },
    {
        "id": 10628,
        "name": "Trufa Natural Tarro LEYENDA",
        "price": 3.45,
        "price_kilo": 34.5,
        "slug": "trufa-natural-tarro",
        "description": "Trufa Natural Tarro 10 Gr",
        "image": "https:\/\/cdn-consum.aktiosdigitalservices.com\/tol\/consum\/media\/product\/img\/300x300\/7054435.jpg?t=20241217081010"
    },
    {
        "id": 10629,
        "name": "Cecina PALCARSA",
        "price": 3.45,
        "price_kilo": 43.13,
        "slug": "cecina",
        "description": "Cecina 80 Gr",
        "image": "https:\/\/cdn-consum.aktiosdigitalservices.com\/tol\/consum\/media\/product\/img\/300x300\/7054880.jpg?t=20250219075839"
    },
    {
        "id": 10630,
        "name": "Mejillones Salsa Vieira 13\/18 Piezas CONSUM",
        "price": 1.95,
        "price_kilo": 28.26,
        "slug": "mejillones-salsa-vieira-13-18-piezas",
        "description": "Mejillones Salsa Vieira 13\/18 Piezas 69 Gr",
        "image": "https:\/\/cdn-consum.aktiosdigitalservices.com\/tol\/consum\/media\/product\/img\/300x300\/7055585.jpg?t=20250322075822"
    },
    {
        "id": 10638,
        "name": "Bolsas Cubitos de Hielo Caja ALBAL",
        "price": 1.99,
        "price_kilo": 0.1,
        "slug": "bolsas-cubitos-de-hielo-caja",
        "description": "Bolsas Cubitos de Hielo Caja 20 U",
        "image": "https:\/\/cdn-consum.aktiosdigitalservices.com\/tol\/consum\/media\/product\/img\/300x300\/7067473.jpg?t=20241217081012"
    },
    {
        "id": 10646,
        "name": "Ensalada Pasta con At\u00fan Bol CARRETILLA",
        "price": 2.39,
        "price_kilo": 9.96,
        "slug": "ensalada-pasta-con-atun-bol",
        "description": "Ensalada Pasta con At\u00fan Bol 240 Gr",
        "image": "https:\/\/cdn-consum.aktiosdigitalservices.com\/tol\/consum\/media\/product\/img\/300x300\/7068893.jpg?t=20250313080015"
    },
    {
        "id": 10648,
        "name": "Papel de Horno ALBAL",
        "price": 2.99,
        "price_kilo": 0.37,
        "slug": "papel-de-horno",
        "description": "Papel de Horno 8 M",
        "image": "https:\/\/cdn-consum.aktiosdigitalservices.com\/tol\/consum\/media\/product\/img\/300x300\/7074982.jpg?t=20250206090952"
    },
    {
        "id": 10649,
        "name": "Jengibre Tarro DUCROS",
        "price": 2.49,
        "price_kilo": 9.58,
        "slug": "jengibre-tarro",
        "description": "Jengibre Tarro 26 Gr",
        "image": "https:\/\/cdn-consum.aktiosdigitalservices.com\/tol\/consum\/media\/product\/img\/300x300\/7074995.jpg?t=20250206090954"
    },
    {
        "id": 10650,
        "name": "Muslo de Pato Confitado MARTIKO",
        "price": 7.49,
        "price_kilo": 29.96,
        "slug": "muslo-de-pato-confitado",
        "description": "Muslo de Pato Confitado 250 Gr",
        "image": "https:\/\/cdn-consum.aktiosdigitalservices.com\/tol\/consum\/media\/product\/img\/300x300\/7075547.jpg?t=20250109094328"
    },
    {
        "id": 10656,
        "name": "Alcaparrones en Vinagre Frasco CONSUM",
        "price": 2.45,
        "price_kilo": 16.33,
        "slug": "alcaparrones-en-vinagre-frasco",
        "description": "Alcaparrones en Vinagre Frasco 150 Gr",
        "image": "https:\/\/cdn-consum.aktiosdigitalservices.com\/tol\/consum\/media\/product\/img\/300x300\/7083389.jpg?t=20241217081016"
    },
    {
        "id": 10657,
        "name": "Queso Fresco Apetina en Aceite Tarro ARLA",
        "price": 3.89,
        "price_kilo": 25.93,
        "slug": "queso-fresco-apetina-en-aceite-tarro",
        "description": "Queso Fresco Apetina en Aceite Tarro 150 Gr",
        "image": "https:\/\/cdn-consum.aktiosdigitalservices.com\/tol\/consum\/media\/product\/img\/300x300\/7086580.jpg?t=20250204080219"
    },
    {
        "id": 10658,
        "name": "Champ\u00fa Cabello Normal FLEX",
        "price": 3.75,
        "price_kilo": 0.58,
        "slug": "champu-cabello-normal",
        "description": "Champ\u00fa Cabello Normal 650 ml",
        "image": "https:\/\/cdn-consum.aktiosdigitalservices.com\/tol\/consum\/media\/product\/img\/300x300\/7088560.jpg?t=20250312155946"
    },
    {
        "id": 10659,
        "name": "Salsa Curry con Mango HEINZ",
        "price": 2.15,
        "price_kilo": 9.56,
        "slug": "salsa-curry-con-mango",
        "description": "Salsa Curry con Mango 225 Gr",
        "image": "https:\/\/cdn-consum.aktiosdigitalservices.com\/tol\/consum\/media\/product\/img\/300x300\/7088755.jpg?t=20250227090634"
    },
    {
        "id": 10662,
        "name": "Aceitunas Gordal Picante con Hueso en Frasco CONSUM",
        "price": 4.99,
        "price_kilo": 10.51,
        "slug": "aceitunas-gordal-picante-con-hueso-en-frasco",
        "description": "Aceitunas Gordal Picante con Hueso en Frasco 475 Gr",
        "image": "https:\/\/cdn-consum.aktiosdigitalservices.com\/tol\/consum\/media\/product\/img\/300x300\/7094837.jpg?t=20250320075817"
    },
    {
        "id": 10666,
        "name": "Salchichas de Pavo 7 Unidades CONSUM",
        "price": 1.6,
        "price_kilo": 3.81,
        "slug": "salchichas-de-pavo-7-unidades",
        "description": "Salchichas de Pavo 7 Unidades 3 x 140 Gr",
        "image": "https:\/\/cdn-consum.aktiosdigitalservices.com\/tol\/consum\/media\/product\/img\/300x300\/7105380.jpg?t=20241217081020"
    },
    {
        "id": 10667,
        "name": "Salsa Fina Mayo Cebolla Caramelizada y Ajo HEINZ",
        "price": 3.35,
        "price_kilo": 8.38,
        "slug": "salsa-fina-mayo-cebolla-caramelizada-y-ajo",
        "description": "Salsa Fina Mayo Cebolla Caramelizada y Ajo 400 ml",
        "image": "https:\/\/cdn-consum.aktiosdigitalservices.com\/tol\/consum\/media\/product\/img\/300x300\/7105851.jpg?t=20250311164542"
    },
    {
        "id": 10670,
        "name": "Azafr\u00e1n en Hebras Caja SABATER",
        "price": 3.29,
        "price_kilo": 913.89,
        "slug": "azafran-en-hebras-caja",
        "description": "Azafr\u00e1n en Hebras Caja 0,36 Gr",
        "image": "https:\/\/cdn-consum.aktiosdigitalservices.com\/tol\/consum\/media\/product\/img\/300x300\/7107931.jpg?t=20241217081020"
    },
    {
        "id": 10671,
        "name": "Azafr\u00e1n Molido Caja SABATER",
        "price": 3.29,
        "price_kilo": 658,
        "slug": "azafran-molido-caja",
        "description": "Azafr\u00e1n Molido Caja 0,5 Gr",
        "image": "https:\/\/cdn-consum.aktiosdigitalservices.com\/tol\/consum\/media\/product\/img\/300x300\/7107944.jpg?t=20241217081020"
    },
    {
        "id": 10677,
        "name": "Salchichas Frankfurt 4 Unidades CAMPOFR\u00cdO",
        "price": 2.25,
        "price_kilo": 4.02,
        "slug": "salchichas-frankfurt-4-unidades",
        "description": "Salchichas Frankfurt 4 Unidades 4 x 140 Gr",
        "image": "https:\/\/cdn-consum.aktiosdigitalservices.com\/tol\/consum\/media\/product\/img\/300x300\/7113525.jpg?t=20241217081021"
    },
    {
        "id": 10680,
        "name": "Pat\u00e9 Picante Lata Pack de 2 LA PIARA",
        "price": 3.95,
        "price_kilo": 27.05,
        "slug": "pate-picante-lata-pack-de-2",
        "description": "Pat\u00e9 Picante Lata Pack de 2 2 x 73 Gr",
        "image": "https:\/\/cdn-consum.aktiosdigitalservices.com\/tol\/consum\/media\/product\/img\/300x300\/7116796.jpg?t=20250220080123"
    },
    {
        "id": 10681,
        "name": "Pat\u00e9 de Pollo Lata Pack de 2 LA PIARA",
        "price": 3.99,
        "price_kilo": 26.6,
        "slug": "pate-de-pollo-lata-pack-de-2",
        "description": "Pat\u00e9 de Pollo Lata Pack de 2 2 x 75 Gr",
        "image": "https:\/\/cdn-consum.aktiosdigitalservices.com\/tol\/consum\/media\/product\/img\/300x300\/7116804.jpg?t=20250227090808"
    },
    {
        "id": 10686,
        "name": "Pat\u00e9 de H\u00edgado de Cerdo Lata LA PIARA",
        "price": 3.89,
        "price_kilo": 17.29,
        "slug": "pate-de-higado-de-cerdo-lata",
        "description": "Pat\u00e9 de H\u00edgado de Cerdo Lata 225 Gr",
        "image": "https:\/\/cdn-consum.aktiosdigitalservices.com\/tol\/consum\/media\/product\/img\/300x300\/7131220.jpg?t=20250227090838"
    },
    {
        "id": 10688,
        "name": "Pate Tapa Negra Iberico Lata Pack de 2 LA PIARA",
        "price": 3.95,
        "price_kilo": 27.05,
        "slug": "pate-tapa-negra-iberico-lata-pack-de-2",
        "description": "Pate Tapa Negra Iberico Lata Pack de 2 2 x 73 Gr",
        "image": "https:\/\/cdn-consum.aktiosdigitalservices.com\/tol\/consum\/media\/product\/img\/300x300\/7134539.jpg?t=20250220080141"
    },
    {
        "id": 10689,
        "name": "Habitas Fritas Baby. Frasco CONSUM",
        "price": 3.25,
        "price_kilo": 23.21,
        "slug": "habitas-fritas-baby-frasco",
        "description": "Habitas Fritas Baby. Frasco 140 Gr",
        "image": "https:\/\/cdn-consum.aktiosdigitalservices.com\/tol\/consum\/media\/product\/img\/300x300\/7141252.jpg?t=20241217081023"
    },
    {
        "id": 10690,
        "name": "Allioli Artesano con Aceite de Oliva CHOVI",
        "price": 1.99,
        "price_kilo": 13.27,
        "slug": "allioli-artesano-con-aceite-de-oliva",
        "description": "Allioli Artesano con Aceite de Oliva 150 Gr",
        "image": "https:\/\/cdn-consum.aktiosdigitalservices.com\/tol\/consum\/media\/product\/img\/300x300\/7144538.jpg?t=20250320075835"
    },
    {
        "id": 10692,
        "name": "Migas Pack de 2 Unidades FLORISTAN",
        "price": 3.45,
        "price_kilo": 6.9,
        "slug": "migas-pack-de-2-unidades",
        "description": "Migas Pack de 2 Unidades 500 Gr",
        "image": "https:\/\/cdn-consum.aktiosdigitalservices.com\/tol\/consum\/media\/product\/img\/300x300\/7149409.jpg?t=20250227090912"
    },
    {
        "id": 10693,
        "name": "Tarta al Whisky 1 Litro CONSUM",
        "price": 3.99,
        "price_kilo": 7.46,
        "slug": "tarta-al-whisky-1-litro",
        "description": "Tarta al Whisky 1 Litro 535 Gr",
        "image": "https:\/\/cdn-consum.aktiosdigitalservices.com\/tol\/consum\/media\/product\/img\/300x300\/7151509.jpg?t=20241219080139"
    },
    {
        "id": 10695,
        "name": "C\u00farcuma Frasco DUCROS",
        "price": 2.45,
        "price_kilo": 6.62,
        "slug": "curcuma-frasco",
        "description": "C\u00farcuma Frasco 37 Gr",
        "image": "https:\/\/cdn-consum.aktiosdigitalservices.com\/tol\/consum\/media\/product\/img\/300x300\/7153872.jpg?t=20250206091428"
    },
    {
        "id": 10696,
        "name": "Ajonjol\u00ed Semillas de S\u00e9samo DUCROS",
        "price": 2.59,
        "price_kilo": 5.76,
        "slug": "ajonjoli-semillas-de-sesamo",
        "description": "Ajonjol\u00ed Semillas de S\u00e9samo 50 Gr",
        "image": "https:\/\/cdn-consum.aktiosdigitalservices.com\/tol\/consum\/media\/product\/img\/300x300\/7153943.jpg?t=20241217081025"
    },
    {
        "id": 10714,
        "name": "At\u00fan Claro Aceite Oliva Pack de 3 CALVO",
        "price": 6.79,
        "price_kilo": 31.44,
        "slug": "atun-claro-aceite-oliva-pack-de-3",
        "description": "At\u00fan Claro Aceite Oliva Pack de 3 3x72 Gr",
        "image": "https:\/\/cdn-consum.aktiosdigitalservices.com\/tol\/consum\/media\/product\/img\/300x300\/7168677.jpg?t=20250218080224"
    },
    {
        "id": 10716,
        "name": "Cebollitas Sabor Anchoa Tarro CONSUM",
        "price": 1.69,
        "price_kilo": 8.45,
        "slug": "cebollitas-sabor-anchoa-tarro",
        "description": "Cebollitas Sabor Anchoa Tarro 200 Gr",
        "image": "https:\/\/cdn-consum.aktiosdigitalservices.com\/tol\/consum\/media\/product\/img\/300x300\/7171358.jpg?t=20241217081030"
    },
    {
        "id": 10717,
        "name": "Salsa Cesar para Ensaladas CHOVI",
        "price": 2.69,
        "price_kilo": 10.76,
        "slug": "salsa-cesar-para-ensaladas",
        "description": "Salsa Cesar para Ensaladas 250 ml",
        "image": "https:\/\/cdn-consum.aktiosdigitalservices.com\/tol\/consum\/media\/product\/img\/300x300\/7171614.jpg?t=20250206091620"
    },
    {
        "id": 10718,
        "name": "Salsa Yogurt para Ensaladas CHOVI",
        "price": 2.69,
        "price_kilo": 10.76,
        "slug": "salsa-yogurt-para-ensaladas",
        "description": "Salsa Yogurt para Ensaladas 250 ml",
        "image": "https:\/\/cdn-consum.aktiosdigitalservices.com\/tol\/consum\/media\/product\/img\/300x300\/7171622.jpg?t=20241217081030"
    },
    {
        "id": 10728,
        "name": "Bolsas Basura Autocierre Resistente Perfumada 30l HANDY BAG",
        "price": 2.79,
        "price_kilo": 0.19,
        "slug": "bolsas-basura-autocierre-resistente-perfumada-30l",
        "description": "Bolsas Basura Autocierre Resistente Perfumada 30l 15 U",
        "image": "https:\/\/cdn-consum.aktiosdigitalservices.com\/tol\/consum\/media\/product\/img\/300x300\/7181212.jpg?t=20250206091709"
    },
    {
        "id": 10729,
        "name": "Champ\u00fa Fortificante FLEX",
        "price": 3.75,
        "price_kilo": 0.58,
        "slug": "champu-fortificante",
        "description": "Champ\u00fa Fortificante 650 ml",
        "image": "https:\/\/cdn-consum.aktiosdigitalservices.com\/tol\/consum\/media\/product\/img\/300x300\/7181964.jpg?t=20250312160135"
    },
    {
        "id": 10732,
        "name": "Sazonador Oriental Tarro DUCROS",
        "price": 2.85,
        "price_kilo": 8.91,
        "slug": "sazonador-oriental-tarro",
        "description": "Sazonador Oriental Tarro 32 Gr",
        "image": "https:\/\/cdn-consum.aktiosdigitalservices.com\/tol\/consum\/media\/product\/img\/300x300\/7182074.jpg?t=20241217081032"
    },
    {
        "id": 10735,
        "name": "Chorizo de Le\u00f3n Extra dulce PALCARSA",
        "price": 2.15,
        "price_kilo": 21.5,
        "slug": "chorizo-de-leon-extra-dulce",
        "description": "Chorizo de Le\u00f3n Extra dulce 100 Gr",
        "image": "https:\/\/cdn-consum.aktiosdigitalservices.com\/tol\/consum\/media\/product\/img\/300x300\/7182772.jpg?t=20250206091722"
    },
    {
        "id": 10738,
        "name": "Pimientos Dulces del Cristal Caja DUCROS",
        "price": 3.75,
        "price_kilo": 75,
        "slug": "pimientos-dulces-del-cristal-caja",
        "description": "Pimientos Dulces del Cristal Caja 50 Gr",
        "image": "https:\/\/cdn-consum.aktiosdigitalservices.com\/tol\/consum\/media\/product\/img\/300x300\/7183366.jpg?t=20241217081033"
    },
    {
        "id": 10743,
        "name": "Jam\u00f3n de Bellota 100% Raza Ib\u00e9rica MONTARAZ",
        "price": 12.75,
        "price_kilo": 141.67,
        "slug": "jamon-de-bellota-100-raza-iberica",
        "description": "Jam\u00f3n de Bellota 100% Raza Ib\u00e9rica 90 Gr",
        "image": "https:\/\/cdn-consum.aktiosdigitalservices.com\/tol\/consum\/media\/product\/img\/300x300\/7186740.jpg?t=20250304110143"
    },
    {
        "id": 10747,
        "name": "Salchichas con Queso 7 Unidades CONSUM",
        "price": 1.25,
        "price_kilo": 2.98,
        "slug": "salchichas-con-queso-7-unidades",
        "description": "Salchichas con Queso 7 Unidades 3 x 140 Gr",
        "image": "https:\/\/cdn-consum.aktiosdigitalservices.com\/tol\/consum\/media\/product\/img\/300x300\/7189926.jpg?t=20241217081036"
    },
    {
        "id": 10748,
        "name": "Chorizo Picante Duroc LA HOGUERA",
        "price": 4.59,
        "price_kilo": 16.39,
        "slug": "chorizo-picante-duroc",
        "description": "Chorizo Picante Duroc 280 Gr",
        "image": "https:\/\/cdn-consum.aktiosdigitalservices.com\/tol\/consum\/media\/product\/img\/300x300\/7190762.jpg?t=20241217081036"
    },
    {
        "id": 10749,
        "name": "Ensalada Rusa con At\u00fan CALVO",
        "price": 1.45,
        "price_kilo": 9.67,
        "slug": "ensalada-rusa-con-atun",
        "description": "Ensalada Rusa con At\u00fan 150 Gr",
        "image": "https:\/\/cdn-consum.aktiosdigitalservices.com\/tol\/consum\/media\/product\/img\/300x300\/7192011.jpg?t=20250220080237"
    },
    {
        "id": 10764,
        "name": "Sazonador Pollo Tarro DUCROS",
        "price": 2.85,
        "price_kilo": 38,
        "slug": "sazonador-pollo-tarro",
        "description": "Sazonador Pollo Tarro 75 Gr",
        "image": "https:\/\/cdn-consum.aktiosdigitalservices.com\/tol\/consum\/media\/product\/img\/300x300\/7199297.jpg?t=20250206091926"
    },
    {
        "id": 10765,
        "name": "Sazonador Carnes Tarro DUCROS",
        "price": 2.85,
        "price_kilo": 16.76,
        "slug": "sazonador-carnes-tarro",
        "description": "Sazonador Carnes Tarro 17 Gr",
        "image": "https:\/\/cdn-consum.aktiosdigitalservices.com\/tol\/consum\/media\/product\/img\/300x300\/7199300.jpg?t=20250313080239"
    },
    {
        "id": 10766,
        "name": "Sazonador Espaguetis Tarro DUCROS",
        "price": 2.85,
        "price_kilo": 8.91,
        "slug": "sazonador-espaguetis-tarro",
        "description": "Sazonador Espaguetis Tarro 32 Gr",
        "image": "https:\/\/cdn-consum.aktiosdigitalservices.com\/tol\/consum\/media\/product\/img\/300x300\/7199305.jpg?t=20250313080240"
    },
    {
        "id": 10767,
        "name": "Cilantro Hojas Tarro DUCROS",
        "price": 2.39,
        "price_kilo": 34.14,
        "slug": "cilantro-hojas-tarro",
        "description": "Cilantro Hojas Tarro 7 Gr",
        "image": "https:\/\/cdn-consum.aktiosdigitalservices.com\/tol\/consum\/media\/product\/img\/300x300\/7199318.jpg?t=20241217081039"
    },
    {
        "id": 10768,
        "name": "Sazonador Italia Tarro DUCROS",
        "price": 2.85,
        "price_kilo": 9.5,
        "slug": "sazonador-italia-tarro",
        "description": "Sazonador Italia Tarro 30 Gr",
        "image": "https:\/\/cdn-consum.aktiosdigitalservices.com\/tol\/consum\/media\/product\/img\/300x300\/7199321.jpg?t=20250206091927"
    },
    {
        "id": 10769,
        "name": "Sazonador M\u00e9xico Tarro DUCROS",
        "price": 2.85,
        "price_kilo": 7.13,
        "slug": "sazonador-mexico-tarro",
        "description": "Sazonador M\u00e9xico Tarro 40 Gr",
        "image": "https:\/\/cdn-consum.aktiosdigitalservices.com\/tol\/consum\/media\/product\/img\/300x300\/7199326.jpg?t=20241217081039"
    },
    {
        "id": 10770,
        "name": "Sazonador Marruecos Tarro DUCROS",
        "price": 2.85,
        "price_kilo": 8.91,
        "slug": "sazonador-marruecos-tarro",
        "description": "Sazonador Marruecos Tarro 32 Gr",
        "image": "https:\/\/cdn-consum.aktiosdigitalservices.com\/tol\/consum\/media\/product\/img\/300x300\/7199334.jpg?t=20241217081039"
    },
    {
        "id": 10778,
        "name": "Queso Lonchas EL CASERIO",
        "price": 1.59,
        "price_kilo": 10.6,
        "slug": "queso-lonchas",
        "description": "Queso Lonchas 150 Gr",
        "image": "https:\/\/cdn-consum.aktiosdigitalservices.com\/tol\/consum\/media\/product\/img\/300x300\/7200702.jpg?t=20250312125332"
    },
    {
        "id": 10781,
        "name": "Bolsas Reutilizables Multiusos  Zip Mediana CONSUM",
        "price": 1.5,
        "price_kilo": 0.1,
        "slug": "bolsas-reutilizables-multiusos-zip-mediana",
        "description": "Bolsas Reutilizables Multiusos  Zip Mediana 15 U",
        "image": "https:\/\/cdn-consum.aktiosdigitalservices.com\/tol\/consum\/media\/product\/img\/300x300\/7202513.jpg?t=20241217081040"
    },
    {
        "id": 10782,
        "name": "Ventresca At\u00fan Aceite de Oliva CALVO",
        "price": 4.55,
        "price_kilo": 60.67,
        "slug": "ventresca-atun-aceite-de-oliva",
        "description": "Ventresca At\u00fan Aceite de Oliva 75 Gr",
        "image": "https:\/\/cdn-consum.aktiosdigitalservices.com\/tol\/consum\/media\/product\/img\/300x300\/7202703.jpg?t=20250227091412"
    },
    {
        "id": 10784,
        "name": "Salsa de Miel y Mostaza CHOVI",
        "price": 2.69,
        "price_kilo": 10.55,
        "slug": "salsa-de-miel-y-mostaza",
        "description": "Salsa de Miel y Mostaza 255 Gr",
        "image": "https:\/\/cdn-consum.aktiosdigitalservices.com\/tol\/consum\/media\/product\/img\/300x300\/7203123.jpg?t=20241217081040"
    },
    {
        "id": 10786,
        "name": "Filete de Caballa del Sur Aceite de Girasol PESASUR",
        "price": 7.35,
        "price_kilo": 21.49,
        "slug": "filete-de-caballa-del-sur-aceite-de-girasol",
        "description": "Filete de Caballa del Sur Aceite de Girasol 342 Gr",
        "image": "https:\/\/cdn-consum.aktiosdigitalservices.com\/tol\/consum\/media\/product\/img\/300x300\/7204584.jpg?t=20250125075751"
    },
    {
        "id": 10790,
        "name": "Preparado para Huevos Rotos congelado FRIPOZO",
        "price": 2.49,
        "price_kilo": 6.23,
        "slug": "preparado-para-huevos-rotos-congelado",
        "description": "Preparado para Huevos Rotos congelado 400 Gr",
        "image": "https:\/\/cdn-consum.aktiosdigitalservices.com\/tol\/consum\/media\/product\/img\/300x300\/7205305.jpg?t=20241217081040"
    },
    {
        "id": 10795,
        "name": "Esp\u00e1rrago 6\/8 D.O. Navarra. Frasco DANTZA",
        "price": 5.69,
        "price_kilo": 27.76,
        "slug": "esparrago-6-8-do-navarra-frasco",
        "description": "Esp\u00e1rrago 6\/8 D.O. Navarra. Frasco 205 Gr",
        "image": "https:\/\/cdn-consum.aktiosdigitalservices.com\/tol\/consum\/media\/product\/img\/300x300\/7208622.jpg?t=20250109095826"
    },
    {
        "id": 10806,
        "name": "Mortadela Fina con Aceitunas ELPOZO",
        "price": 2,
        "price_kilo": 4,
        "slug": "mortadela-fina-con-aceitunas",
        "description": "Mortadela Fina con Aceitunas 500 Gr",
        "image": "https:\/\/cdn-consum.aktiosdigitalservices.com\/tol\/consum\/media\/product\/img\/300x300\/7211753.jpg?t=20241217081043"
    },
    {
        "id": 10807,
        "name": "Tarrinas Caramel Attraction P-4 HAAGEN DAZS",
        "price": 6.39,
        "price_kilo": 19.9,
        "slug": "tarrinas-caramel-attraction-p-4",
        "description": "Tarrinas Caramel Attraction P-4 - 321 Gr",
        "image": "https:\/\/cdn-consum.aktiosdigitalservices.com\/tol\/consum\/media\/product\/img\/300x300\/7212322.jpg?t=20250227091502"
    },
    {
        "id": 10811,
        "name": "Mussaka congelada MAHESO",
        "price": 2.99,
        "price_kilo": 9.96,
        "slug": "mussaka-congelada",
        "description": "Mussaka congelada 300 Gr",
        "image": "https:\/\/cdn-consum.aktiosdigitalservices.com\/tol\/consum\/media\/product\/img\/300x300\/7213114.jpg?t=20250312125350"
    },
    {
        "id": 10812,
        "name": "Pan de Cristal ",
        "price": 1.31,
        "price_kilo": 5.46,
        "slug": "pan-de-cristal",
        "description": "Pan de Cristal 240 Gr",
        "image": "https:\/\/cdn-consum.aktiosdigitalservices.com\/tol\/consum\/media\/product\/img\/300x300\/7214000.jpg?t=20250211080007"
    },
    {
        "id": 10814,
        "name": "Pat\u00e9 Ib\u00e9rico Pack de 2 Unidades LA CUINA",
        "price": 1.45,
        "price_kilo": 14.5,
        "slug": "pate-iberico-pack-de-2-unidades",
        "description": "Pat\u00e9 Ib\u00e9rico Pack de 2 Unidades 2 x 50 Gr",
        "image": "https:\/\/cdn-consum.aktiosdigitalservices.com\/tol\/consum\/media\/product\/img\/300x300\/7216633.jpg?t=20241217081045"
    },
    {
        "id": 10821,
        "name": "Salsa Kebab White Bote CHOVI",
        "price": 2.29,
        "price_kilo": 9.16,
        "slug": "salsa-kebab-white-bote",
        "description": "Salsa Kebab White Bote 250 ml",
        "image": "https:\/\/cdn-consum.aktiosdigitalservices.com\/tol\/consum\/media\/product\/img\/300x300\/7219871.jpg?t=20241217081046"
    },
    {
        "id": 10827,
        "name": "Eneldo Frasco DUCROS",
        "price": 2.35,
        "price_kilo": 23.5,
        "slug": "eneldo-frasco",
        "description": "Eneldo Frasco 10 Gr",
        "image": "https:\/\/cdn-consum.aktiosdigitalservices.com\/tol\/consum\/media\/product\/img\/300x300\/7223378.jpg?t=20241217081047"
    },
    {
        "id": 10828,
        "name": "Hierbas Provenzales Frasco DUCROS",
        "price": 2.35,
        "price_kilo": 13.06,
        "slug": "hierbas-provenzales-frasco",
        "description": "Hierbas Provenzales Frasco 18 Gr",
        "image": "https:\/\/cdn-consum.aktiosdigitalservices.com\/tol\/consum\/media\/product\/img\/300x300\/7223381.jpg?t=20241217081047"
    },
    {
        "id": 10829,
        "name": "Comino Molido Frasco DUCROS",
        "price": 2.35,
        "price_kilo": 8.39,
        "slug": "comino-molido-frasco",
        "description": "Comino Molido Frasco 28 Gr",
        "image": "https:\/\/cdn-consum.aktiosdigitalservices.com\/tol\/consum\/media\/product\/img\/300x300\/7223402.jpg?t=20250206092245"
    },
    {
        "id": 10830,
        "name": "Cebollino Frasco DUCROS",
        "price": 2.35,
        "price_kilo": 94,
        "slug": "cebollino-frasco",
        "description": "Cebollino Frasco 2,5 Gr",
        "image": "https:\/\/cdn-consum.aktiosdigitalservices.com\/tol\/consum\/media\/product\/img\/300x300\/7223415.jpg?t=20241217081047"
    },
    {
        "id": 10833,
        "name": "Canela Molida Frasco DUCROS",
        "price": 2.65,
        "price_kilo": 6.79,
        "slug": "canela-molida-frasco",
        "description": "Canela Molida Frasco 39 Gr",
        "image": "https:\/\/cdn-consum.aktiosdigitalservices.com\/tol\/consum\/media\/product\/img\/300x300\/7223568.jpg?t=20250206092246"
    },
    {
        "id": 10834,
        "name": "Canela en Rama Frasco DUCROS",
        "price": 2.89,
        "price_kilo": 28.9,
        "slug": "canela-en-rama-frasco",
        "description": "Canela en Rama Frasco 10 Gr",
        "image": "https:\/\/cdn-consum.aktiosdigitalservices.com\/tol\/consum\/media\/product\/img\/300x300\/7223571.jpg?t=20250206092248"
    },
    {
        "id": 10835,
        "name": "Canela 5 Ramas Paquete DUCROS",
        "price": 5.85,
        "price_kilo": 26.59,
        "slug": "canela-5-ramas-paquete",
        "description": "Canela 5 Ramas Paquete 22 Gr",
        "image": "https:\/\/cdn-consum.aktiosdigitalservices.com\/tol\/consum\/media\/product\/img\/300x300\/7223576.jpg?t=20250322075928"
    },
    {
        "id": 10837,
        "name": "Albahaca Frasco DUCROS",
        "price": 2.35,
        "price_kilo": 19.58,
        "slug": "albahaca-frasco",
        "description": "Albahaca Frasco 12 Gr",
        "image": "https:\/\/cdn-consum.aktiosdigitalservices.com\/tol\/consum\/media\/product\/img\/300x300\/7223589.jpg?t=20250311164556"
    },
    {
        "id": 10845,
        "name": "Romero Frasco DUCROS",
        "price": 2.35,
        "price_kilo": 10.22,
        "slug": "romero-frasco",
        "description": "Romero Frasco 23 Gr",
        "image": "https:\/\/cdn-consum.aktiosdigitalservices.com\/tol\/consum\/media\/product\/img\/300x300\/7223659.jpg?t=20241217081048"
    },
    {
        "id": 10847,
        "name": "Pimienta Negra Entera Frasco DUCROS",
        "price": 3.19,
        "price_kilo": 6.65,
        "slug": "pimienta-negra-entera-frasco",
        "description": "Pimienta Negra Entera Frasco 48 Gr",
        "image": "https:\/\/cdn-consum.aktiosdigitalservices.com\/tol\/consum\/media\/product\/img\/300x300\/7223683.jpg?t=20241217081048"
    },
    {
        "id": 10848,
        "name": "Pimienta Cayena Entera Frasco DUCROS",
        "price": 2.35,
        "price_kilo": 21.36,
        "slug": "pimienta-cayena-entera-frasco",
        "description": "Pimienta Cayena Entera Frasco 11 Gr",
        "image": "https:\/\/cdn-consum.aktiosdigitalservices.com\/tol\/consum\/media\/product\/img\/300x300\/7223696.jpg?t=20241217081048"
    },
    {
        "id": 10851,
        "name": "Piment\u00f3n Picante Frasco DUCROS",
        "price": 2.35,
        "price_kilo": 6.35,
        "slug": "pimenton-picante-frasco",
        "description": "Piment\u00f3n Picante Frasco 37 Gr",
        "image": "https:\/\/cdn-consum.aktiosdigitalservices.com\/tol\/consum\/media\/product\/img\/300x300\/7223717.jpg?t=20241217081048"
    },
    {
        "id": 10856,
        "name": "Piment\u00f3n Dulce Frasco DUCROS",
        "price": 2.35,
        "price_kilo": 5.88,
        "slug": "pimenton-dulce-frasco",
        "description": "Piment\u00f3n Dulce Frasco 40 Gr",
        "image": "https:\/\/cdn-consum.aktiosdigitalservices.com\/tol\/consum\/media\/product\/img\/300x300\/7223782.jpg?t=20250227091739"
    },
    {
        "id": 10857,
        "name": "Calamares en Salsa Americana ALBO",
        "price": 2.79,
        "price_kilo": 38.75,
        "slug": "calamares-en-salsa-americana",
        "description": "Calamares en Salsa Americana 72 Gr",
        "image": "https:\/\/cdn-consum.aktiosdigitalservices.com\/tol\/consum\/media\/product\/img\/300x300\/7224314.jpg?t=20250227091742"
    },
    {
        "id": 10860,
        "name": "Gran Salsa Mostaza Bote HELLMANN'S",
        "price": 2.25,
        "price_kilo": 8.75,
        "slug": "gran-salsa-mostaza-bote",
        "description": "Gran Salsa Mostaza Bote 257 Gr",
        "image": "https:\/\/cdn-consum.aktiosdigitalservices.com\/tol\/consum\/media\/product\/img\/300x300\/7224756.jpg?t=20250220080323"
    },
    {
        "id": 10867,
        "name": "Arroz Redondo Paquete BRILLANTE",
        "price": 2.79,
        "price_kilo": 2.79,
        "slug": "arroz-redondo-paquete",
        "description": "Arroz Redondo Paquete 1 Kg",
        "image": "https:\/\/cdn-consum.aktiosdigitalservices.com\/tol\/consum\/media\/product\/img\/300x300\/7225964.jpg?t=20250103081205"
    },
    {
        "id": 10870,
        "name": "Olivada Arbequina Tarro D'ATENEA",
        "price": 1.95,
        "price_kilo": 14.44,
        "slug": "olivada-arbequina-tarro",
        "description": "Olivada Arbequina Tarro 135 Gr",
        "image": "https:\/\/cdn-consum.aktiosdigitalservices.com\/tol\/consum\/media\/product\/img\/300x300\/7227031.jpg?t=20250131075836"
    },
    {
        "id": 10871,
        "name": "Bloc Foie Gras de Pato Lata SOROA",
        "price": 6.99,
        "price_kilo": 53.77,
        "slug": "bloc-foie-gras-de-pato-lata",
        "description": "Bloc Foie Gras de Pato Lata 130 Gr",
        "image": "https:\/\/cdn-consum.aktiosdigitalservices.com\/tol\/consum\/media\/product\/img\/300x300\/7227627.jpg?t=20250131075838"
    },
    {
        "id": 10873,
        "name": "Guisantes Extra Finos Frasco BONDUELLE",
        "price": 3.89,
        "price_kilo": 8.37,
        "slug": "guisantes-extra-finos-frasco",
        "description": "Guisantes Extra Finos Frasco 465 Gr",
        "image": "https:\/\/cdn-consum.aktiosdigitalservices.com\/tol\/consum\/media\/product\/img\/300x300\/7228810.jpg?t=20250318080135"
    },
    {
        "id": 10876,
        "name": "Whisky Scotch BALLANTINES",
        "price": 19.95,
        "price_kilo": 19.95,
        "slug": "whisky-scotch",
        "description": "Whisky Scotch 1 L",
        "image": "https:\/\/cdn-consum.aktiosdigitalservices.com\/tol\/consum\/media\/product\/img\/300x300\/7230514.jpg?t=20250322075934"
    },
    {
        "id": 10895,
        "name": "Chorizo Dulce Extra PALACIOS",
        "price": 4.35,
        "price_kilo": 17.4,
        "slug": "chorizo-dulce-extra",
        "description": "Chorizo Dulce Extra 250 Gr",
        "image": "https:\/\/cdn-consum.aktiosdigitalservices.com\/tol\/consum\/media\/product\/img\/300x300\/7235690.jpg?t=20250312160320"
    },
    {
        "id": 10905,
        "name": "Arroz Vaporizado Caja BRILLANTE",
        "price": 1.98,
        "price_kilo": 1.98,
        "slug": "arroz-vaporizado-caja",
        "description": "Arroz Vaporizado Caja 1 Kg",
        "image": "https:\/\/cdn-consum.aktiosdigitalservices.com\/tol\/consum\/media\/product\/img\/300x300\/7237238.jpg?t=20250103081230"
    },
    {
        "id": 10915,
        "name": "Pat\u00e9 Superior Pato MARTIKO",
        "price": 3.99,
        "price_kilo": 26.6,
        "slug": "pate-superior-pato",
        "description": "Pat\u00e9 Superior Pato 2 x 75 Gr",
        "image": "https:\/\/cdn-consum.aktiosdigitalservices.com\/tol\/consum\/media\/product\/img\/300x300\/7239648.jpg?t=20250312160331"
    },
    {
        "id": 10916,
        "name": "Pat\u00e9 Superior Oca MARTIKO",
        "price": 3.99,
        "price_kilo": 26.6,
        "slug": "pate-superior-oca",
        "description": "Pat\u00e9 Superior Oca 2 x 75 Gr",
        "image": "https:\/\/cdn-consum.aktiosdigitalservices.com\/tol\/consum\/media\/product\/img\/300x300\/7239650.jpg?t=20250109100506"
    },
    {
        "id": 10923,
        "name": "Ensalada Mediterr\u00e1nea Frasco BONDUELLE",
        "price": 3.69,
        "price_kilo": 11.9,
        "slug": "ensalada-mediterranea-frasco",
        "description": "Ensalada Mediterr\u00e1nea Frasco 310 Gr",
        "image": "https:\/\/cdn-consum.aktiosdigitalservices.com\/tol\/consum\/media\/product\/img\/300x300\/7240930.jpg?t=20250318080155"
    },
    {
        "id": 10928,
        "name": "Zumo Smoothie Mango  y Maracuy\u00e1 DON SIMON",
        "price": 2.35,
        "price_kilo": 3.13,
        "slug": "zumo-smoothie-mango-y-maracuya",
        "description": "Zumo Smoothie Mango  y Maracuy\u00e1 750 ml",
        "image": "https:\/\/cdn-consum.aktiosdigitalservices.com\/tol\/consum\/media\/product\/img\/300x300\/7242050.jpg?t=20250227092015"
    },
    {
        "id": 10933,
        "name": "Crema de Jam\u00f3n de York Pack de 3 APIS",
        "price": 2.75,
        "price_kilo": 11.46,
        "slug": "crema-de-jamon-de-york-pack-de-3",
        "description": "Crema de Jam\u00f3n de York Pack de 3 3 x 80 Gr",
        "image": "https:\/\/cdn-consum.aktiosdigitalservices.com\/tol\/consum\/media\/product\/img\/300x300\/7243678.jpg?t=20250318080200"
    },
    {
        "id": 10936,
        "name": "Banderillas Picantes Aceite y Sabor Anchoa KIMBO",
        "price": 2.8,
        "price_kilo": 23.33,
        "slug": "banderillas-picantes-aceite-y-sabor-anchoa",
        "description": "Banderillas Picantes Aceite y Sabor Anchoa 120 Gr",
        "image": "https:\/\/cdn-consum.aktiosdigitalservices.com\/tol\/consum\/media\/product\/img\/300x300\/7243819.jpg?t=20250313080339"
    },
    {
        "id": 10937,
        "name": "Vino para Cocinar Blanco Seco Botella LA ABUELA",
        "price": 2.89,
        "price_kilo": 3.85,
        "slug": "vino-para-cocinar-blanco-seco-botella",
        "description": "Vino para Cocinar Blanco Seco Botella 750 ml",
        "image": "https:\/\/cdn-consum.aktiosdigitalservices.com\/tol\/consum\/media\/product\/img\/300x300\/7245298.jpg?t=20250322075936"
    },
    {
        "id": 10939,
        "name": "Hogaza 7 Cereales y Semillas ",
        "price": 2.22,
        "price_kilo": 6.08,
        "slug": "hogaza-7-cereales-y-semillas",
        "description": "Hogaza 7 Cereales y Semillas 384 Gr",
        "image": "https:\/\/cdn-consum.aktiosdigitalservices.com\/tol\/consum\/media\/product\/img\/300x300\/7245954.jpg?t=20250228080127"
    },
    {
        "id": 10940,
        "name": "Paleta Duroc LA HOGUERA",
        "price": 3.29,
        "price_kilo": 32.9,
        "slug": "paleta-duroc",
        "description": "Paleta Duroc 100 Gr",
        "image": "https:\/\/cdn-consum.aktiosdigitalservices.com\/tol\/consum\/media\/product\/img\/300x300\/7246007.jpg?t=20250206092531"
    },
    {
        "id": 10942,
        "name": "Salsa Barbacoa Classic Pet HEINZ",
        "price": 3.49,
        "price_kilo": 7.27,
        "slug": "salsa-barbacoa-classic-pet",
        "description": "Salsa Barbacoa Classic Pet 400 ml",
        "image": "https:\/\/cdn-consum.aktiosdigitalservices.com\/tol\/consum\/media\/product\/img\/300x300\/7247427.jpg?t=20250219080120"
    },
    {
        "id": 10945,
        "name": "Mostaza a la Miel Frasco MAILLE",
        "price": 3.65,
        "price_kilo": 15.87,
        "slug": "mostaza-a-la-miel-frasco",
        "description": "Mostaza a la Miel Frasco 230 Gr",
        "image": "https:\/\/cdn-consum.aktiosdigitalservices.com\/tol\/consum\/media\/product\/img\/300x300\/7248859.jpg?t=20250311105634"
    },
    {
        "id": 10954,
        "name": "Curry Tradici\u00f3n Frasco DUCROS",
        "price": 3.99,
        "price_kilo": 75.28,
        "slug": "curry-tradicion-frasco",
        "description": "Curry Tradici\u00f3n Frasco 53 Gr",
        "image": "https:\/\/cdn-consum.aktiosdigitalservices.com\/tol\/consum\/media\/product\/img\/300x300\/7249717.jpg?t=20250227092146"
    },
    {
        "id": 10957,
        "name": "Aceituna Gordal Picante sin Hueso Lata BERNAL",
        "price": 2.99,
        "price_kilo": 19.93,
        "slug": "aceituna-gordal-picante-sin-hueso-lata",
        "description": "Aceituna Gordal Picante sin Hueso Lata 150 Gr",
        "image": "https:\/\/cdn-consum.aktiosdigitalservices.com\/tol\/consum\/media\/product\/img\/300x300\/7250488.jpg?t=20250312160405"
    },
    {
        "id": 10959,
        "name": "Preparado para Paella Frasco SABATER",
        "price": 3.09,
        "price_kilo": 58.3,
        "slug": "preparado-para-paella-frasco",
        "description": "Preparado para Paella Frasco 53 Gr",
        "image": "https:\/\/cdn-consum.aktiosdigitalservices.com\/tol\/consum\/media\/product\/img\/300x300\/7251309.jpg?t=20241217081100"
    },
    {
        "id": 10981,
        "name": "Jam\u00f3n Serrano Reserva Como Cortado a Mano BOADAS",
        "price": 2.99,
        "price_kilo": 37.38,
        "slug": "jamon-serrano-reserva-como-cortado-a-mano",
        "description": "Jam\u00f3n Serrano Reserva Como Cortado a Mano 80 Gr",
        "image": "https:\/\/cdn-consum.aktiosdigitalservices.com\/tol\/consum\/media\/product\/img\/300x300\/7257280.jpg?t=20250227092236"
    },
    {
        "id": 10988,
        "name": "Pat\u00e9 de Jam\u00f3n Ib\u00e9rico APIS",
        "price": 1.65,
        "price_kilo": 13.2,
        "slug": "pate-de-jamon-iberico",
        "description": "Pat\u00e9 de Jam\u00f3n Ib\u00e9rico 125 Gr",
        "image": "https:\/\/cdn-consum.aktiosdigitalservices.com\/tol\/consum\/media\/product\/img\/300x300\/7260115.jpg?t=20250318080214"
    },
    {
        "id": 10993,
        "name": "Escamas de Queso Parmigiano Reggiano FERRARINI",
        "price": 2.34,
        "price_kilo": 29.25,
        "slug": "escamas-de-queso-parmigiano-reggiano",
        "description": "Escamas de Queso Parmigiano Reggiano 80 Gr",
        "image": "https:\/\/cdn-consum.aktiosdigitalservices.com\/tol\/consum\/media\/product\/img\/300x300\/7260664.jpg?t=20250227092256"
    },
    {
        "id": 11020,
        "name": "Mini Rosquilla Glas 5 Unidades ",
        "price": 1.69,
        "price_kilo": 11.27,
        "slug": "mini-rosquilla-glas-5-unidades",
        "description": "Mini Rosquilla Glas 5 Unidades 150 Gr",
        "image": "https:\/\/cdn-consum.aktiosdigitalservices.com\/tol\/consum\/media\/product\/img\/300x300\/7263598.jpg?t=20250114084301"
    },
    {
        "id": 11021,
        "name": "Nata Montar Pack de 3 Minibrik CONSUM",
        "price": 2.2,
        "price_kilo": 3.67,
        "slug": "nata-montar-pack-de-3-minibrik",
        "description": "Nata Montar Pack de 3 Minibrik 3 x 200 ml",
        "image": "https:\/\/cdn-consum.aktiosdigitalservices.com\/tol\/consum\/media\/product\/img\/300x300\/7264104.jpg?t=20250311105758"
    },
    {
        "id": 11026,
        "name": "Ensalada Mediterr\u00e1nea CALVO",
        "price": 1.45,
        "price_kilo": 9.67,
        "slug": "ensalada-mediterranea",
        "description": "Ensalada Mediterr\u00e1nea 150 Gr",
        "image": "https:\/\/cdn-consum.aktiosdigitalservices.com\/tol\/consum\/media\/product\/img\/300x300\/7264633.jpg?t=20250220080420"
    },
    {
        "id": 11027,
        "name": "Pat\u00e9 de At\u00fan Lata Pack de 2 CALVO",
        "price": 2.79,
        "price_kilo": 18.6,
        "slug": "pate-de-atun-lata-pack-de-2",
        "description": "Pat\u00e9 de At\u00fan Lata Pack de 2 2 x 75 Gr",
        "image": "https:\/\/cdn-consum.aktiosdigitalservices.com\/tol\/consum\/media\/product\/img\/300x300\/7264641.jpg?t=20250227092334"
    },
    {
        "id": 11028,
        "name": "Pat\u00e9 de At\u00fan 0% Materia Grasa CALVO",
        "price": 2.79,
        "price_kilo": 18.6,
        "slug": "pate-de-atun-0-materia-grasa",
        "description": "Pat\u00e9 de At\u00fan 0% Materia Grasa 2 x 75 Gr",
        "image": "https:\/\/cdn-consum.aktiosdigitalservices.com\/tol\/consum\/media\/product\/img\/300x300\/7264646.jpg?t=20250227092337"
    },
    {
        "id": 11029,
        "name": "Garbanza Selecci\u00f3n Paquete DON PEDRO",
        "price": 4.11,
        "price_kilo": 4.11,
        "slug": "garbanza-seleccion-paquete",
        "description": "Garbanza Selecci\u00f3n Paquete 1 Kg",
        "image": "https:\/\/cdn-consum.aktiosdigitalservices.com\/tol\/consum\/media\/product\/img\/300x300\/7264914.jpg?t=20250206092853"
    },
    {
        "id": 11033,
        "name": "Salsa Mayonesa Deliciosa HEINZ",
        "price": 2.89,
        "price_kilo": 6.02,
        "slug": "salsa-mayonesa-deliciosa",
        "description": "Salsa Mayonesa Deliciosa 480 ml",
        "image": "https:\/\/cdn-consum.aktiosdigitalservices.com\/tol\/consum\/media\/product\/img\/300x300\/7265622.jpg?t=20250109101058"
    },
    {
        "id": 11034,
        "name": "Aceite de Oliva Virgen Botella CONSUM",
        "price": 13.75,
        "price_kilo": 4.58,
        "slug": "aceite-de-oliva-virgen-botella",
        "description": "Aceite de Oliva Virgen Botella 3 L",
        "image": "https:\/\/cdn-consum.aktiosdigitalservices.com\/tol\/consum\/media\/product\/img\/300x300\/7265689.jpg?t=20250311105821"
    },
    {
        "id": 11035,
        "name": "Aceite de Oliva Virgen Botella CONSUM",
        "price": 2.79,
        "price_kilo": 5.58,
        "slug": "aceite-de-oliva-virgen-botella",
        "description": "Aceite de Oliva Virgen Botella 0,5 L",
        "image": "https:\/\/cdn-consum.aktiosdigitalservices.com\/tol\/consum\/media\/product\/img\/300x300\/7265697.jpg?t=20250311124612"
    },
    {
        "id": 11036,
        "name": "Aceite de Oliva Virgen Extra Cristal CONSUM",
        "price": 6.25,
        "price_kilo": 8.33,
        "slug": "aceite-de-oliva-virgen-extra-cristal",
        "description": "Aceite de Oliva Virgen Extra Cristal 0,75 L",
        "image": "https:\/\/cdn-consum.aktiosdigitalservices.com\/tol\/consum\/media\/product\/img\/300x300\/7265700.jpg?t=20250311124614"
    },
    {
        "id": 11041,
        "name": "Salsa Barbacoa Pet HELLMANN'S",
        "price": 2.25,
        "price_kilo": 7.89,
        "slug": "salsa-barbacoa-pet",
        "description": "Salsa Barbacoa Pet 250 ml",
        "image": "https:\/\/cdn-consum.aktiosdigitalservices.com\/tol\/consum\/media\/product\/img\/300x300\/7266257.jpg?t=20250220080430"
    },
    {
        "id": 11048,
        "name": "Longaniza de Pay\u00e9s BOADAS",
        "price": 1.99,
        "price_kilo": 24.88,
        "slug": "longaniza-de-payes",
        "description": "Longaniza de Pay\u00e9s 80 Gr",
        "image": "https:\/\/cdn-consum.aktiosdigitalservices.com\/tol\/consum\/media\/product\/img\/300x300\/7266380.jpg?t=20250222075840"
    },
    {
        "id": 11066,
        "name": "Queso Lonchas Gouda Light JUAN LUNA",
        "price": 1.65,
        "price_kilo": 16.5,
        "slug": "queso-lonchas-gouda-light",
        "description": "Queso Lonchas Gouda Light 100 Gr",
        "image": "https:\/\/cdn-consum.aktiosdigitalservices.com\/tol\/consum\/media\/product\/img\/300x300\/7268050.jpg?t=20250103081407"
    },
    {
        "id": 11072,
        "name": "Salsa Pesto Tarro GALLO",
        "price": 2.53,
        "price_kilo": 13.32,
        "slug": "salsa-pesto-tarro",
        "description": "Salsa Pesto Tarro 190 Gr",
        "image": "https:\/\/cdn-consum.aktiosdigitalservices.com\/tol\/consum\/media\/product\/img\/300x300\/7268469.jpg?t=20250206092936"
    },
    {
        "id": 11083,
        "name": "La Gula del Norte GULA NORTE",
        "price": 3.19,
        "price_kilo": 31.9,
        "slug": "la-gula-del-norte",
        "description": "La Gula del Norte 100 Gr",
        "image": "https:\/\/cdn-consum.aktiosdigitalservices.com\/tol\/consum\/media\/product\/img\/300x300\/7268824.jpg?t=20250227092411"
    },
    {
        "id": 11091,
        "name": "Pan Hamburguesa R\u00fastico Natural 100% 4U ",
        "price": 1.56,
        "price_kilo": 5.2,
        "slug": "pan-hamburguesa-rustico-natural-100-4u",
        "description": "Pan Hamburguesa R\u00fastico Natural 100% 4U 300 Gr",
        "image": "https:\/\/cdn-consum.aktiosdigitalservices.com\/tol\/consum\/media\/product\/img\/300x300\/7270585.jpg?t=20250312125510"
    },
    {
        "id": 11093,
        "name": "Zumo de Naranja con Pulpa FRUTAE",
        "price": 2.19,
        "price_kilo": 2.92,
        "slug": "zumo-de-naranja-con-pulpa",
        "description": "Zumo de Naranja con Pulpa 750 ml",
        "image": "https:\/\/cdn-consum.aktiosdigitalservices.com\/tol\/consum\/media\/product\/img\/300x300\/7270999.jpg?t=20250314121529"
    },
    {
        "id": 11114,
        "name": "Pera Ercolini ",
        "price": 0.36,
        "price_kilo": 3.6,
        "slug": "pera-ercolini",
        "description": "Pera Ercolini",
        "image": "https:\/\/cdn-consum.aktiosdigitalservices.com\/tol\/consum\/media\/product\/img\/300x300\/16576.jpg?t=20250318080929"
    },
    {
        "id": 11120,
        "name": "Limpiador WC L\u00edquido Oc\u00e9ano PATO",
        "price": 3.19,
        "price_kilo": 4.25,
        "slug": "limpiador-wc-liquido-oceano",
        "description": "Limpiador WC L\u00edquido Oc\u00e9ano 0,75 L",
        "image": "https:\/\/cdn-consum.aktiosdigitalservices.com\/tol\/consum\/media\/product\/img\/300x300\/402073.jpg?t=20250227085945"
    },
    {
        "id": 11121,
        "name": "Recambio Insecticida L\u00edquido 45 Noches BLOOM",
        "price": 5.1,
        "price_kilo": 5.1,
        "slug": "recambio-insecticida-liquido-45-noches",
        "description": "Recambio Insecticida L\u00edquido 45 Noches 1 U",
        "image": "https:\/\/cdn-consum.aktiosdigitalservices.com\/tol\/consum\/media\/product\/img\/300x300\/415182.jpg?t=20250318080931"
    },
    {
        "id": 11126,
        "name": "Crema Hidratante Men NIVEA",
        "price": 9.19,
        "price_kilo": 12.25,
        "slug": "crema-hidratante-men",
        "description": "Crema Hidratante Men 75 ml",
        "image": "https:\/\/cdn-consum.aktiosdigitalservices.com\/tol\/consum\/media\/product\/img\/300x300\/655555.jpg?t=20250102075820"
    },
    {
        "id": 11137,
        "name": "Manteca de Cerdo Ib\u00e9rico LEGADO",
        "price": 3.75,
        "price_kilo": 9.38,
        "slug": "manteca-de-cerdo-iberico",
        "description": "Manteca de Cerdo Ib\u00e9rico 400 Gr",
        "image": "https:\/\/cdn-consum.aktiosdigitalservices.com\/tol\/consum\/media\/product\/img\/300x300\/7019599.jpg?t=20250220080021"
    },
    {
        "id": 11138,
        "name": "Hidratante Men Expert Hidra Energetic L'OREAL",
        "price": 6.95,
        "price_kilo": 13.9,
        "slug": "hidratante-men-expert-hidra-energetic",
        "description": "Hidratante Men Expert Hidra Energetic 50 ml",
        "image": "https:\/\/cdn-consum.aktiosdigitalservices.com\/tol\/consum\/media\/product\/img\/300x300\/7022663.jpg?t=20250227090353"
    },
    {
        "id": 11146,
        "name": "Crema Depilatoria Ducha Piel Normal VEET",
        "price": 5.5,
        "price_kilo": 3.67,
        "slug": "crema-depilatoria-ducha-piel-normal",
        "description": "Crema Depilatoria Ducha Piel Normal 150 ml",
        "image": "https:\/\/cdn-consum.aktiosdigitalservices.com\/tol\/consum\/media\/product\/img\/300x300\/7045206.jpg?t=20250313075959"
    },
    {
        "id": 11149,
        "name": "Sopa Juliana TREVIJANO",
        "price": 2.79,
        "price_kilo": 27.9,
        "slug": "sopa-juliana",
        "description": "Sopa Juliana 100 Gr",
        "image": "https:\/\/cdn-consum.aktiosdigitalservices.com\/tol\/consum\/media\/product\/img\/300x300\/7053452.jpg?t=20250103080339"
    },
    {
        "id": 11152,
        "name": "Recambio Insecticida N&D RAID",
        "price": 6.35,
        "price_kilo": 6.35,
        "slug": "recambio-insecticida-nd",
        "description": "Recambio Insecticida N&D 1 U",
        "image": "https:\/\/cdn-consum.aktiosdigitalservices.com\/tol\/consum\/media\/product\/img\/300x300\/7066348.jpg?t=20250320075803"
    },
    {
        "id": 11155,
        "name": "Snacks para perros sabor buey Rodeo Pedigree 70g PEDIGREE",
        "price": 1.49,
        "price_kilo": 21.29,
        "slug": "snacks-para-perros-sabor-buey-rodeo-pedigree-70g",
        "description": "Snacks para perros sabor buey Rodeo Pedigree 70g",
        "image": "https:\/\/cdn-consum.aktiosdigitalservices.com\/tol\/consum\/media\/product\/img\/300x300\/7071637.jpg?t=20250227090542"
    },
    {
        "id": 11156,
        "name": "Snacks dentales para perros medianos Dentastix PEDIGREE",
        "price": 2.99,
        "price_kilo": 0.43,
        "slug": "snacks-dentales-para-perros-medianos-dentastix",
        "description": "Snacks dentales para perros medianos Dentastix Pedigree 180g 7 U",
        "image": "https:\/\/cdn-consum.aktiosdigitalservices.com\/tol\/consum\/media\/product\/img\/300x300\/7071645.jpg?t=20250227090546"
    },
    {
        "id": 11161,
        "name": "Vela en Vaso Satinado Frutas del Bosque ROURA",
        "price": 1.95,
        "price_kilo": 1.95,
        "slug": "vela-en-vaso-satinado-frutas-del-bosque",
        "description": "Vela en Vaso Satinado Frutas del Bosque 1 U",
        "image": "https:\/\/cdn-consum.aktiosdigitalservices.com\/tol\/consum\/media\/product\/img\/300x300\/7092245.jpg?t=20241224080930"
    },
    {
        "id": 11162,
        "name": "Tomate Deshidratado Bandeja TREVIJANO",
        "price": 3.31,
        "price_kilo": 47.29,
        "slug": "tomate-deshidratado-bandeja",
        "description": "Tomate Deshidratado Bandeja 70 Gr",
        "image": "https:\/\/cdn-consum.aktiosdigitalservices.com\/tol\/consum\/media\/product\/img\/300x300\/7094550.jpg?t=20250224075641"
    },
    {
        "id": 11167,
        "name": "Barritas con Vitaminas para Periquitos VITAKRAFT",
        "price": 1.38,
        "price_kilo": 0.69,
        "slug": "barritas-con-vitaminas-para-periquitos",
        "description": "Barritas con Vitaminas para Periquitos 2 U",
        "image": "https:\/\/cdn-consum.aktiosdigitalservices.com\/tol\/consum\/media\/product\/img\/300x300\/7104268.jpg?t=20241217081020"
    },
    {
        "id": 11172,
        "name": "Hierba Gatos VITAKRAFT",
        "price": 3.65,
        "price_kilo": 30.42,
        "slug": "hierba-gatos",
        "description": "Hierba Gatos 120 Gr",
        "image": "https:\/\/cdn-consum.aktiosdigitalservices.com\/tol\/consum\/media\/product\/img\/300x300\/7104359.jpg?t=20250304115711"
    },
    {
        "id": 11173,
        "name": "Comida Seca Gatos Ultima de Pollo ULTIMA",
        "price": 9.99,
        "price_kilo": 6.66,
        "slug": "comida-seca-gatos-ultima-de-pollo",
        "description": "Comida Seca Gatos Ultima de Pollo 1,5 Kg",
        "image": "https:\/\/cdn-consum.aktiosdigitalservices.com\/tol\/consum\/media\/product\/img\/300x300\/7105435.jpg?t=20250227090708"
    },
    {
        "id": 11176,
        "name": "Risotto de Hongos TREVIJANO",
        "price": 3.45,
        "price_kilo": 12.32,
        "slug": "risotto-de-hongos",
        "description": "Risotto de Hongos 280 Gr",
        "image": "https:\/\/cdn-consum.aktiosdigitalservices.com\/tol\/consum\/media\/product\/img\/300x300\/7110658.jpg?t=20250311164542"
    },
    {
        "id": 11179,
        "name": "Longaniza de Pay\u00e9s SOL\u00c0",
        "price": 4.85,
        "price_kilo": 19.4,
        "slug": "longaniza-de-payes",
        "description": "Longaniza de Pay\u00e9s 250 Gr",
        "image": "https:\/\/cdn-consum.aktiosdigitalservices.com\/tol\/consum\/media\/product\/img\/300x300\/7134505.jpg?t=20250312160028"
    },
    {
        "id": 11181,
        "name": "Risotto Mediterr\u00e1neo TREVIJANO",
        "price": 3.45,
        "price_kilo": 12.32,
        "slug": "risotto-mediterraneo",
        "description": "Risotto Mediterr\u00e1neo 280 Gr",
        "image": "https:\/\/cdn-consum.aktiosdigitalservices.com\/tol\/consum\/media\/product\/img\/300x300\/7135135.jpg?t=20250213075921"
    },
    {
        "id": 11182,
        "name": "Recetas Caseras Lentejas con Verduritas HERO",
        "price": 2.99,
        "price_kilo": 7.87,
        "slug": "recetas-caseras-lentejas-con-verduritas",
        "description": "Recetas Caseras Lentejas con Verduritas 2 x 190 Gr",
        "image": "https:\/\/cdn-consum.aktiosdigitalservices.com\/tol\/consum\/media\/product\/img\/300x300\/7144462.jpg?t=20250311133356"
    },
    {
        "id": 11187,
        "name": "Bracitos Trufa Chocolate DULCESOL",
        "price": 1,
        "price_kilo": 7.14,
        "slug": "bracitos-trufa-chocolate",
        "description": "Bracitos Trufa Chocolate 140 Gr",
        "image": "https:\/\/cdn-consum.aktiosdigitalservices.com\/tol\/consum\/media\/product\/img\/300x300\/7152473.jpg?t=20250311104656"
    },
    {
        "id": 11192,
        "name": "Comida Seca Perros Ultima Senior ULTIMA",
        "price": 14.95,
        "price_kilo": 4.98,
        "slug": "comida-seca-perros-ultima-senior",
        "description": "Comida Seca Perros Ultima Senior 3 Kg",
        "image": "https:\/\/cdn-consum.aktiosdigitalservices.com\/tol\/consum\/media\/product\/img\/300x300\/7156904.jpg?t=20250304115714"
    },
    {
        "id": 11194,
        "name": "Champi\u00f1\u00f3n Mini Frasco BONDUELLE",
        "price": 2.49,
        "price_kilo": 14.65,
        "slug": "champinon-mini-frasco",
        "description": "Champi\u00f1\u00f3n Mini Frasco 170 Gr",
        "image": "https:\/\/cdn-consum.aktiosdigitalservices.com\/tol\/consum\/media\/product\/img\/300x300\/7162576.jpg?t=20241217081027"
    },
    {
        "id": 11209,
        "name": "Sobrasada Picante ZAGAL",
        "price": 2.65,
        "price_kilo": 13.25,
        "slug": "sobrasada-picante",
        "description": "Sobrasada Picante 200 Gr",
        "image": "https:\/\/cdn-consum.aktiosdigitalservices.com\/tol\/consum\/media\/product\/img\/300x300\/7177298.jpg?t=20241217081031"
    },
    {
        "id": 11215,
        "name": "Crema Power Age Men Expert L'OREAL",
        "price": 7.25,
        "price_kilo": 14.5,
        "slug": "crema-power-age-men-expert",
        "description": "Crema Power Age Men Expert 50 ml",
        "image": "https:\/\/cdn-consum.aktiosdigitalservices.com\/tol\/consum\/media\/product\/img\/300x300\/7185432.jpg?t=20250227091204"
    },
    {
        "id": 11229,
        "name": "Tabla de Surtido Ib\u00e9rico de Cebo MONTARAZ",
        "price": 5.49,
        "price_kilo": 45.75,
        "slug": "tabla-de-surtido-iberico-de-cebo",
        "description": "Tabla de Surtido Ib\u00e9rico de Cebo 120 Gr",
        "image": "https:\/\/cdn-consum.aktiosdigitalservices.com\/tol\/consum\/media\/product\/img\/300x300\/7200207.jpg?t=20250109095655"
    },
    {
        "id": 11230,
        "name": "Licor Hierbas J\u00c4GERMEISTER",
        "price": 14.69,
        "price_kilo": 20.99,
        "slug": "licor-hierbas",
        "description": "Licor Hierbas 0,7 L",
        "image": "https:\/\/cdn-consum.aktiosdigitalservices.com\/tol\/consum\/media\/product\/img\/300x300\/7200538.jpg?t=20250304110314"
    },
    {
        "id": 11232,
        "name": "Alga Wakame Deshidratada. Bandeja TREVIJANO",
        "price": 2.75,
        "price_kilo": 55,
        "slug": "alga-wakame-deshidratada-bandeja",
        "description": "Alga Wakame Deshidratada. Bandeja 50 Gr",
        "image": "https:\/\/cdn-consum.aktiosdigitalservices.com\/tol\/consum\/media\/product\/img\/300x300\/7201754.jpg?t=20250318080935"
    },
    {
        "id": 11233,
        "name": "Cous Cous Marroqu\u00ed TREVIJANO",
        "price": 3.65,
        "price_kilo": 12.17,
        "slug": "cous-cous-marroqui",
        "description": "Cous Cous Marroqu\u00ed 300 Gr",
        "image": "https:\/\/cdn-consum.aktiosdigitalservices.com\/tol\/consum\/media\/product\/img\/300x300\/7201767.jpg?t=20250311164555"
    },
    {
        "id": 11237,
        "name": "Snacks para Gatos Felix Party Mix Original FELIX",
        "price": 1.95,
        "price_kilo": 32.5,
        "slug": "snacks-para-gatos-felix-party-mix-original",
        "description": "Snacks para Gatos Felix Party Mix Original 60 Gr",
        "image": "https:\/\/cdn-consum.aktiosdigitalservices.com\/tol\/consum\/media\/product\/img\/300x300\/7207574.jpg?t=20250207075944"
    },
    {
        "id": 11238,
        "name": "Chorizo de Jabugo Pieza CUYAR",
        "price": 2.29,
        "price_kilo": 19.08,
        "slug": "chorizo-de-jabugo-pieza",
        "description": "Chorizo de Jabugo Pieza 120 Gr",
        "image": "https:\/\/cdn-consum.aktiosdigitalservices.com\/tol\/consum\/media\/product\/img\/300x300\/7207624.jpg?t=20241217081041"
    },
    {
        "id": 11241,
        "name": "Snack Dental Perros Dentastix Perros Grande PEDIGREE",
        "price": 3.49,
        "price_kilo": 0.5,
        "slug": "snack-dental-perros-dentastix-perros-grande",
        "description": "Snack Dental Perros Dentastix Perros Grandes 270 Gr",
        "image": "https:\/\/cdn-consum.aktiosdigitalservices.com\/tol\/consum\/media\/product\/img\/300x300\/7211139.jpg?t=20250210075746"
    },
    {
        "id": 11242,
        "name": "Snacks Dental Multipack Dentastix Perro mediano PEDIGREE",
        "price": 10.99,
        "price_kilo": 0.39,
        "slug": "snacks-dental-multipack-dentastix-perro-mediano",
        "description": "Snacks Dental Multipack Dentastix Perro mediano 720 Gr",
        "image": "https:\/\/cdn-consum.aktiosdigitalservices.com\/tol\/consum\/media\/product\/img\/300x300\/7211162.jpg?t=20250210075748"
    },
    {
        "id": 11257,
        "name": "Cous Cous Mediterr\u00e1neo TREVIJANO",
        "price": 3.65,
        "price_kilo": 12.17,
        "slug": "cous-cous-mediterraneo",
        "description": "Cous Cous Mediterr\u00e1neo 300 Gr",
        "image": "https:\/\/cdn-consum.aktiosdigitalservices.com\/tol\/consum\/media\/product\/img\/300x300\/7217305.jpg?t=20250103081101"
    },
    {
        "id": 11261,
        "name": "Jam\u00f3n Serrano Duroc Lonchas LA HOGUERA",
        "price": 3.19,
        "price_kilo": 31.9,
        "slug": "jamon-serrano-duroc-lonchas",
        "description": "Jam\u00f3n Serrano Duroc Lonchas 100 Gr",
        "image": "https:\/\/cdn-consum.aktiosdigitalservices.com\/tol\/consum\/media\/product\/img\/300x300\/7226384.jpg?t=20250227091756"
    },
    {
        "id": 11262,
        "name": "Zanahoria Rallada Frasco BONDUELLE",
        "price": 2.75,
        "price_kilo": 9.82,
        "slug": "zanahoria-rallada-frasco",
        "description": "Zanahoria Rallada Frasco 280 Gr",
        "image": "https:\/\/cdn-consum.aktiosdigitalservices.com\/tol\/consum\/media\/product\/img\/300x300\/7230225.jpg?t=20250220080327"
    },
    {
        "id": 11270,
        "name": "Tarrinas Fruit Collection Pack de 4  x 100 Ml. HAAGEN DAZS",
        "price": 6.39,
        "price_kilo": 19.61,
        "slug": "tarrinas-fruit-collection-pack-de-4-x-100-ml",
        "description": "Tarrinas Fruit Collection Pack de 4  x 100 Ml. 326 Gr",
        "image": "https:\/\/cdn-consum.aktiosdigitalservices.com\/tol\/consum\/media\/product\/img\/300x300\/7231728.jpg?t=20250227091840"
    },
    {
        "id": 11283,
        "name": "Sofrito de Tomate y Verduras Frasco G.BLANCA",
        "price": 2.25,
        "price_kilo": 6.43,
        "slug": "sofrito-de-tomate-y-verduras-frasco",
        "description": "Sofrito de Tomate y Verduras Frasco 350 Gr",
        "image": "https:\/\/cdn-consum.aktiosdigitalservices.com\/tol\/consum\/media\/product\/img\/300x300\/7240885.jpg?t=20250227092001"
    },
    {
        "id": 11285,
        "name": "Rovell\u00f3n Entero Extra Frasco EMPERATRIZ",
        "price": 3.79,
        "price_kilo": 21.06,
        "slug": "rovellon-entero-extra-frasco",
        "description": "Rovell\u00f3n Entero Extra Frasco 180 Gr",
        "image": "https:\/\/cdn-consum.aktiosdigitalservices.com\/tol\/consum\/media\/product\/img\/300x300\/7241198.jpg?t=20241217081056"
    },
    {
        "id": 11286,
        "name": "Rovell\u00f3n Trozos Frasco EMPERATRIZ",
        "price": 2.99,
        "price_kilo": 16.61,
        "slug": "rovellon-trozos-frasco",
        "description": "Rovell\u00f3n Trozos Frasco 180 Gr",
        "image": "https:\/\/cdn-consum.aktiosdigitalservices.com\/tol\/consum\/media\/product\/img\/300x300\/7241201.jpg?t=20241217081056"
    },
    {
        "id": 11293,
        "name": "Picatostes Natural RECONDO",
        "price": 1.41,
        "price_kilo": 17.63,
        "slug": "picatostes-natural",
        "description": "Picatostes Natural 80 Gr",
        "image": "https:\/\/cdn-consum.aktiosdigitalservices.com\/tol\/consum\/media\/product\/img\/300x300\/7245223.jpg?t=20250311105601"
    },
    {
        "id": 11296,
        "name": "Cargador Maquinilla 5H GT5 NEXTGEN",
        "price": 4.99,
        "price_kilo": 1.25,
        "slug": "cargador-maquinilla-5h-gt5",
        "description": "Cargador Maquinilla 5H GT5 4 U",
        "image": "https:\/\/cdn-consum.aktiosdigitalservices.com\/tol\/consum\/media\/product\/img\/300x300\/7245798.jpg?t=20241217081057"
    },
    {
        "id": 11297,
        "name": "Soluci\u00f3n \u00danica Viaje Lentes Contacto Blandas SENTI-2",
        "price": 3.75,
        "price_kilo": 6.25,
        "slug": "solucion-unica-viaje-lentes-contacto-blandas",
        "description": "Soluci\u00f3n \u00danica Viaje Lentes Contacto Blandas 60 ml",
        "image": "https:\/\/cdn-consum.aktiosdigitalservices.com\/tol\/consum\/media\/product\/img\/300x300\/7246473.jpg?t=20241217081057"
    },
    {
        "id": 11299,
        "name": "Enjuague Bucal Cuidado Total LISTERINE",
        "price": 1.75,
        "price_kilo": 1.84,
        "slug": "enjuague-bucal-cuidado-total",
        "description": "Enjuague Bucal Cuidado Total 95 ml",
        "image": "https:\/\/cdn-consum.aktiosdigitalservices.com\/tol\/consum\/media\/product\/img\/300x300\/7248466.jpg?t=20250128080557"
    },
    {
        "id": 11301,
        "name": "Cuchilla Universal Doble Hoja NEXTGEN",
        "price": 2.25,
        "price_kilo": 0.23,
        "slug": "cuchilla-universal-doble-hoja",
        "description": "Cuchilla Universal Doble Hoja 10 U",
        "image": "https:\/\/cdn-consum.aktiosdigitalservices.com\/tol\/consum\/media\/product\/img\/300x300\/7249345.jpg?t=20241217081059"
    },
    {
        "id": 11320,
        "name": "Sopa de Quinoa Deshidratada Bandeja TREVIJANO",
        "price": 3.35,
        "price_kilo": 16.75,
        "slug": "sopa-de-quinoa-deshidratada-bandeja",
        "description": "Sopa de Quinoa Deshidratada Bandeja 200 Gr",
        "image": "https:\/\/cdn-consum.aktiosdigitalservices.com\/tol\/consum\/media\/product\/img\/300x300\/7255586.jpg?t=20250311164600"
    },
    {
        "id": 11324,
        "name": "Jam\u00f3n Cebo 50% Raza Ib\u00e9rica LEGADO",
        "price": 3.59,
        "price_kilo": 59.83,
        "slug": "jamon-cebo-50-raza-iberica",
        "description": "Jam\u00f3n Cebo 50% Raza Ib\u00e9rica 60 Gr",
        "image": "https:\/\/cdn-consum.aktiosdigitalservices.com\/tol\/consum\/media\/product\/img\/300x300\/7257249.jpg?t=20250227092234"
    },
    {
        "id": 11325,
        "name": "Guante Satinado Sensible L\u00e1tex T-Media CONSUM",
        "price": 0.75,
        "price_kilo": 0.75,
        "slug": "guante-satinado-sensible-latex-t-media",
        "description": "Guante Satinado Sensible L\u00e1tex T-Media 1 U",
        "image": "https:\/\/cdn-consum.aktiosdigitalservices.com\/tol\/consum\/media\/product\/img\/300x300\/7258754.jpg?t=20241217081104"
    },
    {
        "id": 11336,
        "name": "Comida Seca Perros Mini Light ULTIMA",
        "price": 8.99,
        "price_kilo": 5.99,
        "slug": "comida-seca-perros-mini-light",
        "description": "Comida Seca Perros Mini Light 1,5 Kg",
        "image": "https:\/\/cdn-consum.aktiosdigitalservices.com\/tol\/consum\/media\/product\/img\/300x300\/7261233.jpg?t=20250218080526"
    },
    {
        "id": 11337,
        "name": "Comida Seca Perro Dog Light ULTIMA",
        "price": 14.95,
        "price_kilo": 4.98,
        "slug": "comida-seca-perro-dog-light",
        "description": "Comida Seca Perro Dog Light 3 Kg",
        "image": "https:\/\/cdn-consum.aktiosdigitalservices.com\/tol\/consum\/media\/product\/img\/300x300\/7261238.jpg?t=20250311164600"
    },
    {
        "id": 11339,
        "name": "Comida Seca Gatos Esterilizados Buey ULTIMA",
        "price": 5.99,
        "price_kilo": 7.49,
        "slug": "comida-seca-gatos-esterilizados-buey",
        "description": "Comida Seca Gatos Esterilizados Buey 800 Gr",
        "image": "https:\/\/cdn-consum.aktiosdigitalservices.com\/tol\/consum\/media\/product\/img\/300x300\/7261253.jpg?t=20250218080528"
    },
    {
        "id": 11353,
        "name": "Crema en Gel Men Piel Sensible VEET",
        "price": 5.3,
        "price_kilo": 2.65,
        "slug": "crema-en-gel-men-piel-sensible",
        "description": "Crema en Gel Men Piel Sensible 200 ml",
        "image": "https:\/\/cdn-consum.aktiosdigitalservices.com\/tol\/consum\/media\/product\/img\/300x300\/7264047.jpg?t=20250303075825"
    },
    {
        "id": 11366,
        "name": "Comida Seca Perro Buey y Verduras Dog Men\u00fa DOG MENU",
        "price": 7.99,
        "price_kilo": 2.66,
        "slug": "comida-seca-perro-buey-y-verduras-dog-menu",
        "description": "Comida Seca Perro Buey y Verduras Dog Men\u00fa 3 Kg",
        "image": "https:\/\/cdn-consum.aktiosdigitalservices.com\/tol\/consum\/media\/product\/img\/300x300\/7265002.jpg?t=20241217081107"
    },
    {
        "id": 11369,
        "name": "Aceite Oliva Virgen Extra Botella CONSUM",
        "price": 5.85,
        "price_kilo": 5.85,
        "slug": "aceite-oliva-virgen-extra-botella",
        "description": "Aceite Oliva Virgen Extra Botella 1 L",
        "image": "https:\/\/cdn-consum.aktiosdigitalservices.com\/tol\/consum\/media\/product\/img\/300x300\/7265705.jpg?t=20250311105824"
    },
    {
        "id": 11396,
        "name": "Limpiacristales LUMINIA",
        "price": 2.69,
        "price_kilo": 3.59,
        "slug": "limpiacristales",
        "description": "Limpiacristales 750 ml",
        "image": "https:\/\/cdn-consum.aktiosdigitalservices.com\/tol\/consum\/media\/product\/img\/300x300\/7269686.jpg?t=20250227092413"
    },
    {
        "id": 11402,
        "name": "Mousse Depilaci\u00f3n Mujer LEA",
        "price": 1.85,
        "price_kilo": 1.85,
        "slug": "mousse-depilacion-mujer",
        "description": "Mousse Depilaci\u00f3n Mujer 100 ml",
        "image": "https:\/\/cdn-consum.aktiosdigitalservices.com\/tol\/consum\/media\/product\/img\/300x300\/7271885.jpg?t=20250304111359"
    },
    {
        "id": 11415,
        "name": "Picos Gourmet ",
        "price": 1.79,
        "price_kilo": 12.79,
        "slug": "picos-gourmet",
        "description": "Picos Gourmet 140 Gr",
        "image": "https:\/\/cdn-consum.aktiosdigitalservices.com\/tol\/consum\/media\/product\/img\/300x300\/7272644.jpg?t=20250228080219"
    },
    {
        "id": 11425,
        "name": "Limpia M\u00e1quinas Lavavajillas SOMAT",
        "price": 4.09,
        "price_kilo": 1.36,
        "slug": "limpia-maquinas-lavavajillas",
        "description": "Limpia M\u00e1quinas Lavavajillas 3 U",
        "image": "https:\/\/cdn-consum.aktiosdigitalservices.com\/tol\/consum\/media\/product\/img\/300x300\/7273167.jpg?t=20250312092756"
    },
    {
        "id": 11434,
        "name": "Vodka ERISTOFF",
        "price": 10.29,
        "price_kilo": 14.7,
        "slug": "vodka",
        "description": "Vodka 0,7 L",
        "image": "https:\/\/cdn-consum.aktiosdigitalservices.com\/tol\/consum\/media\/product\/img\/300x300\/313411.jpg?t=20250227085806"
    },
    {
        "id": 11436,
        "name": "Brandy 5 A\u00f1os TORRES",
        "price": 9.75,
        "price_kilo": 13.93,
        "slug": "brandy-5-anos",
        "description": "Brandy 5 A\u00f1os 0,7 L",
        "image": "https:\/\/cdn-consum.aktiosdigitalservices.com\/tol\/consum\/media\/product\/img\/300x300\/315085.jpg?t=20250312124754"
    },
    {
        "id": 11438,
        "name": "Bebida Espirituosa SOBERANO",
        "price": 8.99,
        "price_kilo": 8.99,
        "slug": "bebida-espirituosa",
        "description": "Bebida Espirituosa 1 L",
        "image": "https:\/\/cdn-consum.aktiosdigitalservices.com\/tol\/consum\/media\/product\/img\/300x300\/315168.jpg?t=20250227085813"
    },
    {
        "id": 11439,
        "name": "Brandy Reserva CARLOS I",
        "price": 25.49,
        "price_kilo": 36.42,
        "slug": "brandy-reserva",
        "description": "Brandy Reserva 0,7 L",
        "image": "https:\/\/cdn-consum.aktiosdigitalservices.com\/tol\/consum\/media\/product\/img\/300x300\/315283.jpg?t=20250227085815"
    },
    {
        "id": 11440,
        "name": "Brandy MAGNO",
        "price": 11.95,
        "price_kilo": 17.08,
        "slug": "brandy",
        "description": "Brandy 0,7 L",
        "image": "https:\/\/cdn-consum.aktiosdigitalservices.com\/tol\/consum\/media\/product\/img\/300x300\/315341.jpg?t=20250227085817"
    },
    {
        "id": 11441,
        "name": "Whisky Regal Scotch Premiun 12 A\u00f1os CHIVAS",
        "price": 27.99,
        "price_kilo": 39.99,
        "slug": "whisky-regal-scotch-premiun-12-anos",
        "description": "Whisky Regal Scotch Premiun 12 A\u00f1os 0,7 L",
        "image": "https:\/\/cdn-consum.aktiosdigitalservices.com\/tol\/consum\/media\/product\/img\/300x300\/315515.jpg?t=20250313075758"
    },
    {
        "id": 11442,
        "name": "Whisky Nacional DYC",
        "price": 11.3,
        "price_kilo": 16.14,
        "slug": "whisky-nacional",
        "description": "Whisky Nacional 0,7 L",
        "image": "https:\/\/cdn-consum.aktiosdigitalservices.com\/tol\/consum\/media\/product\/img\/300x300\/315523.jpg?t=20250312124800"
    },
    {
        "id": 11443,
        "name": "Whisky Scocth Black. 12 A\u00f1os J.WALKER",
        "price": 29.99,
        "price_kilo": 42.84,
        "slug": "whisky-scocth-black-12-anos",
        "description": "Whisky Scocth Black. 12 A\u00f1os 0,7 L",
        "image": "https:\/\/cdn-consum.aktiosdigitalservices.com\/tol\/consum\/media\/product\/img\/300x300\/315614.jpg?t=20250320075624"
    },
    {
        "id": 11445,
        "name": "Whisky Scotch WHITE LABEL",
        "price": 12.69,
        "price_kilo": 18.12,
        "slug": "whisky-scotch",
        "description": "Whisky Scotch 0,7 L",
        "image": "https:\/\/cdn-consum.aktiosdigitalservices.com\/tol\/consum\/media\/product\/img\/300x300\/315663.jpg?t=20250227085832"
    },
    {
        "id": 11446,
        "name": "Pachar\u00e1n ZOCO",
        "price": 11.25,
        "price_kilo": 11.25,
        "slug": "pacharan",
        "description": "Pachar\u00e1n 1 L",
        "image": "https:\/\/cdn-consum.aktiosdigitalservices.com\/tol\/consum\/media\/product\/img\/300x300\/317230.jpg?t=20250311164531"
    },
    {
        "id": 11447,
        "name": "Licor Cointreau COINTREAU",
        "price": 18.59,
        "price_kilo": 26.56,
        "slug": "licor-cointreau",
        "description": "Licor Cointreau 0,7 L",
        "image": "https:\/\/cdn-consum.aktiosdigitalservices.com\/tol\/consum\/media\/product\/img\/300x300\/317354.jpg?t=20250227085836"
    },
    {
        "id": 11448,
        "name": "Licor 43 43",
        "price": 14.99,
        "price_kilo": 21.41,
        "slug": "licor-43",
        "description": "Licor 43 0,7 L",
        "image": "https:\/\/cdn-consum.aktiosdigitalservices.com\/tol\/consum\/media\/product\/img\/300x300\/317388.jpg?t=20250318080929"
    },
    {
        "id": 11450,
        "name": "Brandy Reserva C.MENDOZA",
        "price": 25.85,
        "price_kilo": 36.93,
        "slug": "brandy-reserva",
        "description": "Brandy Reserva 0,7 L",
        "image": "https:\/\/cdn-consum.aktiosdigitalservices.com\/tol\/consum\/media\/product\/img\/300x300\/324780.jpg?t=20250109092900"
    },
    {
        "id": 11452,
        "name": "Mermelada Albaricoque HERO",
        "price": 2.09,
        "price_kilo": 6.34,
        "slug": "mermelada-albaricoque",
        "description": "Mermelada Albaricoque 330 Gr",
        "image": "https:\/\/cdn-consum.aktiosdigitalservices.com\/tol\/consum\/media\/product\/img\/300x300\/330019.jpg?t=20250311103141"
    },
    {
        "id": 11453,
        "name": "Mermelada Ciruela HERO",
        "price": 2.09,
        "price_kilo": 6.34,
        "slug": "mermelada-ciruela",
        "description": "Mermelada Ciruela 330 Gr",
        "image": "https:\/\/cdn-consum.aktiosdigitalservices.com\/tol\/consum\/media\/product\/img\/300x300\/330035.jpg?t=20250311103144"
    },
    {
        "id": 11456,
        "name": "Cocktail Whisky Peche YATCHING",
        "price": 6.95,
        "price_kilo": 9.93,
        "slug": "cocktail-whisky-peche",
        "description": "Cocktail Whisky Peche 0,7 L",
        "image": "https:\/\/cdn-consum.aktiosdigitalservices.com\/tol\/consum\/media\/product\/img\/300x300\/333245.jpg?t=20250227085905"
    },
    {
        "id": 11460,
        "name": "Whisky Malta 12 A\u00f1os CARDHU",
        "price": 39.99,
        "price_kilo": 57.13,
        "slug": "whisky-malta-12-anos",
        "description": "Whisky Malta 12 A\u00f1os 0,7 L",
        "image": "https:\/\/cdn-consum.aktiosdigitalservices.com\/tol\/consum\/media\/product\/img\/300x300\/373126.jpg?t=20250312124809"
    },
    {
        "id": 11461,
        "name": "Whisky Tennessee JACK DANIELS",
        "price": 23.25,
        "price_kilo": 33.21,
        "slug": "whisky-tennessee",
        "description": "Whisky Tennessee 0,7 L",
        "image": "https:\/\/cdn-consum.aktiosdigitalservices.com\/tol\/consum\/media\/product\/img\/300x300\/384073.jpg?t=20250227085937"
    },
    {
        "id": 11462,
        "name": "Ron A\u00f1ejo Dominicano BRUGAL",
        "price": 13.5,
        "price_kilo": 19.29,
        "slug": "ron-anejo-dominicano",
        "description": "Ron A\u00f1ejo Dominicano 0,7 L",
        "image": "https:\/\/cdn-consum.aktiosdigitalservices.com\/tol\/consum\/media\/product\/img\/300x300\/429449.jpg?t=20250227085955"
    },
    {
        "id": 11463,
        "name": "Ron Venezolano CACIQUE",
        "price": 14.49,
        "price_kilo": 20.7,
        "slug": "ron-venezolano",
        "description": "Ron Venezolano 0,7 L",
        "image": "https:\/\/cdn-consum.aktiosdigitalservices.com\/tol\/consum\/media\/product\/img\/300x300\/506279.jpg?t=20250318080931"
    },
    {
        "id": 11464,
        "name": "Licor de Crema Catalana MELODY",
        "price": 9.69,
        "price_kilo": 13.84,
        "slug": "licor-de-crema-catalana",
        "description": "Licor de Crema Catalana 0,7 L",
        "image": "https:\/\/cdn-consum.aktiosdigitalservices.com\/tol\/consum\/media\/product\/img\/300x300\/684936.jpg?t=20250311164534"
    },
    {
        "id": 11465,
        "name": "Ron Dominicano BARCEL\u00d3",
        "price": 15.15,
        "price_kilo": 21.64,
        "slug": "ron-dominicano",
        "description": "Ron Dominicano 0,7 L",
        "image": "https:\/\/cdn-consum.aktiosdigitalservices.com\/tol\/consum\/media\/product\/img\/300x300\/817064.jpg?t=20250128075655"
    },
    {
        "id": 11467,
        "name": "Aperitivo Licor de Caf\u00e9 CEROL",
        "price": 5.9,
        "price_kilo": 5.9,
        "slug": "aperitivo-licor-de-cafe",
        "description": "Aperitivo Licor de Caf\u00e9 1 L",
        "image": "https:\/\/cdn-consum.aktiosdigitalservices.com\/tol\/consum\/media\/product\/img\/300x300\/843771.jpg?t=20250311164534"
    },
    {
        "id": 11468,
        "name": "Ron Caribe\u00f1o MALIBU",
        "price": 12.95,
        "price_kilo": 18.5,
        "slug": "ron-caribeno",
        "description": "Ron Caribe\u00f1o 0,7 L",
        "image": "https:\/\/cdn-consum.aktiosdigitalservices.com\/tol\/consum\/media\/product\/img\/300x300\/861583.jpg?t=20250314121245"
    },
    {
        "id": 11470,
        "name": "Leche Continuaci\u00f3n 2 Polvo NATIVA",
        "price": 11.95,
        "price_kilo": 14.94,
        "slug": "leche-continuacion-2-polvo",
        "description": "Leche Continuaci\u00f3n 2 Polvo 800 Gr",
        "image": "https:\/\/cdn-consum.aktiosdigitalservices.com\/tol\/consum\/media\/product\/img\/300x300\/874206.jpg?t=20250322075715"
    },
    {
        "id": 11471,
        "name": "Leche Continuaci\u00f3n 2 Premium Polvo NIDINA",
        "price": 17.95,
        "price_kilo": 22.44,
        "slug": "leche-continuacion-2-premium-polvo",
        "description": "Leche Continuaci\u00f3n 2 Premium Polvo 800 Gr",
        "image": "https:\/\/cdn-consum.aktiosdigitalservices.com\/tol\/consum\/media\/product\/img\/300x300\/874222.jpg?t=20250311132933"
    },
    {
        "id": 11475,
        "name": "Licor Almendra Amaretto DISARONNO",
        "price": 16.25,
        "price_kilo": 23.22,
        "slug": "licor-almendra-amaretto",
        "description": "Licor Almendra Amaretto 0,7 L",
        "image": "https:\/\/cdn-consum.aktiosdigitalservices.com\/tol\/consum\/media\/product\/img\/300x300\/963934.jpg?t=20250311164534"
    },
    {
        "id": 11476,
        "name": "Crema de Membrillo EL QUIJOTE",
        "price": 2.55,
        "price_kilo": 6.38,
        "slug": "crema-de-membrillo",
        "description": "Crema de Membrillo 400 Gr",
        "image": "https:\/\/cdn-consum.aktiosdigitalservices.com\/tol\/consum\/media\/product\/img\/300x300\/970673.jpg?t=20250311103516"
    },
    {
        "id": 11477,
        "name": "Vodka ABSOLUT",
        "price": 15.29,
        "price_kilo": 21.84,
        "slug": "vodka",
        "description": "Vodka 0,7 L",
        "image": "https:\/\/cdn-consum.aktiosdigitalservices.com\/tol\/consum\/media\/product\/img\/300x300\/976456.jpg?t=20250109093434"
    },
    {
        "id": 11479,
        "name": "Whisky Irland\u00e9s JAMESON",
        "price": 16.99,
        "price_kilo": 24.27,
        "slug": "whisky-irlandes",
        "description": "Whisky Irland\u00e9s 0,7 L",
        "image": "https:\/\/cdn-consum.aktiosdigitalservices.com\/tol\/consum\/media\/product\/img\/300x300\/1509207.jpg?t=20250227090150"
    },
    {
        "id": 11480,
        "name": "Tequila Especial Oro JOSE CUERVO",
        "price": 16.9,
        "price_kilo": 24.14,
        "slug": "tequila-especial-oro",
        "description": "Tequila Especial Oro 0,7 L",
        "image": "https:\/\/cdn-consum.aktiosdigitalservices.com\/tol\/consum\/media\/product\/img\/300x300\/1509900.jpg?t=20250312124914"
    },
    {
        "id": 11481,
        "name": "Ginebra BOMBAY SAPPH",
        "price": 18.99,
        "price_kilo": 27.13,
        "slug": "ginebra",
        "description": "Ginebra 0,7 L",
        "image": "https:\/\/cdn-consum.aktiosdigitalservices.com\/tol\/consum\/media\/product\/img\/300x300\/1522804.jpg?t=20250227090153"
    },
    {
        "id": 11484,
        "name": "Refresco Mandarina Refrigerado SIMON LIFE",
        "price": 1.85,
        "price_kilo": 1.23,
        "slug": "refresco-mandarina-refrigerado",
        "description": "Refresco Mandarina Refrigerado 1,5 L",
        "image": "https:\/\/cdn-consum.aktiosdigitalservices.com\/tol\/consum\/media\/product\/img\/300x300\/3218401.jpg?t=20250225080331"
    },
    {
        "id": 11486,
        "name": "Cerveza Negra Irlandesa Lata GUINNESS",
        "price": 2.89,
        "price_kilo": 6.57,
        "slug": "cerveza-negra-irlandesa-lata",
        "description": "Cerveza Negra Irlandesa Lata 0,44 L",
        "image": "https:\/\/cdn-consum.aktiosdigitalservices.com\/tol\/consum\/media\/product\/img\/300x300\/4212726.jpg?t=20241217080958"
    },
    {
        "id": 11487,
        "name": "An\u00eds Seco TENIS",
        "price": 12.3,
        "price_kilo": 12.3,
        "slug": "anis-seco",
        "description": "An\u00eds Seco 1 L",
        "image": "https:\/\/cdn-consum.aktiosdigitalservices.com\/tol\/consum\/media\/product\/img\/300x300\/4284535.jpg?t=20241217080958"
    },
    {
        "id": 11492,
        "name": "An\u00eds Dulce FERRI",
        "price": 7.49,
        "price_kilo": 7.49,
        "slug": "anis-dulce",
        "description": "An\u00eds Dulce 1 L",
        "image": "https:\/\/cdn-consum.aktiosdigitalservices.com\/tol\/consum\/media\/product\/img\/300x300\/7002801.jpg?t=20241217081000"
    },
    {
        "id": 11493,
        "name": "Aperitivo de An\u00eds RICARD",
        "price": 12.7,
        "price_kilo": 18.14,
        "slug": "aperitivo-de-anis",
        "description": "Aperitivo de An\u00eds 0,7 L",
        "image": "https:\/\/cdn-consum.aktiosdigitalservices.com\/tol\/consum\/media\/product\/img\/300x300\/7004018.jpg?t=20250319075739"
    },
    {
        "id": 11494,
        "name": "Dulce de Frutas EL QUIJOTE",
        "price": 2.39,
        "price_kilo": 5.98,
        "slug": "dulce-de-frutas",
        "description": "Dulce de Frutas 400 Gr",
        "image": "https:\/\/cdn-consum.aktiosdigitalservices.com\/tol\/consum\/media\/product\/img\/300x300\/7016090.jpg?t=20250311103757"
    },
    {
        "id": 11496,
        "name": "Tinta de Sepia NORTINDAL",
        "price": 2.15,
        "price_kilo": 6.72,
        "slug": "tinta-de-sepia",
        "description": "Tinta de Sepia 32 Gr",
        "image": "https:\/\/cdn-consum.aktiosdigitalservices.com\/tol\/consum\/media\/product\/img\/300x300\/7017684.jpg?t=20250311103802"
    },
    {
        "id": 11504,
        "name": "Edulcorante Sacarina en Polvo CONSUM",
        "price": 1.59,
        "price_kilo": 21.2,
        "slug": "edulcorante-sacarina-en-polvo",
        "description": "Edulcorante Sacarina en Polvo 75 Gr",
        "image": "https:\/\/cdn-consum.aktiosdigitalservices.com\/tol\/consum\/media\/product\/img\/300x300\/7069537.jpg?t=20250311104056"
    },
    {
        "id": 11507,
        "name": "Crema Orujo RUAVIEJA",
        "price": 13.3,
        "price_kilo": 19,
        "slug": "crema-orujo",
        "description": "Crema Orujo 0,7 L",
        "image": "https:\/\/cdn-consum.aktiosdigitalservices.com\/tol\/consum\/media\/product\/img\/300x300\/7077456.jpg?t=20250319075758"
    },
    {
        "id": 11508,
        "name": "Cerezas Rojas Alm\u00edbar Frasco HELIOS",
        "price": 1.95,
        "price_kilo": 21.67,
        "slug": "cerezas-rojas-almibar-frasco",
        "description": "Cerezas Rojas Alm\u00edbar Frasco 90 Gr",
        "image": "https:\/\/cdn-consum.aktiosdigitalservices.com\/tol\/consum\/media\/product\/img\/300x300\/7081680.jpg?t=20250311104240"
    },
    {
        "id": 11509,
        "name": "Leche y Cereales con Galleta Pack 2 NESTLE",
        "price": 2.55,
        "price_kilo": 5.1,
        "slug": "leche-y-cereales-con-galleta-pack-2",
        "description": "Leche y Cereales con Galleta Pack 2 2 x 250 ml",
        "image": "https:\/\/cdn-consum.aktiosdigitalservices.com\/tol\/consum\/media\/product\/img\/300x300\/7082451.jpg?t=20250311164541"
    },
    {
        "id": 11511,
        "name": "Brandy Solera Reserva ALFONSO I",
        "price": 5.9,
        "price_kilo": 8.43,
        "slug": "brandy-solera-reserva",
        "description": "Brandy Solera Reserva 0,7 L",
        "image": "https:\/\/cdn-consum.aktiosdigitalservices.com\/tol\/consum\/media\/product\/img\/300x300\/7082498.jpg?t=20241217081016"
    },
    {
        "id": 11512,
        "name": "Licor de Ponche WILLIAMS",
        "price": 8,
        "price_kilo": 8,
        "slug": "licor-de-ponche",
        "description": "Licor de Ponche 1 L",
        "image": "https:\/\/cdn-consum.aktiosdigitalservices.com\/tol\/consum\/media\/product\/img\/300x300\/7082501.jpg?t=20241217081016"
    },
    {
        "id": 11514,
        "name": "Licor de Manzana Verde GINERS",
        "price": 3.59,
        "price_kilo": 5.13,
        "slug": "licor-de-manzana-verde",
        "description": "Licor de Manzana Verde 0,7 L",
        "image": "https:\/\/cdn-consum.aktiosdigitalservices.com\/tol\/consum\/media\/product\/img\/300x300\/7088532.jpg?t=20241217081017"
    },
    {
        "id": 11515,
        "name": "Licor de Melocot\u00f3n GINERS",
        "price": 3.59,
        "price_kilo": 5.13,
        "slug": "licor-de-melocoton",
        "description": "Licor de Melocot\u00f3n 0,7 L",
        "image": "https:\/\/cdn-consum.aktiosdigitalservices.com\/tol\/consum\/media\/product\/img\/300x300\/7088537.jpg?t=20241217081017"
    },
    {
        "id": 11518,
        "name": "Whisky Bourbon Americano JIM BEAN",
        "price": 15.75,
        "price_kilo": 22.5,
        "slug": "whisky-bourbon-americano",
        "description": "Whisky Bourbon Americano 0,7 L",
        "image": "https:\/\/cdn-consum.aktiosdigitalservices.com\/tol\/consum\/media\/product\/img\/300x300\/7094233.jpg?t=20250227090647"
    },
    {
        "id": 11522,
        "name": "Compota Pera y Manzana sin Fr\u00edo Pack de 2 ANELA",
        "price": 1.4,
        "price_kilo": 7,
        "slug": "compota-pera-y-manzana-sin-frio-pack-de-2",
        "description": "Compota Pera y Manzana sin Fr\u00edo Pack de 2 2 x 100 Gr",
        "image": "https:\/\/cdn-consum.aktiosdigitalservices.com\/tol\/consum\/media\/product\/img\/300x300\/7102957.jpg?t=20250311133308"
    },
    {
        "id": 11524,
        "name": "Licor Limoncello VILLA MASSA",
        "price": 15.95,
        "price_kilo": 22.79,
        "slug": "licor-limoncello",
        "description": "Licor Limoncello 0,7 L",
        "image": "https:\/\/cdn-consum.aktiosdigitalservices.com\/tol\/consum\/media\/product\/img\/300x300\/7103047.jpg?t=20250304105500"
    },
    {
        "id": 11535,
        "name": "Leche y Cereales con Miel Pack 2 NESTLE",
        "price": 2.55,
        "price_kilo": 5.1,
        "slug": "leche-y-cereales-con-miel-pack-2",
        "description": "Leche y Cereales con Miel Pack 2 2 x 250 ml",
        "image": "https:\/\/cdn-consum.aktiosdigitalservices.com\/tol\/consum\/media\/product\/img\/300x300\/7104073.jpg?t=20250311104410"
    },
    {
        "id": 11536,
        "name": "Papilla 8 Cereales Galleta NESTLE",
        "price": 3.95,
        "price_kilo": 8.32,
        "slug": "papilla-8-cereales-galleta",
        "description": "Papilla 8 Cereales Galleta 475 Gr",
        "image": "https:\/\/cdn-consum.aktiosdigitalservices.com\/tol\/consum\/media\/product\/img\/300x300\/7107746.jpg?t=20250313080057"
    },
    {
        "id": 11540,
        "name": "Ginebra 12 LARIOS",
        "price": 14.75,
        "price_kilo": 21.07,
        "slug": "ginebra-12",
        "description": "Ginebra 12 0,7 L",
        "image": "https:\/\/cdn-consum.aktiosdigitalservices.com\/tol\/consum\/media\/product\/img\/300x300\/7113363.jpg?t=20250227090753"
    },
    {
        "id": 11542,
        "name": "Papilla 8 Cereales Miel NESTLE",
        "price": 3.95,
        "price_kilo": 8.32,
        "slug": "papilla-8-cereales-miel",
        "description": "Papilla 8 Cereales Miel 475 Gr",
        "image": "https:\/\/cdn-consum.aktiosdigitalservices.com\/tol\/consum\/media\/product\/img\/300x300\/7116270.jpg?t=20250313080111"
    },
    {
        "id": 11543,
        "name": "Mojito PERLA CARIBE",
        "price": 5.49,
        "price_kilo": 7.84,
        "slug": "mojito",
        "description": "Mojito 0,7 L",
        "image": "https:\/\/cdn-consum.aktiosdigitalservices.com\/tol\/consum\/media\/product\/img\/300x300\/7117075.jpg?t=20250312125141"
    },
    {
        "id": 11544,
        "name": "An\u00eds Dulce MONO",
        "price": 8.7,
        "price_kilo": 12.43,
        "slug": "anis-dulce",
        "description": "An\u00eds Dulce 0,7 L",
        "image": "https:\/\/cdn-consum.aktiosdigitalservices.com\/tol\/consum\/media\/product\/img\/300x300\/7118417.jpg?t=20250227090814"
    },
    {
        "id": 11545,
        "name": "Leche Infantil de Inicio 1 Premium Polvo NIDINA",
        "price": 14.95,
        "price_kilo": 18.69,
        "slug": "leche-infantil-de-inicio-1-premium-polvo",
        "description": "Leche Infantil de Inicio 1 Premium Polvo 800 Gr",
        "image": "https:\/\/cdn-consum.aktiosdigitalservices.com\/tol\/consum\/media\/product\/img\/300x300\/7120462.jpg?t=20250321075805"
    },
    {
        "id": 11550,
        "name": "Cocktail Fruta Tropical Alm\u00edbar Ligero Pack de 3 PELLI",
        "price": 2.69,
        "price_kilo": 6.4,
        "slug": "cocktail-fruta-tropical-almibar-ligero-pack-de-3",
        "description": "Cocktail Fruta Tropical Alm\u00edbar Ligero Pack de 3 3 x 140 Gr",
        "image": "https:\/\/cdn-consum.aktiosdigitalservices.com\/tol\/consum\/media\/product\/img\/300x300\/7142144.jpg?t=20250311133351"
    },
    {
        "id": 11551,
        "name": "Licor Limoncello BELLAMARE",
        "price": 6.9,
        "price_kilo": 9.85,
        "slug": "licor-limoncello",
        "description": "Licor Limoncello 0,7 L",
        "image": "https:\/\/cdn-consum.aktiosdigitalservices.com\/tol\/consum\/media\/product\/img\/300x300\/7142297.jpg?t=20250312125206"
    },
    {
        "id": 11558,
        "name": "Licor de Ponche CABALLERO",
        "price": 11.9,
        "price_kilo": 17,
        "slug": "licor-de-ponche",
        "description": "Licor de Ponche 0,7 L",
        "image": "https:\/\/cdn-consum.aktiosdigitalservices.com\/tol\/consum\/media\/product\/img\/300x300\/7151012.jpg?t=20250227090927"
    },
    {
        "id": 11561,
        "name": "Compota de  Manzana y Pl\u00e1tano Pack de 2 ANELA",
        "price": 1.4,
        "price_kilo": 7,
        "slug": "compota-de-manzana-y-platano-pack-de-2",
        "description": "Compota de  Manzana y Pl\u00e1tano Pack de 2 2 x 100 Gr",
        "image": "https:\/\/cdn-consum.aktiosdigitalservices.com\/tol\/consum\/media\/product\/img\/300x300\/7153450.jpg?t=20250311133415"
    },
    {
        "id": 11566,
        "name": "Leche Continuaci\u00f3n Premium Polvo 3 NIDINA",
        "price": 15.95,
        "price_kilo": 19.94,
        "slug": "leche-continuacion-premium-polvo-3",
        "description": "Leche Continuaci\u00f3n Premium Polvo 3 800 Gr",
        "image": "https:\/\/cdn-consum.aktiosdigitalservices.com\/tol\/consum\/media\/product\/img\/300x300\/7163538.jpg?t=20250311104750"
    },
    {
        "id": 11568,
        "name": "Rodajas de Mar Selectas EMBUMAR",
        "price": 4.59,
        "price_kilo": 22.95,
        "slug": "rodajas-de-mar-selectas",
        "description": "Rodajas de Mar Selectas 200 Gr",
        "image": "https:\/\/cdn-consum.aktiosdigitalservices.com\/tol\/consum\/media\/product\/img\/300x300\/7164879.jpg?t=20241217081029"
    },
    {
        "id": 11569,
        "name": "Brandy Gran Reserva ALFONSO I",
        "price": 10.2,
        "price_kilo": 14.57,
        "slug": "brandy-gran-reserva",
        "description": "Brandy Gran Reserva 0,7 L",
        "image": "https:\/\/cdn-consum.aktiosdigitalservices.com\/tol\/consum\/media\/product\/img\/300x300\/7166267.jpg?t=20241217081029"
    },
    {
        "id": 11571,
        "name": "Refresco Naranja Refrigerado Pack 4 Ud SIMON LIFE",
        "price": 1.75,
        "price_kilo": 2.19,
        "slug": "refresco-naranja-refrigerado-pack-4-ud",
        "description": "Refresco Naranja Refrigerado Pack 4 Ud 4 x 200 ml",
        "image": "https:\/\/cdn-consum.aktiosdigitalservices.com\/tol\/consum\/media\/product\/img\/300x300\/7166911.jpg?t=20241217081029"
    },
    {
        "id": 11573,
        "name": "Ron Blanco BACARDI",
        "price": 12.79,
        "price_kilo": 18.28,
        "slug": "ron-blanco",
        "description": "Ron Blanco 0,7 L",
        "image": "https:\/\/cdn-consum.aktiosdigitalservices.com\/tol\/consum\/media\/product\/img\/300x300\/7169535.jpg?t=20250312125231"
    },
    {
        "id": 11581,
        "name": "Vodka SMIRNOFF",
        "price": 16.3,
        "price_kilo": 16.3,
        "slug": "vodka",
        "description": "Vodka 1 L",
        "image": "https:\/\/cdn-consum.aktiosdigitalservices.com\/tol\/consum\/media\/product\/img\/300x300\/7179182.jpg?t=20250304110013"
    },
    {
        "id": 11587,
        "name": "Colonia Femenina N\u00ba23 CARAVAN",
        "price": 10.95,
        "price_kilo": 7.3,
        "slug": "colonia-femenina-n23",
        "description": "Colonia Femenina N\u00ba23 150 ml",
        "image": "https:\/\/cdn-consum.aktiosdigitalservices.com\/tol\/consum\/media\/product\/img\/300x300\/7182298.jpg?t=20241217081032"
    },
    {
        "id": 11588,
        "name": "Colonia Femenina N\u00ba35 CARAVAN",
        "price": 10.95,
        "price_kilo": 7.3,
        "slug": "colonia-femenina-n35",
        "description": "Colonia Femenina N\u00ba35 150 ml",
        "image": "https:\/\/cdn-consum.aktiosdigitalservices.com\/tol\/consum\/media\/product\/img\/300x300\/7182301.jpg?t=20250311164551"
    },
    {
        "id": 11589,
        "name": "Colonia Masculina N\u00ba15 CARAVAN",
        "price": 10.95,
        "price_kilo": 7.3,
        "slug": "colonia-masculina-n15",
        "description": "Colonia Masculina N\u00ba15 150 ml",
        "image": "https:\/\/cdn-consum.aktiosdigitalservices.com\/tol\/consum\/media\/product\/img\/300x300\/7182322.jpg?t=20241217081032"
    },
    {
        "id": 11591,
        "name": "Mermelada Frambuesa Tarro HELIOS",
        "price": 2.45,
        "price_kilo": 7.21,
        "slug": "mermelada-frambuesa-tarro",
        "description": "Mermelada Frambuesa Tarro 340 Gr",
        "image": "https:\/\/cdn-consum.aktiosdigitalservices.com\/tol\/consum\/media\/product\/img\/300x300\/7184620.jpg?t=20250311133511"
    },
    {
        "id": 11592,
        "name": "Vermut Rojo YZAGUIRRE",
        "price": 8.15,
        "price_kilo": 8.15,
        "slug": "vermut-rojo",
        "description": "Vermut Rojo 1 L",
        "image": "https:\/\/cdn-consum.aktiosdigitalservices.com\/tol\/consum\/media\/product\/img\/300x300\/7184745.jpg?t=20250220080227"
    },
    {
        "id": 11594,
        "name": "Mermelada Albaricoque 0% Az\u00facares A\u00f1adidos CONSUM",
        "price": 1.45,
        "price_kilo": 5.18,
        "slug": "mermelada-albaricoque-0-azucares-anadidos",
        "description": "Mermelada Albaricoque 0% Az\u00facares A\u00f1adidos 280 Gr",
        "image": "https:\/\/cdn-consum.aktiosdigitalservices.com\/tol\/consum\/media\/product\/img\/300x300\/7185270.jpg?t=20250311104938"
    },
    {
        "id": 11595,
        "name": "Mermelada Ciruela 0% Az\u00facares A\u00f1adidos CONSUM",
        "price": 1.35,
        "price_kilo": 4.82,
        "slug": "mermelada-ciruela-0-azucares-anadidos",
        "description": "Mermelada Ciruela 0% Az\u00facares A\u00f1adidos 280 Gr",
        "image": "https:\/\/cdn-consum.aktiosdigitalservices.com\/tol\/consum\/media\/product\/img\/300x300\/7185275.jpg?t=20250311104941"
    },
    {
        "id": 11597,
        "name": "Colonia Muy M\u00edo BUSTAMANTE",
        "price": 6.95,
        "price_kilo": 6.95,
        "slug": "colonia-muy-mio",
        "description": "Colonia Muy M\u00edo 100 ml",
        "image": "https:\/\/cdn-consum.aktiosdigitalservices.com\/tol\/consum\/media\/product\/img\/300x300\/7185507.jpg?t=20250311164551"
    },
    {
        "id": 11601,
        "name": "Filet\u00f3n Bacalao Islandia CONSUM",
        "price": 7.09,
        "price_kilo": 14.18,
        "slug": "fileton-bacalao-islandia",
        "description": "Filet\u00f3n Bacalao Islandia 500 Gr",
        "image": "https:\/\/cdn-consum.aktiosdigitalservices.com\/tol\/consum\/media\/product\/img\/300x300\/7189538.jpg?t=20250228080025"
    },
    {
        "id": 11602,
        "name": "Filete de Anchoa Aceite de Oliva MSC G.CANTABRICO",
        "price": 2.19,
        "price_kilo": 13.69,
        "slug": "filete-de-anchoa-aceite-de-oliva-msc",
        "description": "Filete de Anchoa Aceite de Oliva MSC 16 Gr",
        "image": "https:\/\/cdn-consum.aktiosdigitalservices.com\/tol\/consum\/media\/product\/img\/300x300\/7189751.jpg?t=20241217081036"
    },
    {
        "id": 11611,
        "name": "Huevas de Islandia Rojas ROYAL",
        "price": 2.35,
        "price_kilo": 47,
        "slug": "huevas-de-islandia-rojas",
        "description": "Huevas de Islandia Rojas 50 Gr",
        "image": "https:\/\/cdn-consum.aktiosdigitalservices.com\/tol\/consum\/media\/product\/img\/300x300\/7200306.jpg?t=20250109095701"
    },
    {
        "id": 11613,
        "name": "Tarrito Calabac\u00edn, Jam\u00f3n y Queso Pack de 2 HERO",
        "price": 2.99,
        "price_kilo": 7.87,
        "slug": "tarrito-calabacin-jamon-y-queso-pack-de-2",
        "description": "Tarrito Calabac\u00edn, Jam\u00f3n y Queso Pack de 2 2 x 190 Gr",
        "image": "https:\/\/cdn-consum.aktiosdigitalservices.com\/tol\/consum\/media\/product\/img\/300x300\/7201841.jpg?t=20250311133547"
    },
    {
        "id": 11614,
        "name": "Leche Inicio 1 Bote Polvo NATIVA",
        "price": 11.95,
        "price_kilo": 14.94,
        "slug": "leche-inicio-1-bote-polvo",
        "description": "Leche Inicio 1 Bote Polvo 800 Gr",
        "image": "https:\/\/cdn-consum.aktiosdigitalservices.com\/tol\/consum\/media\/product\/img\/300x300\/7201882.jpg?t=20250321075840"
    },
    {
        "id": 11616,
        "name": "Caf\u00e9 Soluble Gold Natural Bote NESCAFE",
        "price": 5.95,
        "price_kilo": 59.5,
        "slug": "cafe-soluble-gold-natural-bote",
        "description": "Caf\u00e9 Soluble Gold Natural Bote 100 Gr",
        "image": "https:\/\/cdn-consum.aktiosdigitalservices.com\/tol\/consum\/media\/product\/img\/300x300\/7201999.jpg?t=20250311133549"
    },
    {
        "id": 11618,
        "name": "Banderilla Boquer\u00f3n y Aceituna BRUIMAR",
        "price": 2.69,
        "price_kilo": 23.39,
        "slug": "banderilla-boqueron-y-aceituna",
        "description": "Banderilla Boquer\u00f3n y Aceituna 115 Gr",
        "image": "https:\/\/cdn-consum.aktiosdigitalservices.com\/tol\/consum\/media\/product\/img\/300x300\/7202653.jpg?t=20241231075822"
    },
    {
        "id": 11619,
        "name": "Banderilla Anchoa y Boquer\u00f3n BRUIMAR",
        "price": 2.69,
        "price_kilo": 28.32,
        "slug": "banderilla-anchoa-y-boqueron",
        "description": "Banderilla Anchoa y Boquer\u00f3n 95 Gr",
        "image": "https:\/\/cdn-consum.aktiosdigitalservices.com\/tol\/consum\/media\/product\/img\/300x300\/7202661.jpg?t=20250206091951"
    },
    {
        "id": 11620,
        "name": "Cabello de Angel Lata HIDA",
        "price": 2.2,
        "price_kilo": 4.23,
        "slug": "cabello-de-angel-lata",
        "description": "Cabello de Angel Lata 520 Gr",
        "image": "https:\/\/cdn-consum.aktiosdigitalservices.com\/tol\/consum\/media\/product\/img\/300x300\/7207020.jpg?t=20250311105146"
    },
    {
        "id": 11622,
        "name": "Cocktail de Frutas Lata SOL ARCHENA",
        "price": 2.65,
        "price_kilo": 5.52,
        "slug": "cocktail-de-frutas-lata",
        "description": "Cocktail de Frutas Lata 480 Gr",
        "image": "https:\/\/cdn-consum.aktiosdigitalservices.com\/tol\/consum\/media\/product\/img\/300x300\/7207798.jpg?t=20250311133559"
    },
    {
        "id": 11632,
        "name": "Trufas Heladas 12  Unidades ",
        "price": 6.19,
        "price_kilo": 32.24,
        "slug": "trufas-heladas-12-unidades",
        "description": "Trufas Heladas 12  Unidades 192 Gr",
        "image": "https:\/\/cdn-consum.aktiosdigitalservices.com\/tol\/consum\/media\/product\/img\/300x300\/7215309.jpg?t=20250227091557"
    },
    {
        "id": 11640,
        "name": "Desenredante Kids CONSUM KIDS",
        "price": 1.7,
        "price_kilo": 0.68,
        "slug": "desenredante-kids",
        "description": "Desenredante Kids 250 ml",
        "image": "https:\/\/cdn-consum.aktiosdigitalservices.com\/tol\/consum\/media\/product\/img\/300x300\/7219173.jpg?t=20250311164555"
    },
    {
        "id": 11643,
        "name": "Lionesas de Nata 10 Unidades ",
        "price": 5.15,
        "price_kilo": 20.6,
        "slug": "lionesas-de-nata-10-unidades",
        "description": "Lionesas de Nata 10 Unidades 250 Gr",
        "image": "https:\/\/cdn-consum.aktiosdigitalservices.com\/tol\/consum\/media\/product\/img\/300x300\/7221856.jpg?t=20250109100118"
    },
    {
        "id": 11644,
        "name": "Tarta San Marcos ",
        "price": 8.3,
        "price_kilo": 8.3,
        "slug": "tarta-san-marcos",
        "description": "Tarta San Marcos 1 Kg",
        "image": "https:\/\/cdn-consum.aktiosdigitalservices.com\/tol\/consum\/media\/product\/img\/300x300\/7221864.jpg?t=20250313080316"
    },
    {
        "id": 11646,
        "name": "Ginebra M.MILLER\u00b4S",
        "price": 29.5,
        "price_kilo": 42.14,
        "slug": "ginebra",
        "description": "Ginebra 0,7 L",
        "image": "https:\/\/cdn-consum.aktiosdigitalservices.com\/tol\/consum\/media\/product\/img\/300x300\/7222057.jpg?t=20250311164556"
    },
    {
        "id": 11648,
        "name": "Anillas a la Romana Rebozadas al Huevo AGUINAMAR",
        "price": 3.99,
        "price_kilo": 19,
        "slug": "anillas-a-la-romana-rebozadas-al-huevo",
        "description": "Anillas a la Romana Rebozadas al Huevo 210 Gr",
        "image": "https:\/\/cdn-consum.aktiosdigitalservices.com\/tol\/consum\/media\/product\/img\/300x300\/7222578.jpg?t=20241217081047"
    },
    {
        "id": 11651,
        "name": "Tarta Bomb\u00f3n ",
        "price": 11.99,
        "price_kilo": 11.99,
        "slug": "tarta-bombon",
        "description": "Tarta Bomb\u00f3n 1 Kg",
        "image": "https:\/\/cdn-consum.aktiosdigitalservices.com\/tol\/consum\/media\/product\/img\/300x300\/7222771.jpg?t=20250227091735"
    },
    {
        "id": 11656,
        "name": "Banderilla Gildas BRUIMAR",
        "price": 2.69,
        "price_kilo": 26.9,
        "slug": "banderilla-gildas",
        "description": "Banderilla Gildas 100 Gr",
        "image": "https:\/\/cdn-consum.aktiosdigitalservices.com\/tol\/consum\/media\/product\/img\/300x300\/7225415.jpg?t=20241217081048"
    },
    {
        "id": 11657,
        "name": "Pastel Sara ",
        "price": 2.59,
        "price_kilo": 20.72,
        "slug": "pastel-sara",
        "description": "Pastel Sara 125 Gr",
        "image": "https:\/\/cdn-consum.aktiosdigitalservices.com\/tol\/consum\/media\/product\/img\/300x300\/7225597.jpg?t=20250131075833"
    },
    {
        "id": 11662,
        "name": "Mojama de At\u00fan Selecci\u00f3n ANGOMAR",
        "price": 9.3,
        "price_kilo": 46.5,
        "slug": "mojama-de-atun-seleccion",
        "description": "Mojama de At\u00fan Selecci\u00f3n",
        "image": "https:\/\/cdn-consum.aktiosdigitalservices.com\/tol\/consum\/media\/product\/img\/300x300\/7226129.jpg?t=20250318080131"
    },
    {
        "id": 11663,
        "name": "Papilla 8 Cereales NESTLE",
        "price": 3.95,
        "price_kilo": 8.32,
        "slug": "papilla-8-cereales",
        "description": "Papilla 8 Cereales 475 Gr",
        "image": "https:\/\/cdn-consum.aktiosdigitalservices.com\/tol\/consum\/media\/product\/img\/300x300\/7226330.jpg?t=20250313080323"
    },
    {
        "id": 11666,
        "name": "Whisky Scotch J&B",
        "price": 18.29,
        "price_kilo": 18.29,
        "slug": "whisky-scotch",
        "description": "Whisky Scotch 1 L",
        "image": "https:\/\/cdn-consum.aktiosdigitalservices.com\/tol\/consum\/media\/product\/img\/300x300\/7228505.jpg?t=20250314121501"
    },
    {
        "id": 11674,
        "name": "Ginebra Valenciana 69 BROSSES",
        "price": 12.5,
        "price_kilo": 17.86,
        "slug": "ginebra-valenciana",
        "description": "Ginebra Valenciana 0,7 L",
        "image": "https:\/\/cdn-consum.aktiosdigitalservices.com\/tol\/consum\/media\/product\/img\/300x300\/7232411.jpg?t=20250311164558"
    },
    {
        "id": 11675,
        "name": "Dulce Boniato Lata PELLI",
        "price": 3.85,
        "price_kilo": 4.53,
        "slug": "dulce-boniato-lata",
        "description": "Dulce Boniato Lata 850 Gr",
        "image": "https:\/\/cdn-consum.aktiosdigitalservices.com\/tol\/consum\/media\/product\/img\/300x300\/7232460.jpg?t=20250311105404"
    },
    {
        "id": 11681,
        "name": "Pera Alm\u00edbar SOL ARCHENA",
        "price": 2.69,
        "price_kilo": 5.85,
        "slug": "pera-almibar",
        "description": "Pera Alm\u00edbar 480 Gr",
        "image": "https:\/\/cdn-consum.aktiosdigitalservices.com\/tol\/consum\/media\/product\/img\/300x300\/7234540.jpg?t=20250311164558"
    },
    {
        "id": 11682,
        "name": "Tarta de Almendra ",
        "price": 5.29,
        "price_kilo": 13.23,
        "slug": "tarta-de-almendra",
        "description": "Tarta de Almendra 400 Gr",
        "image": "https:\/\/cdn-consum.aktiosdigitalservices.com\/tol\/consum\/media\/product\/img\/300x300\/7235310.jpg?t=20250312160318"
    },
    {
        "id": 11684,
        "name": "Vino Blanco Alma M\u00edstica D.O.Valencia MURVIEDRO",
        "price": 3.69,
        "price_kilo": 4.92,
        "slug": "vino-blanco-alma-mistica-dovalencia",
        "description": "Vino Blanco Alma M\u00edstica D.O.Valencia 0,75 L",
        "image": "https:\/\/cdn-consum.aktiosdigitalservices.com\/tol\/consum\/media\/product\/img\/300x300\/7236748.jpg?t=20250227091906"
    },
    {
        "id": 11686,
        "name": "An\u00eds Dulce CASTELLANA",
        "price": 9.35,
        "price_kilo": 13.36,
        "slug": "anis-dulce",
        "description": "An\u00eds Dulce 0,7 L",
        "image": "https:\/\/cdn-consum.aktiosdigitalservices.com\/tol\/consum\/media\/product\/img\/300x300\/7237183.jpg?t=20250227091917"
    },
    {
        "id": 11693,
        "name": "Ron A\u00f1ejo Dominicano 5 A\u00f1os CALIBRE 38",
        "price": 7.99,
        "price_kilo": 11.41,
        "slug": "ron-anejo-dominicano-5-anos",
        "description": "Ron A\u00f1ejo Dominicano 5 A\u00f1os 0,7 L",
        "image": "https:\/\/cdn-consum.aktiosdigitalservices.com\/tol\/consum\/media\/product\/img\/300x300\/7237923.jpg?t=20250227091925"
    },
    {
        "id": 11695,
        "name": "Vodka Caramelo SHARUSKA",
        "price": 5.7,
        "price_kilo": 8.14,
        "slug": "vodka-caramelo",
        "description": "Vodka Caramelo 0,7 L",
        "image": "https:\/\/cdn-consum.aktiosdigitalservices.com\/tol\/consum\/media\/product\/img\/300x300\/7237931.jpg?t=20250315075808"
    },
    {
        "id": 11696,
        "name": "Licor Hierbas JAKE MATE",
        "price": 9.99,
        "price_kilo": 14.27,
        "slug": "licor-hierbas",
        "description": "Licor Hierbas 0,7 L",
        "image": "https:\/\/cdn-consum.aktiosdigitalservices.com\/tol\/consum\/media\/product\/img\/300x300\/7237949.jpg?t=20241217081054"
    },
    {
        "id": 11697,
        "name": "Ron Miel Botella CALIBRE 38",
        "price": 6.49,
        "price_kilo": 9.27,
        "slug": "ron-miel-botella",
        "description": "Ron Miel Botella 0,7 L",
        "image": "https:\/\/cdn-consum.aktiosdigitalservices.com\/tol\/consum\/media\/product\/img\/300x300\/7238348.jpg?t=20241217081054"
    },
    {
        "id": 11703,
        "name": "Ginebra Strawberry P.DE INDIAS",
        "price": 16.45,
        "price_kilo": 23.5,
        "slug": "ginebra-strawberry",
        "description": "Ginebra Strawberry 0,7 L",
        "image": "https:\/\/cdn-consum.aktiosdigitalservices.com\/tol\/consum\/media\/product\/img\/300x300\/7243939.jpg?t=20250220080349"
    },
    {
        "id": 11704,
        "name": "Terr\u00f3n de Az\u00facar Blanco AZUCARERA",
        "price": 1.29,
        "price_kilo": 2.58,
        "slug": "terron-de-azucar-blanco",
        "description": "Terr\u00f3n de Az\u00facar Blanco 500 Gr",
        "image": "https:\/\/cdn-consum.aktiosdigitalservices.com\/tol\/consum\/media\/product\/img\/300x300\/7246221.jpg?t=20250311105610"
    },
    {
        "id": 11712,
        "name": "Aperitivo APEROL",
        "price": 13.65,
        "price_kilo": 19.5,
        "slug": "aperitivo",
        "description": "Aperitivo 0,7 L",
        "image": "https:\/\/cdn-consum.aktiosdigitalservices.com\/tol\/consum\/media\/product\/img\/300x300\/7247617.jpg?t=20250304111114"
    },
    {
        "id": 11715,
        "name": "Colonia Femenina N\u00ba1 Mini CARAVAN",
        "price": 3.5,
        "price_kilo": 11.67,
        "slug": "colonia-femenina-n1-mini",
        "description": "Colonia Femenina N\u00ba1 Mini 30 ml",
        "image": "https:\/\/cdn-consum.aktiosdigitalservices.com\/tol\/consum\/media\/product\/img\/300x300\/7248594.jpg?t=20250204082210"
    },
    {
        "id": 11716,
        "name": "Colonia Femenina N\u00ba24 Mini CARAVAN",
        "price": 3.5,
        "price_kilo": 11.67,
        "slug": "colonia-femenina-n24-mini",
        "description": "Colonia Femenina N\u00ba24 Mini 30 ml",
        "image": "https:\/\/cdn-consum.aktiosdigitalservices.com\/tol\/consum\/media\/product\/img\/300x300\/7248651.jpg?t=20241217081058"
    },
    {
        "id": 11717,
        "name": "Colonia Femenina N\u00ba30 MIni CARAVAN",
        "price": 3.5,
        "price_kilo": 11.67,
        "slug": "colonia-femenina-n30-mini",
        "description": "Colonia Femenina N\u00ba30 MIni 30 ml",
        "image": "https:\/\/cdn-consum.aktiosdigitalservices.com\/tol\/consum\/media\/product\/img\/300x300\/7248669.jpg?t=20241217081058"
    },
    {
        "id": 11718,
        "name": "Colonia Femenina N\u00ba82 Mini CARAVAN",
        "price": 3.5,
        "price_kilo": 11.67,
        "slug": "colonia-femenina-n82-mini",
        "description": "Colonia Femenina N\u00ba82 Mini 30 ml",
        "image": "https:\/\/cdn-consum.aktiosdigitalservices.com\/tol\/consum\/media\/product\/img\/300x300\/7248672.jpg?t=20241217081058"
    },
    {
        "id": 11719,
        "name": "Colonia Femenina N\u00ba35 Mini CARAVAN",
        "price": 3.5,
        "price_kilo": 11.67,
        "slug": "colonia-femenina-n35-mini",
        "description": "Colonia Femenina N\u00ba35 Mini 30 ml",
        "image": "https:\/\/cdn-consum.aktiosdigitalservices.com\/tol\/consum\/media\/product\/img\/300x300\/7248677.jpg?t=20241217081058"
    },
    {
        "id": 11722,
        "name": "Colonia Femenina N\u00ba43 Mini CARAVAN",
        "price": 3.5,
        "price_kilo": 11.67,
        "slug": "colonia-femenina-n43-mini",
        "description": "Colonia Femenina N\u00ba43 Mini 30 ml",
        "image": "https:\/\/cdn-consum.aktiosdigitalservices.com\/tol\/consum\/media\/product\/img\/300x300\/7249258.jpg?t=20241217081059"
    },
    {
        "id": 11723,
        "name": "Colonia Masculina N\u00ba66 Mini CARAVAN",
        "price": 3.5,
        "price_kilo": 11.67,
        "slug": "colonia-masculina-n66-mini",
        "description": "Colonia Masculina N\u00ba66 Mini 30 ml",
        "image": "https:\/\/cdn-consum.aktiosdigitalservices.com\/tol\/consum\/media\/product\/img\/300x300\/7249308.jpg?t=20241217081059"
    },
    {
        "id": 11740,
        "name": "Ginebra Ros\u00e9 LARIOS",
        "price": 14.75,
        "price_kilo": 21.07,
        "slug": "ginebra-rose",
        "description": "Ginebra Ros\u00e9 0,7 L",
        "image": "https:\/\/cdn-consum.aktiosdigitalservices.com\/tol\/consum\/media\/product\/img\/300x300\/7254217.jpg?t=20250227092213"
    },
    {
        "id": 11741,
        "name": "Licor Crema de Arroz 5FANECADES",
        "price": 9.5,
        "price_kilo": 13.57,
        "slug": "licor-crema-de-arroz",
        "description": "Licor Crema de Arroz 0,7 L",
        "image": "https:\/\/cdn-consum.aktiosdigitalservices.com\/tol\/consum\/media\/product\/img\/300x300\/7254220.jpg?t=20250311164600"
    },
    {
        "id": 11742,
        "name": "Colonia N\u00ba1 Azahar Aguas de V&L V&L",
        "price": 12.95,
        "price_kilo": 8.63,
        "slug": "colonia-n1-azahar-aguas-de-vl",
        "description": "Colonia N\u00ba1 Azahar Aguas de V&L 150 ml",
        "image": "https:\/\/cdn-consum.aktiosdigitalservices.com\/tol\/consum\/media\/product\/img\/300x300\/7254592.jpg?t=20241217081102"
    },
    {
        "id": 11743,
        "name": "Colonia N\u00ba3 Hiedra Aguas de V&L V&L",
        "price": 12.95,
        "price_kilo": 8.63,
        "slug": "colonia-n3-hiedra-aguas-de-vl",
        "description": "Colonia N\u00ba3 Hiedra Aguas de V&L 150 ml",
        "image": "https:\/\/cdn-consum.aktiosdigitalservices.com\/tol\/consum\/media\/product\/img\/300x300\/7254600.jpg?t=20241217081102"
    },
    {
        "id": 11763,
        "name": "Pila Litio Bot\u00f3n CR 2032 ENERGIZER",
        "price": 4.89,
        "price_kilo": 2.45,
        "slug": "pila-litio-boton-cr-2032",
        "description": "Pila Litio Bot\u00f3n CR 2032 2 U",
        "image": "https:\/\/cdn-consum.aktiosdigitalservices.com\/tol\/consum\/media\/product\/img\/300x300\/7260185.jpg?t=20250109100922"
    },
    {
        "id": 11776,
        "name": "Mermelada Ar\u00e1ndano VIEJA FABRIC",
        "price": 2.79,
        "price_kilo": 9.79,
        "slug": "mermelada-arandano",
        "description": "Mermelada Ar\u00e1ndano 285 Gr",
        "image": "https:\/\/cdn-consum.aktiosdigitalservices.com\/tol\/consum\/media\/product\/img\/300x300\/7263101.jpg?t=20250311133801"
    },
    {
        "id": 11781,
        "name": "Carajillo de Ron 3 COLORES",
        "price": 7.99,
        "price_kilo": 11.41,
        "slug": "carajillo-de-ron",
        "description": "Carajillo de Ron 0,7 L",
        "image": "https:\/\/cdn-consum.aktiosdigitalservices.com\/tol\/consum\/media\/product\/img\/300x300\/7264406.jpg?t=20250312125452"
    },
    {
        "id": 11787,
        "name": "Whisky Bourbon BOWL.GREEN",
        "price": 9.29,
        "price_kilo": 13.27,
        "slug": "whisky-bourbon",
        "description": "Whisky Bourbon 0,7 L",
        "image": "https:\/\/cdn-consum.aktiosdigitalservices.com\/tol\/consum\/media\/product\/img\/300x300\/7265515.jpg?t=20241217081107"
    },
    {
        "id": 11834,
        "name": "Ron A\u00f1ejo CALIBRE 38",
        "price": 7.59,
        "price_kilo": 7.59,
        "slug": "ron-anejo",
        "description": "Ron A\u00f1ejo 1 L",
        "image": "https:\/\/cdn-consum.aktiosdigitalservices.com\/tol\/consum\/media\/product\/img\/300x300\/7272979.jpg?t=20241217081109"
    },
    {
        "id": 11836,
        "name": "Ginebra Premium BULLDOG",
        "price": 25.5,
        "price_kilo": 36.43,
        "slug": "ginebra-premium",
        "description": "Ginebra Premium 0,7 L",
        "image": "https:\/\/cdn-consum.aktiosdigitalservices.com\/tol\/consum\/media\/product\/img\/300x300\/7273142.jpg?t=20250311164601"
    },
    {
        "id": 11848,
        "name": "Natillas Caseras ROYAL",
        "price": 1.65,
        "price_kilo": 16.5,
        "slug": "natillas-caseras",
        "description": "Natillas Caseras 100 Gr",
        "image": "https:\/\/cdn-consum.aktiosdigitalservices.com\/tol\/consum\/media\/product\/img\/300x300\/302588.jpg?t=20250311103047"
    },
    {
        "id": 11850,
        "name": "Colorantes  Alimentarios Pasteleria VAHINE",
        "price": 2.99,
        "price_kilo": 16.61,
        "slug": "colorantes-alimentarios-pasteleria",
        "description": "Colorantes  Alimentarios Pasteleria 3 x 6 ml",
        "image": "https:\/\/cdn-consum.aktiosdigitalservices.com\/tol\/consum\/media\/product\/img\/300x300\/314377.jpg?t=20250313075752"
    },
    {
        "id": 11853,
        "name": "Az\u00facar Avainillada Tarro VAHINE",
        "price": 2.29,
        "price_kilo": 25.44,
        "slug": "azucar-avainillada-tarro",
        "description": "Az\u00facar Avainillada Tarro 90 Gr",
        "image": "https:\/\/cdn-consum.aktiosdigitalservices.com\/tol\/consum\/media\/product\/img\/300x300\/314567.jpg?t=20250311103110"
    },
    {
        "id": 11854,
        "name": "Gelatina Sin Sabor VAHINE",
        "price": 2.39,
        "price_kilo": 14.06,
        "slug": "gelatina-sin-sabor",
        "description": "Gelatina Sin Sabor 17 Gr",
        "image": "https:\/\/cdn-consum.aktiosdigitalservices.com\/tol\/consum\/media\/product\/img\/300x300\/314716.jpg?t=20250313075754"
    },
    {
        "id": 11855,
        "name": "Almendras Laminadas VAHINE",
        "price": 4.07,
        "price_kilo": 32.56,
        "slug": "almendras-laminadas",
        "description": "Almendras Laminadas 125 Gr",
        "image": "https:\/\/cdn-consum.aktiosdigitalservices.com\/tol\/consum\/media\/product\/img\/300x300\/314732.jpg?t=20250311103115"
    },
    {
        "id": 11856,
        "name": "Almendras Molidas VAHINE",
        "price": 4.07,
        "price_kilo": 32.56,
        "slug": "almendras-molidas",
        "description": "Almendras Molidas 125 Gr",
        "image": "https:\/\/cdn-consum.aktiosdigitalservices.com\/tol\/consum\/media\/product\/img\/300x300\/314757.jpg?t=20250311103118"
    },
    {
        "id": 11857,
        "name": "Crocanti  de Almendra VAHIN\u00c9",
        "price": 3.99,
        "price_kilo": 31.92,
        "slug": "crocanti-de-almendra",
        "description": "Crocanti  de Almendra 125 Gr",
        "image": "https:\/\/cdn-consum.aktiosdigitalservices.com\/tol\/consum\/media\/product\/img\/300x300\/314773.jpg?t=20250311103120"
    },
    {
        "id": 11858,
        "name": "Coco Rallado VAHINE",
        "price": 3.62,
        "price_kilo": 31.48,
        "slug": "coco-rallado",
        "description": "Coco Rallado 115 Gr",
        "image": "https:\/\/cdn-consum.aktiosdigitalservices.com\/tol\/consum\/media\/product\/img\/300x300\/314781.jpg?t=20250311103123"
    },
    {
        "id": 11859,
        "name": "Levadura de Panader\u00eda 4 Sobres VAHIN\u00c9",
        "price": 1.89,
        "price_kilo": 10.27,
        "slug": "levadura-de-panaderia-4-sobres",
        "description": "Levadura de Panader\u00eda 4 Sobres 4,6 Gr",
        "image": "https:\/\/cdn-consum.aktiosdigitalservices.com\/tol\/consum\/media\/product\/img\/300x300\/314823.jpg?t=20250311103125"
    },
    {
        "id": 11860,
        "name": "Caramelo L\u00edquido Botella ROYAL",
        "price": 2.99,
        "price_kilo": 7.48,
        "slug": "caramelo-liquido-botella",
        "description": "Caramelo L\u00edquido Botella 400 Gr",
        "image": "https:\/\/cdn-consum.aktiosdigitalservices.com\/tol\/consum\/media\/product\/img\/300x300\/356105.jpg?t=20250313075807"
    },
    {
        "id": 11861,
        "name": "Flan de Vainilla 6 Sobres POTAX",
        "price": 1.75,
        "price_kilo": 9.11,
        "slug": "flan-de-vainilla-6-sobres",
        "description": "Flan de Vainilla 6 Sobres 192 Gr",
        "image": "https:\/\/cdn-consum.aktiosdigitalservices.com\/tol\/consum\/media\/product\/img\/300x300\/356170.jpg?t=20250311103239"
    },
    {
        "id": 11863,
        "name": "Absorbe Olor Lavanda GLADE",
        "price": 5.15,
        "price_kilo": 2.58,
        "slug": "absorbe-olor-lavanda",
        "description": "Absorbe Olor Lavanda 2 U",
        "image": "https:\/\/cdn-consum.aktiosdigitalservices.com\/tol\/consum\/media\/product\/img\/300x300\/400481.jpg?t=20250109093116"
    },
    {
        "id": 11864,
        "name": "Desatascador Ba\u00f1o L\u00edquido FORZA",
        "price": 7.99,
        "price_kilo": 7.99,
        "slug": "desatascador-bano-liquido",
        "description": "Desatascador Ba\u00f1o L\u00edquido 1 L",
        "image": "https:\/\/cdn-consum.aktiosdigitalservices.com\/tol\/consum\/media\/product\/img\/300x300\/415976.jpg?t=20250206090057"
    },
    {
        "id": 11865,
        "name": "Limpiador Multiusos GLASSEX",
        "price": 3.65,
        "price_kilo": 4.87,
        "slug": "limpiador-multiusos",
        "description": "Limpiador Multiusos 0,75 L",
        "image": "https:\/\/cdn-consum.aktiosdigitalservices.com\/tol\/consum\/media\/product\/img\/300x300\/416149.jpg?t=20250311164531"
    },
    {
        "id": 11866,
        "name": "Limpiamuebles Jabonoso Madera PRONTO",
        "price": 5.35,
        "price_kilo": 7.13,
        "slug": "limpiamuebles-jabonoso-madera",
        "description": "Limpiamuebles Jabonoso Madera 0,75 L",
        "image": "https:\/\/cdn-consum.aktiosdigitalservices.com\/tol\/consum\/media\/product\/img\/300x300\/427633.jpg?t=20241217080949"
    },
    {
        "id": 11867,
        "name": "Pastel de Queso Caja ROYAL",
        "price": 4.49,
        "price_kilo": 13.82,
        "slug": "pastel-de-queso-caja",
        "description": "Pastel de Queso Caja 325 Gr",
        "image": "https:\/\/cdn-consum.aktiosdigitalservices.com\/tol\/consum\/media\/product\/img\/300x300\/429605.jpg?t=20250311103320"
    },
    {
        "id": 11871,
        "name": "Plaquita Felicidades VAHINE",
        "price": 1.89,
        "price_kilo": 1.89,
        "slug": "plaquita-felicidades",
        "description": "Plaquita Felicidades 1 U",
        "image": "https:\/\/cdn-consum.aktiosdigitalservices.com\/tol\/consum\/media\/product\/img\/300x300\/588558.jpg?t=20250311103349"
    },
    {
        "id": 11874,
        "name": "Baked Beans Bote HEINZ",
        "price": 1.49,
        "price_kilo": 3.59,
        "slug": "baked-beans-bote",
        "description": "Baked Beans Bote 415 Gr",
        "image": "https:\/\/cdn-consum.aktiosdigitalservices.com\/tol\/consum\/media\/product\/img\/300x300\/749663.jpg?t=20241217080953"
    },
    {
        "id": 11876,
        "name": "Litines Caja LA BANDERA",
        "price": 1.95,
        "price_kilo": 14.77,
        "slug": "litines-caja",
        "description": "Litines Caja 132 Gr",
        "image": "https:\/\/cdn-consum.aktiosdigitalservices.com\/tol\/consum\/media\/product\/img\/300x300\/943514.jpg?t=20250311103504"
    },
    {
        "id": 11878,
        "name": "Chicles Stick Sabor Menta TRIDENT",
        "price": 1.1,
        "price_kilo": 8.15,
        "slug": "chicles-stick-sabor-menta",
        "description": "Chicles Stick Sabor Menta 13,5 Gr",
        "image": "https:\/\/cdn-consum.aktiosdigitalservices.com\/tol\/consum\/media\/product\/img\/300x300\/1530955.jpg?t=20250311123954"
    },
    {
        "id": 11879,
        "name": "N\u00e9ctar Pera Botella Pet GRANINI",
        "price": 2.89,
        "price_kilo": 2.89,
        "slug": "nectar-pera-botella-pet",
        "description": "N\u00e9ctar Pera Botella Pet 1 L",
        "image": "https:\/\/cdn-consum.aktiosdigitalservices.com\/tol\/consum\/media\/product\/img\/300x300\/3317591.jpg?t=20250312155821"
    },
    {
        "id": 11882,
        "name": "Laca Cabello Te\u00f1ido Fijaci\u00f3n Fuerte ELNETT",
        "price": 7.59,
        "price_kilo": 1.9,
        "slug": "laca-cabello-tenido-fijacion-fuerte",
        "description": "Laca Cabello Te\u00f1ido Fijaci\u00f3n Fuerte 400 ml",
        "image": "https:\/\/cdn-consum.aktiosdigitalservices.com\/tol\/consum\/media\/product\/img\/300x300\/3744034.jpg?t=20241217080958"
    },
    {
        "id": 11898,
        "name": "Antical Eco Frosch 1L Limpiahogar FROSCH",
        "price": 3.45,
        "price_kilo": 3.45,
        "slug": "antical-eco-frosch-1l-limpiahogar",
        "description": "Antical Eco Frosch 1L Limpiahogar 1 L",
        "image": "https:\/\/cdn-consum.aktiosdigitalservices.com\/tol\/consum\/media\/product\/img\/300x300\/7018138.jpg?t=20250227090332"
    },
    {
        "id": 11900,
        "name": "Crema de Leche y Avellanas Vaso Cristal NOCILLA",
        "price": 2.69,
        "price_kilo": 14.94,
        "slug": "crema-de-leche-y-avellanas-vaso-cristal",
        "description": "Crema de Leche y Avellanas Vaso Cristal 180 Gr",
        "image": "https:\/\/cdn-consum.aktiosdigitalservices.com\/tol\/consum\/media\/product\/img\/300x300\/7026482.jpg?t=20250312092741"
    },
    {
        "id": 11905,
        "name": "Caramelos Sabor Frutas sin Az\u00facar SMINT",
        "price": 1.65,
        "price_kilo": 20.63,
        "slug": "caramelos-sabor-frutas-sin-azucar",
        "description": "Caramelos Sabor Frutas sin Az\u00facar 8 Gr",
        "image": "https:\/\/cdn-consum.aktiosdigitalservices.com\/tol\/consum\/media\/product\/img\/300x300\/7042898.jpg?t=20250311124114"
    },
    {
        "id": 11906,
        "name": "Caramelos Menta sin Az\u00facar SMINT",
        "price": 1.65,
        "price_kilo": 20.63,
        "slug": "caramelos-menta-sin-azucar",
        "description": "Caramelos Menta sin Az\u00facar 8 Gr",
        "image": "https:\/\/cdn-consum.aktiosdigitalservices.com\/tol\/consum\/media\/product\/img\/300x300\/7042906.jpg?t=20250311124116"
    },
    {
        "id": 11907,
        "name": "Friegasuelos Lim\u00f3n CONSUM",
        "price": 0.95,
        "price_kilo": 0.63,
        "slug": "friegasuelos-limon",
        "description": "Friegasuelos Lim\u00f3n 1,5 L",
        "image": "https:\/\/cdn-consum.aktiosdigitalservices.com\/tol\/consum\/media\/product\/img\/300x300\/7044605.jpg?t=20241217081008"
    },
    {
        "id": 11908,
        "name": "Bolitas Multicolores VAHIN\u00c9",
        "price": 2.25,
        "price_kilo": 28.13,
        "slug": "bolitas-multicolores",
        "description": "Bolitas Multicolores 80 Gr",
        "image": "https:\/\/cdn-consum.aktiosdigitalservices.com\/tol\/consum\/media\/product\/img\/300x300\/7048981.jpg?t=20250311104000"
    },
    {
        "id": 11910,
        "name": "Pepitas de Chocolate Negro VAHIN\u00c9",
        "price": 3.99,
        "price_kilo": 39.9,
        "slug": "pepitas-de-chocolate-negro",
        "description": "Pepitas de Chocolate Negro 100 Gr",
        "image": "https:\/\/cdn-consum.aktiosdigitalservices.com\/tol\/consum\/media\/product\/img\/300x300\/7048999.jpg?t=20250311104003"
    },
    {
        "id": 11911,
        "name": "Potaje de Lentejas Bote CALZADO",
        "price": 1.85,
        "price_kilo": 4.63,
        "slug": "potaje-de-lentejas-bote",
        "description": "Potaje de Lentejas Bote 400 Gr",
        "image": "https:\/\/cdn-consum.aktiosdigitalservices.com\/tol\/consum\/media\/product\/img\/300x300\/7056620.jpg?t=20241217081011"
    },
    {
        "id": 11917,
        "name": "Caf\u00e9 Grano Mezcla CONSUM",
        "price": 10.45,
        "price_kilo": 10.45,
        "slug": "cafe-grano-mezcla",
        "description": "Caf\u00e9 Grano Mezcla 1 Kg",
        "image": "https:\/\/cdn-consum.aktiosdigitalservices.com\/tol\/consum\/media\/product\/img\/300x300\/7071616.jpg?t=20250312092743"
    },
    {
        "id": 11920,
        "name": "Zumo Naranja-Mandarina Concentrado Pack de 6 CONSUM",
        "price": 1.89,
        "price_kilo": 1.58,
        "slug": "zumo-naranja-mandarina-concentrado-pack-de-6",
        "description": "Zumo Naranja-Mandarina Concentrado Pack de 6 6 x 0,2 L",
        "image": "https:\/\/cdn-consum.aktiosdigitalservices.com\/tol\/consum\/media\/product\/img\/300x300\/7080190.jpg?t=20250121080018"
    },
    {
        "id": 11923,
        "name": "Zumo Naranja-Mandarina Concentrado Pack de 6 DON SIMON",
        "price": 2.59,
        "price_kilo": 2.16,
        "slug": "zumo-naranja-mandarina-concentrado-pack-de-6",
        "description": "Zumo Naranja-Mandarina Concentrado Pack de 6 6 x 0,2 L",
        "image": "https:\/\/cdn-consum.aktiosdigitalservices.com\/tol\/consum\/media\/product\/img\/300x300\/7082936.jpg?t=20250311164541"
    },
    {
        "id": 11927,
        "name": "Actimel Actikids 6+2 Sabor Fresa-Pl\u00e1tano DANONE",
        "price": 3.79,
        "price_kilo": 4.74,
        "slug": "actimel-actikids-62-sabor-fresa-platano",
        "description": "Actimel Actikids 6+2 Sabor Fresa-Pl\u00e1tano 8 x 100 Gr",
        "image": "https:\/\/cdn-consum.aktiosdigitalservices.com\/tol\/consum\/media\/product\/img\/300x300\/7087463.jpg?t=20250312125107"
    },
    {
        "id": 11928,
        "name": "Az\u00facar Glas Tarro VAHIN\u00c9",
        "price": 2.69,
        "price_kilo": 44.83,
        "slug": "azucar-glas-tarro",
        "description": "Az\u00facar Glas Tarro 60 Gr",
        "image": "https:\/\/cdn-consum.aktiosdigitalservices.com\/tol\/consum\/media\/product\/img\/300x300\/7087757.jpg?t=20250311104303"
    },
    {
        "id": 11929,
        "name": "Chantilly ROYAL",
        "price": 2.49,
        "price_kilo": 34.58,
        "slug": "chantilly",
        "description": "Chantilly 72 Gr",
        "image": "https:\/\/cdn-consum.aktiosdigitalservices.com\/tol\/consum\/media\/product\/img\/300x300\/7089758.jpg?t=20250311164541"
    },
    {
        "id": 11931,
        "name": "Limpiador Multiusos Oxi Activo ESTRELLA",
        "price": 4.09,
        "price_kilo": 3.72,
        "slug": "limpiador-multiusos-oxi-activo",
        "description": "Limpiador Multiusos Oxi Activo 1,25 L",
        "image": "https:\/\/cdn-consum.aktiosdigitalservices.com\/tol\/consum\/media\/product\/img\/300x300\/7091671.jpg?t=20250227090641"
    },
    {
        "id": 11933,
        "name": "Canela en Rama VAHINE",
        "price": 3.55,
        "price_kilo": 35.5,
        "slug": "canela-en-rama",
        "description": "Canela en Rama 10 Gr",
        "image": "https:\/\/cdn-consum.aktiosdigitalservices.com\/tol\/consum\/media\/product\/img\/300x300\/7094563.jpg?t=20250311104332"
    },
    {
        "id": 11935,
        "name": "Lunas Ba\u00f1adas Cacao CONSUM",
        "price": 2.39,
        "price_kilo": 6.83,
        "slug": "lunas-banadas-cacao",
        "description": "Lunas Ba\u00f1adas Cacao 350 Gr",
        "image": "https:\/\/cdn-consum.aktiosdigitalservices.com\/tol\/consum\/media\/product\/img\/300x300\/7096530.jpg?t=20250312092745"
    },
    {
        "id": 11936,
        "name": "Manzanilla con Menta 25 Bolsitas POMPADOUR",
        "price": 2.15,
        "price_kilo": 0.09,
        "slug": "manzanilla-con-menta-25-bolsitas",
        "description": "Manzanilla con Menta 25 Bolsitas 25 U",
        "image": "https:\/\/cdn-consum.aktiosdigitalservices.com\/tol\/consum\/media\/product\/img\/300x300\/7097280.jpg?t=20250311133257"
    },
    {
        "id": 11951,
        "name": "Cracker TUC",
        "price": 2.9,
        "price_kilo": 11.6,
        "slug": "cracker",
        "description": "Cracker 250 Gr",
        "image": "https:\/\/cdn-consum.aktiosdigitalservices.com\/tol\/consum\/media\/product\/img\/300x300\/7109296.jpg?t=20250318080003"
    },
    {
        "id": 11953,
        "name": "Tapioca Caja ROYAL",
        "price": 2.5,
        "price_kilo": 14.29,
        "slug": "tapioca-caja",
        "description": "Tapioca Caja 175 Gr",
        "image": "https:\/\/cdn-consum.aktiosdigitalservices.com\/tol\/consum\/media\/product\/img\/300x300\/7113314.jpg?t=20250312092746"
    },
    {
        "id": 11957,
        "name": "Caramelo Menta SMINT",
        "price": 2.49,
        "price_kilo": 7.11,
        "slug": "caramelo-menta",
        "description": "Caramelo Menta 35 Gr",
        "image": "https:\/\/cdn-consum.aktiosdigitalservices.com\/tol\/consum\/media\/product\/img\/300x300\/7116403.jpg?t=20250311124224"
    },
    {
        "id": 11959,
        "name": "Hogaza de Pan Tostado 9 Cereales RECONDO",
        "price": 1.99,
        "price_kilo": 8.3,
        "slug": "hogaza-de-pan-tostado-9-cereales",
        "description": "Hogaza de Pan Tostado 9 Cereales 240 Gr",
        "image": "https:\/\/cdn-consum.aktiosdigitalservices.com\/tol\/consum\/media\/product\/img\/300x300\/7116994.jpg?t=20250311104542"
    },
    {
        "id": 11961,
        "name": "N\u00e9ctar Melocot\u00f3n Disfruta sin Az\u00facar A\u00f1adido Pack DON SIMON",
        "price": 1.99,
        "price_kilo": 1.66,
        "slug": "nectar-melocoton-disfruta-sin-azucar-anadido-pack",
        "description": "N\u00e9ctar Melocot\u00f3n Disfruta sin Az\u00facar A\u00f1adido Pack 6 x 0,2 L",
        "image": "https:\/\/cdn-consum.aktiosdigitalservices.com\/tol\/consum\/media\/product\/img\/300x300\/7119167.jpg?t=20250220080136"
    },
    {
        "id": 11969,
        "name": "Multinfusi\u00f3n Valeriana Plus 5 Bolsitas 20 Unid. POMPADOUR",
        "price": 2.79,
        "price_kilo": 0.14,
        "slug": "multinfusion-valeriana-plus-5-bolsitas-20-unid",
        "description": "Multinfusi\u00f3n Valeriana Plus 5 Bolsitas 20 Unid. 20 U",
        "image": "https:\/\/cdn-consum.aktiosdigitalservices.com\/tol\/consum\/media\/product\/img\/300x300\/7134054.jpg?t=20250311133344"
    },
    {
        "id": 11971,
        "name": "Preparado para Crepes Botella MAIZENA",
        "price": 2.89,
        "price_kilo": 14.6,
        "slug": "preparado-para-crepes-botella",
        "description": "Preparado para Crepes Botella 198 Gr",
        "image": "https:\/\/cdn-consum.aktiosdigitalservices.com\/tol\/consum\/media\/product\/img\/300x300\/7141377.jpg?t=20250311104609"
    },
    {
        "id": 11977,
        "name": "Limpiador Brillante Maderas TENN",
        "price": 4.05,
        "price_kilo": 3.24,
        "slug": "limpiador-brillante-maderas",
        "description": "Limpiador Brillante Maderas 1,25 L",
        "image": "https:\/\/cdn-consum.aktiosdigitalservices.com\/tol\/consum\/media\/product\/img\/300x300\/7154557.jpg?t=20250206091442"
    },
    {
        "id": 11979,
        "name": "Croquetas Artesanas de Jam\u00f3n Ib\u00e9rico congeladas LA COCINERA",
        "price": 4.99,
        "price_kilo": 12.48,
        "slug": "croquetas-artesanas-de-jamon-iberico-congeladas",
        "description": "Croquetas Artesanas de Jam\u00f3n Ib\u00e9rico congeladas 400 Gr",
        "image": "https:\/\/cdn-consum.aktiosdigitalservices.com\/tol\/consum\/media\/product\/img\/300x300\/7156180.jpg?t=20250320075857"
    },
    {
        "id": 11980,
        "name": "Caramelo Fresa SMINT",
        "price": 2.49,
        "price_kilo": 7.11,
        "slug": "caramelo-fresa",
        "description": "Caramelo Fresa 35 Gr",
        "image": "https:\/\/cdn-consum.aktiosdigitalservices.com\/tol\/consum\/media\/product\/img\/300x300\/7156883.jpg?t=20250311124303"
    },
    {
        "id": 11982,
        "name": "L Casei Natural Azucarado Pack 12 Ud. CONSUM",
        "price": 2.22,
        "price_kilo": 1.85,
        "slug": "l-casei-natural-azucarado-pack-12-ud",
        "description": "L Casei Natural Azucarado Pack 12 Ud. 12 x 100 Gr",
        "image": "https:\/\/cdn-consum.aktiosdigitalservices.com\/tol\/consum\/media\/product\/img\/300x300\/7157865.jpg?t=20241223075934"
    },
    {
        "id": 11987,
        "name": "Escalop\u00edn de Lomo Tierno ELPOZO",
        "price": 5.74,
        "price_kilo": 9.57,
        "slug": "escalopin-de-lomo-tierno",
        "description": "Escalop\u00edn de Lomo Tierno 600 Gr",
        "image": "https:\/\/cdn-consum.aktiosdigitalservices.com\/tol\/consum\/media\/product\/img\/300x300\/7171973.jpg?t=20250318080034"
    },
    {
        "id": 11990,
        "name": "Caf\u00e9 Soluble Natural Sticks CONSUM",
        "price": 1.1,
        "price_kilo": 0.11,
        "slug": "cafe-soluble-natural-sticks",
        "description": "Caf\u00e9 Soluble Natural Sticks 10 U",
        "image": "https:\/\/cdn-consum.aktiosdigitalservices.com\/tol\/consum\/media\/product\/img\/300x300\/7172976.jpg?t=20250311133447"
    },
    {
        "id": 11992,
        "name": "Preparado Oreo Cake ROYAL",
        "price": 4.49,
        "price_kilo": 20.88,
        "slug": "preparado-oreo-cake",
        "description": "Preparado Oreo Cake 215 Gr",
        "image": "https:\/\/cdn-consum.aktiosdigitalservices.com\/tol\/consum\/media\/product\/img\/300x300\/7173826.jpg?t=20250311104833"
    },
    {
        "id": 11994,
        "name": "InfuSue\u00f1os Caja HORNIMANS",
        "price": 2.99,
        "price_kilo": 0.15,
        "slug": "infusuenos-caja",
        "description": "InfuSue\u00f1os Caja 20 U",
        "image": "https:\/\/cdn-consum.aktiosdigitalservices.com\/tol\/consum\/media\/product\/img\/300x300\/7176303.jpg?t=20250312160130"
    },
    {
        "id": 12001,
        "name": "Tarta Chocolate Milka ROYAL",
        "price": 4.89,
        "price_kilo": 13.97,
        "slug": "tarta-chocolate-milka",
        "description": "Tarta Chocolate Milka 350 Gr",
        "image": "https:\/\/cdn-consum.aktiosdigitalservices.com\/tol\/consum\/media\/product\/img\/300x300\/7183619.jpg?t=20250312160138"
    },
    {
        "id": 12003,
        "name": "Pur\u00e9 Patatas Bol MAGGI",
        "price": 1.29,
        "price_kilo": 25.8,
        "slug": "pure-patatas-bol",
        "description": "Pur\u00e9 Patatas Bol 50 Gr",
        "image": "https:\/\/cdn-consum.aktiosdigitalservices.com\/tol\/consum\/media\/product\/img\/300x300\/7185952.jpg?t=20250315075756"
    },
    {
        "id": 12010,
        "name": "Cono de Golosinas Sin Gluten MIGUELA\u00d1EZ",
        "price": 1.89,
        "price_kilo": 1.89,
        "slug": "cono-de-golosinas-sin-gluten",
        "description": "Cono de Golosinas Sin Gluten 1 U",
        "image": "https:\/\/cdn-consum.aktiosdigitalservices.com\/tol\/consum\/media\/product\/img\/300x300\/7191679.jpg?t=20250311124401"
    },
    {
        "id": 12011,
        "name": "Torta de Aceite CONSUM",
        "price": 1.49,
        "price_kilo": 8.28,
        "slug": "torta-de-aceite",
        "description": "Torta de Aceite 180 Gr",
        "image": "https:\/\/cdn-consum.aktiosdigitalservices.com\/tol\/consum\/media\/product\/img\/300x300\/7192706.jpg?t=20250311105031"
    },
    {
        "id": 12015,
        "name": "Harina para Rebozar sin Huevo YOLANDA",
        "price": 1.85,
        "price_kilo": 3.7,
        "slug": "harina-para-rebozar-sin-huevo",
        "description": "Harina para Rebozar sin Huevo 500 Gr",
        "image": "https:\/\/cdn-consum.aktiosdigitalservices.com\/tol\/consum\/media\/product\/img\/300x300\/7193753.jpg?t=20250109095554"
    },
    {
        "id": 12017,
        "name": "Pastelito Flaminguitos DULCESOL",
        "price": 1,
        "price_kilo": 6.06,
        "slug": "pastelito-flaminguitos",
        "description": "Pastelito Flaminguitos 3 Unidades",
        "image": "https:\/\/cdn-consum.aktiosdigitalservices.com\/tol\/consum\/media\/product\/img\/300x300\/7194533.jpg?t=20250311105052"
    },
    {
        "id": 12023,
        "name": "Hogaza de Pan R\u00fastico RECONDO",
        "price": 1.99,
        "price_kilo": 8.3,
        "slug": "hogaza-de-pan-rustico",
        "description": "Hogaza de Pan R\u00fastico 240 Gr",
        "image": "https:\/\/cdn-consum.aktiosdigitalservices.com\/tol\/consum\/media\/product\/img\/300x300\/7198807.jpg?t=20250311105114"
    },
    {
        "id": 12028,
        "name": "L Casei Fresa-Pl\u00e1tano y Galleta Pack 12 ud. CONSUM",
        "price": 2.22,
        "price_kilo": 1.85,
        "slug": "l-casei-fresa-platano-y-galleta-pack-12-ud",
        "description": "L Casei Fresa-Pl\u00e1tano y Galleta Pack 12 ud. 12 x 100 Gr",
        "image": "https:\/\/cdn-consum.aktiosdigitalservices.com\/tol\/consum\/media\/product\/img\/300x300\/7199839.jpg?t=20241223080001"
    },
    {
        "id": 12032,
        "name": "Fingers congelados LA COCINERA",
        "price": 4.99,
        "price_kilo": 15.59,
        "slug": "fingers-congelados",
        "description": "Fingers congelados 320 Gr",
        "image": "https:\/\/cdn-consum.aktiosdigitalservices.com\/tol\/consum\/media\/product\/img\/300x300\/7202781.jpg?t=20250227091417"
    },
    {
        "id": 12040,
        "name": "Bebida de Melocot\u00f3n sin Az\u00facares A\u00f1adidos CONSUM",
        "price": 1,
        "price_kilo": 1,
        "slug": "bebida-de-melocoton-sin-azucares-anadidos",
        "description": "Bebida de Melocot\u00f3n sin Az\u00facares A\u00f1adidos 1 L",
        "image": "https:\/\/cdn-consum.aktiosdigitalservices.com\/tol\/consum\/media\/product\/img\/300x300\/7209930.jpg?t=20241217081042"
    },
    {
        "id": 12041,
        "name": "Zumo Exprimido Naranja Sin pulpa - Minibrik CONSUM",
        "price": 1.4,
        "price_kilo": 2.33,
        "slug": "zumo-exprimido-naranja-sin-pulpa---minibrik",
        "description": "Zumo Exprimido Naranja Sin pulpa - Minibrik 3 x 0,2 L",
        "image": "https:\/\/cdn-consum.aktiosdigitalservices.com\/tol\/consum\/media\/product\/img\/300x300\/7209955.jpg?t=20241217081042"
    },
    {
        "id": 12043,
        "name": "N\u00e9ctar Melocot\u00f3n CONSUM",
        "price": 1.29,
        "price_kilo": 1.29,
        "slug": "nectar-melocoton",
        "description": "N\u00e9ctar Melocot\u00f3n 1 L",
        "image": "https:\/\/cdn-consum.aktiosdigitalservices.com\/tol\/consum\/media\/product\/img\/300x300\/7209976.jpg?t=20241217081042"
    },
    {
        "id": 12050,
        "name": "Insecticida Spray Rastreros RAID",
        "price": 5.29,
        "price_kilo": 13.23,
        "slug": "insecticida-spray-rastreros",
        "description": "Insecticida Spray Rastreros 400 ml",
        "image": "https:\/\/cdn-consum.aktiosdigitalservices.com\/tol\/consum\/media\/product\/img\/300x300\/7213556.jpg?t=20250320075924"
    },
    {
        "id": 12051,
        "name": "Insecticida Spray Multiinsectos RAID",
        "price": 6.75,
        "price_kilo": 16.88,
        "slug": "insecticida-spray-multiinsectos",
        "description": "Insecticida Spray Multiinsectos 400 ml",
        "image": "https:\/\/cdn-consum.aktiosdigitalservices.com\/tol\/consum\/media\/product\/img\/300x300\/7213580.jpg?t=20250320075927"
    },
    {
        "id": 12053,
        "name": "Tortitas Americanas Original Pancake MARY LEE",
        "price": 1.69,
        "price_kilo": 10.83,
        "slug": "tortitas-americanas-original-pancake",
        "description": "Tortitas Americanas Original Pancake 156 Gr",
        "image": "https:\/\/cdn-consum.aktiosdigitalservices.com\/tol\/consum\/media\/product\/img\/300x300\/7215056.jpg?t=20250311105226"
    },
    {
        "id": 12056,
        "name": "Alb\u00f3ndigas Estilo Casero CARRETILLA",
        "price": 3.65,
        "price_kilo": 12.17,
        "slug": "albondigas-estilo-casero",
        "description": "Alb\u00f3ndigas Estilo Casero 300 Gr",
        "image": "https:\/\/cdn-consum.aktiosdigitalservices.com\/tol\/consum\/media\/product\/img\/300x300\/7216612.jpg?t=20250313080301"
    },
    {
        "id": 12057,
        "name": "Fideu\u00e1 CARRETILLA",
        "price": 2.99,
        "price_kilo": 11.96,
        "slug": "fideua",
        "description": "Fideu\u00e1 250 Gr",
        "image": "https:\/\/cdn-consum.aktiosdigitalservices.com\/tol\/consum\/media\/product\/img\/300x300\/7216617.jpg?t=20241217081045"
    },
    {
        "id": 12058,
        "name": "Paella Marinera CARRETILLA",
        "price": 2.99,
        "price_kilo": 11.96,
        "slug": "paella-marinera",
        "description": "Paella Marinera 250 Gr",
        "image": "https:\/\/cdn-consum.aktiosdigitalservices.com\/tol\/consum\/media\/product\/img\/300x300\/7216620.jpg?t=20241217081045"
    },
    {
        "id": 12059,
        "name": "Preparado Bizcocho ROYAL",
        "price": 3.69,
        "price_kilo": 9.84,
        "slug": "preparado-bizcocho",
        "description": "Preparado Bizcocho 375 Gr",
        "image": "https:\/\/cdn-consum.aktiosdigitalservices.com\/tol\/consum\/media\/product\/img\/300x300\/7217235.jpg?t=20250312160258"
    },
    {
        "id": 12061,
        "name": "Aroma Vainilla VAHINE",
        "price": 4.35,
        "price_kilo": 21.75,
        "slug": "aroma-vainilla",
        "description": "Aroma Vainilla 200 ml",
        "image": "https:\/\/cdn-consum.aktiosdigitalservices.com\/tol\/consum\/media\/product\/img\/300x300\/7217263.jpg?t=20250311105239"
    },
    {
        "id": 12068,
        "name": "Corazones VAHINE",
        "price": 2.45,
        "price_kilo": 44.55,
        "slug": "corazones",
        "description": "Corazones 55 Gr",
        "image": "https:\/\/cdn-consum.aktiosdigitalservices.com\/tol\/consum\/media\/product\/img\/300x300\/7221948.jpg?t=20250311105320"
    },
    {
        "id": 12073,
        "name": "Pepitas Chocolate con Leche VAHINE",
        "price": 3.99,
        "price_kilo": 39.9,
        "slug": "pepitas-chocolate-con-leche",
        "description": "Pepitas Chocolate con Leche 100 Gr",
        "image": "https:\/\/cdn-consum.aktiosdigitalservices.com\/tol\/consum\/media\/product\/img\/300x300\/7222003.jpg?t=20250311105322"
    },
    {
        "id": 12078,
        "name": "Velita y Cifras VAHIN\u00c9",
        "price": 2.99,
        "price_kilo": 0.25,
        "slug": "velita-y-cifras",
        "description": "Velita y Cifras 12 U",
        "image": "https:\/\/cdn-consum.aktiosdigitalservices.com\/tol\/consum\/media\/product\/img\/300x300\/7222060.jpg?t=20250311105327"
    },
    {
        "id": 12082,
        "name": "Limpiahogar Ox\u00edgeno Activo CONSUM",
        "price": 1.35,
        "price_kilo": 1.35,
        "slug": "limpiahogar-oxigeno-activo",
        "description": "Limpiahogar Ox\u00edgeno Activo 1 L",
        "image": "https:\/\/cdn-consum.aktiosdigitalservices.com\/tol\/consum\/media\/product\/img\/300x300\/7224587.jpg?t=20250212080357"
    },
    {
        "id": 12091,
        "name": "Sirope de Fresa Bote HELIOS",
        "price": 1.99,
        "price_kilo": 6.75,
        "slug": "sirope-de-fresa-bote",
        "description": "Sirope de Fresa Bote 295 Gr",
        "image": "https:\/\/cdn-consum.aktiosdigitalservices.com\/tol\/consum\/media\/product\/img\/300x300\/7226665.jpg?t=20250311105344"
    },
    {
        "id": 12093,
        "name": "Colgador WC L\u00edquido Pino CONSUM",
        "price": 1.89,
        "price_kilo": 0.63,
        "slug": "colgador-wc-liquido-pino",
        "description": "Colgador WC L\u00edquido Pino 3 U",
        "image": "https:\/\/cdn-consum.aktiosdigitalservices.com\/tol\/consum\/media\/product\/img\/300x300\/7228252.jpg?t=20250318080936"
    },
    {
        "id": 12102,
        "name": "Yemas de Gallina Nutrave\/Pamies ",
        "price": 2.17,
        "price_kilo": 8.68,
        "slug": "yemas-de-gallina-nutrave-pamies",
        "description": "Yemas de Gallina Nutrave\/Pamies 250 Gr",
        "image": "https:\/\/cdn-consum.aktiosdigitalservices.com\/tol\/consum\/media\/product\/img\/300x300\/7231124.jpg?t=20250114084828"
    },
    {
        "id": 12103,
        "name": "Sirope de Chocolate Bote HELIOS",
        "price": 1.99,
        "price_kilo": 6.75,
        "slug": "sirope-de-chocolate-bote",
        "description": "Sirope de Chocolate Bote 295 Gr",
        "image": "https:\/\/cdn-consum.aktiosdigitalservices.com\/tol\/consum\/media\/product\/img\/300x300\/7231173.jpg?t=20250311105356"
    },
    {
        "id": 12106,
        "name": "Caramelo Tin Lim\u00f3n SMINT",
        "price": 2.49,
        "price_kilo": 7.11,
        "slug": "caramelo-tin-limon",
        "description": "Caramelo Tin Lim\u00f3n 35 Gr",
        "image": "https:\/\/cdn-consum.aktiosdigitalservices.com\/tol\/consum\/media\/product\/img\/300x300\/7231400.jpg?t=20250311124457"
    },
    {
        "id": 12114,
        "name": "Magret de Pato congelado MARTIKO",
        "price": 9.19,
        "price_kilo": 29.65,
        "slug": "magret-de-pato-congelado",
        "description": "Magret de Pato 310 Gr congelado",
        "image": "https:\/\/cdn-consum.aktiosdigitalservices.com\/tol\/consum\/media\/product\/img\/300x300\/7233596.jpg?t=20250311164558"
    },
    {
        "id": 12120,
        "name": "Gelatina de Fresa CONSUM",
        "price": 1.5,
        "price_kilo": 8.82,
        "slug": "gelatina-de-fresa",
        "description": "Gelatina de Fresa 170 Gr",
        "image": "https:\/\/cdn-consum.aktiosdigitalservices.com\/tol\/consum\/media\/product\/img\/300x300\/7235646.jpg?t=20250311105435"
    },
    {
        "id": 12121,
        "name": "Gelatina de Lim\u00f3n CONSUM",
        "price": 1.5,
        "price_kilo": 8.82,
        "slug": "gelatina-de-limon",
        "description": "Gelatina de Lim\u00f3n 170 Gr",
        "image": "https:\/\/cdn-consum.aktiosdigitalservices.com\/tol\/consum\/media\/product\/img\/300x300\/7235653.jpg?t=20250311105438"
    },
    {
        "id": 12122,
        "name": "Flan Vainilla con Caramelo CONSUM",
        "price": 1.4,
        "price_kilo": 7.37,
        "slug": "flan-vainilla-con-caramelo",
        "description": "Flan Vainilla con Caramelo 190 Gr",
        "image": "https:\/\/cdn-consum.aktiosdigitalservices.com\/tol\/consum\/media\/product\/img\/300x300\/7235674.jpg?t=20250311105440"
    },
    {
        "id": 12127,
        "name": "Ambientador Fresh Matic Delicias Verano Recambi AIR WICK",
        "price": 4.69,
        "price_kilo": 4.69,
        "slug": "ambientador-fresh-matic-delicias-verano-recambi",
        "description": "Ambientador Fresh Matic Delicias Verano Recambi 1 U",
        "image": "https:\/\/cdn-consum.aktiosdigitalservices.com\/tol\/consum\/media\/product\/img\/300x300\/7236813.jpg?t=20250227091910"
    },
    {
        "id": 12128,
        "name": "Laca Fijaci\u00f3n Fuerte ELNETT",
        "price": 3.99,
        "price_kilo": 5.32,
        "slug": "laca-fijacion-fuerte",
        "description": "Laca Fijaci\u00f3n Fuerte 75 ml",
        "image": "https:\/\/cdn-consum.aktiosdigitalservices.com\/tol\/consum\/media\/product\/img\/300x300\/7237597.jpg?t=20250204080649"
    },
    {
        "id": 12131,
        "name": "Sirope de Caramelo Bote HELIOS",
        "price": 1.75,
        "price_kilo": 5.93,
        "slug": "sirope-de-caramelo-bote",
        "description": "Sirope de Caramelo Bote 295 Gr",
        "image": "https:\/\/cdn-consum.aktiosdigitalservices.com\/tol\/consum\/media\/product\/img\/300x300\/7238355.jpg?t=20250311164559"
    },
    {
        "id": 12152,
        "name": "Caf\u00e9 Senseo Descafeinado Monodosis MARCILLA",
        "price": 5.75,
        "price_kilo": 0.21,
        "slug": "cafe-senseo-descafeinado-monodosis",
        "description": "Caf\u00e9 Senseo Descafeinado Monodosis 28 U",
        "image": "https:\/\/cdn-consum.aktiosdigitalservices.com\/tol\/consum\/media\/product\/img\/300x300\/7243835.jpg?t=20250311133718"
    },
    {
        "id": 12168,
        "name": "Zumo Tropical Consum Pack de 6 CONSUM",
        "price": 1.99,
        "price_kilo": 1.66,
        "slug": "zumo-tropical-consum-pack-de-6",
        "description": "Zumo Tropical Consum Pack de 6 6 x 0,2 L",
        "image": "https:\/\/cdn-consum.aktiosdigitalservices.com\/tol\/consum\/media\/product\/img\/300x300\/7245934.jpg?t=20250121080322"
    },
    {
        "id": 12176,
        "name": "Delicias de Mar Pack 2 Unidades CONSUM",
        "price": 1.69,
        "price_kilo": 8.45,
        "slug": "delicias-de-mar-pack-2-unidades",
        "description": "Delicias de Mar Pack 2 Unidades 2 x 100 Gr",
        "image": "https:\/\/cdn-consum.aktiosdigitalservices.com\/tol\/consum\/media\/product\/img\/300x300\/7247856.jpg?t=20250312125432"
    },
    {
        "id": 12177,
        "name": "Medias Noches Panecillos Sin Gluten SCH\u00c4R",
        "price": 2.92,
        "price_kilo": 14.6,
        "slug": "medias-noches-panecillos-sin-gluten",
        "description": "Medias Noches Panecillos Sin Gluten 200 Gr",
        "image": "https:\/\/cdn-consum.aktiosdigitalservices.com\/tol\/consum\/media\/product\/img\/300x300\/7248235.jpg?t=20250313080347"
    },
    {
        "id": 12185,
        "name": "Sardina Marinada BRUIMAR",
        "price": 1.45,
        "price_kilo": 29,
        "slug": "sardina-marinada",
        "description": "Sardina Marinada 50 Gr",
        "image": "https:\/\/cdn-consum.aktiosdigitalservices.com\/tol\/consum\/media\/product\/img\/300x300\/7252356.jpg?t=20241217081100"
    },
    {
        "id": 12186,
        "name": "Cacao Instant\u00e1neo CONSUM",
        "price": 2.2,
        "price_kilo": 5.5,
        "slug": "cacao-instantaneo",
        "description": "Cacao Instant\u00e1neo 400 Gr",
        "image": "https:\/\/cdn-consum.aktiosdigitalservices.com\/tol\/consum\/media\/product\/img\/300x300\/7252484.jpg?t=20250311133743"
    },
    {
        "id": 12191,
        "name": "Compresa Incontinencia Men Normal INDASEC",
        "price": 4.25,
        "price_kilo": 0.43,
        "slug": "compresa-incontinencia-men-normal",
        "description": "Compresa Incontinencia Men Normal 10 U",
        "image": "https:\/\/cdn-consum.aktiosdigitalservices.com\/tol\/consum\/media\/product\/img\/300x300\/7254076.jpg?t=20250227092211"
    },
    {
        "id": 12203,
        "name": "Mini Alb\u00f3ndigas Bacalao sin Gluten congeladas PRECOAN",
        "price": 2.15,
        "price_kilo": 8.6,
        "slug": "mini-albondigas-bacalao-sin-gluten-congeladas",
        "description": "Mini Alb\u00f3ndigas Bacalao sin Gluten congeladas 250 Gr",
        "image": "https:\/\/cdn-consum.aktiosdigitalservices.com\/tol\/consum\/media\/product\/img\/300x300\/7256287.jpg?t=20241217081103"
    },
    {
        "id": 12209,
        "name": "Velitas Cumplea\u00f1os Rosas y Azules VAHIN\u00c9",
        "price": 1.89,
        "price_kilo": 0.12,
        "slug": "velitas-cumpleanos-rosas-y-azules",
        "description": "Velitas Cumplea\u00f1os Rosas y Azules 16 U",
        "image": "https:\/\/cdn-consum.aktiosdigitalservices.com\/tol\/consum\/media\/product\/img\/300x300\/7258171.jpg?t=20250311105724"
    },
    {
        "id": 12213,
        "name": "Brazo de Cacao CONSUM",
        "price": 1.99,
        "price_kilo": 6.63,
        "slug": "brazo-de-cacao",
        "description": "Brazo de Cacao 300 Gr",
        "image": "https:\/\/cdn-consum.aktiosdigitalservices.com\/tol\/consum\/media\/product\/img\/300x300\/7259406.jpg?t=20250311105726"
    },
    {
        "id": 12228,
        "name": "Pan Pay\u00e9s Sin Gluten SCH\u00c4R",
        "price": 3.73,
        "price_kilo": 15.54,
        "slug": "pan-payes-sin-gluten",
        "description": "Pan Pay\u00e9s Sin Gluten 240 Gr",
        "image": "https:\/\/cdn-consum.aktiosdigitalservices.com\/tol\/consum\/media\/product\/img\/300x300\/7261829.jpg?t=20250313080405"
    },
    {
        "id": 12229,
        "name": "Rabas Empanadas PESCANOVA",
        "price": 4.19,
        "price_kilo": 8.73,
        "slug": "rabas-empanadas",
        "description": "Rabas Empanadas 480 Gr",
        "image": "https:\/\/cdn-consum.aktiosdigitalservices.com\/tol\/consum\/media\/product\/img\/300x300\/7262020.jpg?t=20250218080531"
    },
    {
        "id": 12230,
        "name": "Insecticida El\u00e9ctrico Aparato L\u00edquido M\u00e1s Rec BLOOM",
        "price": 9.35,
        "price_kilo": 9.35,
        "slug": "insecticida-electrico-aparato-liquido-mas-rec",
        "description": "Insecticida El\u00e9ctrico Aparato L\u00edquido M\u00e1s Rec 1 U",
        "image": "https:\/\/cdn-consum.aktiosdigitalservices.com\/tol\/consum\/media\/product\/img\/300x300\/7262090.jpg?t=20250320080014"
    },
    {
        "id": 12232,
        "name": "Varitas de Queso MAHESO",
        "price": 2.49,
        "price_kilo": 10.38,
        "slug": "varitas-de-queso",
        "description": "Varitas de Queso 240 Gr",
        "image": "https:\/\/cdn-consum.aktiosdigitalservices.com\/tol\/consum\/media\/product\/img\/300x300\/7262215.jpg?t=20250312125440"
    },
    {
        "id": 12234,
        "name": "Recambio Insecticida El\u00e9ctrico M&M Max BLOOM",
        "price": 5.1,
        "price_kilo": 5.1,
        "slug": "recambio-insecticida-electrico-mm-max",
        "description": "Recambio Insecticida El\u00e9ctrico M&M Max 1 U",
        "image": "https:\/\/cdn-consum.aktiosdigitalservices.com\/tol\/consum\/media\/product\/img\/300x300\/7262269.jpg?t=20250320080017"
    },
    {
        "id": 12251,
        "name": "Salaqueso Bolsa 4 Paquetes VELARTE",
        "price": 2.26,
        "price_kilo": 14.13,
        "slug": "salaqueso-bolsa-4-paquetes",
        "description": "Salaqueso Bolsa 4 Paquetes 4 x 40 Gr",
        "image": "https:\/\/cdn-consum.aktiosdigitalservices.com\/tol\/consum\/media\/product\/img\/300x300\/7264737.jpg?t=20250311164600"
    },
    {
        "id": 12256,
        "name": "Caf\u00e9 con Leche Descafeinado C\u00e1psulas DOLCE GUSTO",
        "price": 5.2,
        "price_kilo": 0.33,
        "slug": "cafe-con-leche-descafeinado-capsulas",
        "description": "Caf\u00e9 con Leche Descafeinado C\u00e1psulas 16 U",
        "image": "https:\/\/cdn-consum.aktiosdigitalservices.com\/tol\/consum\/media\/product\/img\/300x300\/7266091.jpg?t=20250311105829"
    },
    {
        "id": 12265,
        "name": "Cacao Instant\u00e1neo Caja NESQUIK",
        "price": 13.89,
        "price_kilo": 5.14,
        "slug": "cacao-instantaneo-caja",
        "description": "Cacao Instant\u00e1neo Caja 2,7 Kg",
        "image": "https:\/\/cdn-consum.aktiosdigitalservices.com\/tol\/consum\/media\/product\/img\/300x300\/7266711.jpg?t=20250317075803"
    },
    {
        "id": 12271,
        "name": "Bizcocho Blandito Tosta Rica Oceanix CUETARA",
        "price": 2.99,
        "price_kilo": 18.69,
        "slug": "bizcocho-blandito-tosta-rica-oceanix",
        "description": "Bizcocho Blandito Tosta Rica Oceanix 160 Gr",
        "image": "https:\/\/cdn-consum.aktiosdigitalservices.com\/tol\/consum\/media\/product\/img\/300x300\/7267722.jpg?t=20250313080410"
    },
    {
        "id": 12281,
        "name": "Chocolate Negro 70% sin Az\u00facar con Almendra VALOR",
        "price": 3.99,
        "price_kilo": 26.6,
        "slug": "chocolate-negro-70-sin-azucar-con-almendra",
        "description": "Chocolate Negro 70% sin Az\u00facar con Almendra 150 Gr",
        "image": "https:\/\/cdn-consum.aktiosdigitalservices.com\/tol\/consum\/media\/product\/img\/300x300\/7269660.jpg?t=20250311133825"
    },
    {
        "id": 12285,
        "name": "Gelatina Sabor Fresa Light 10 Kcal ROYAL",
        "price": 2.85,
        "price_kilo": 9.19,
        "slug": "gelatina-sabor-fresa-light-10-kcal",
        "description": "Gelatina Sabor Fresa Light 10 Kcal 31 Gr",
        "image": "https:\/\/cdn-consum.aktiosdigitalservices.com\/tol\/consum\/media\/product\/img\/300x300\/7270762.jpg?t=20250311105857"
    },
    {
        "id": 12286,
        "name": "Gelatina Sabor Lim\u00f3n Light 10 Kcal ROYAL",
        "price": 2.85,
        "price_kilo": 9.19,
        "slug": "gelatina-sabor-limon-light-10-kcal",
        "description": "Gelatina Sabor Lim\u00f3n Light 10 Kcal 31 Gr",
        "image": "https:\/\/cdn-consum.aktiosdigitalservices.com\/tol\/consum\/media\/product\/img\/300x300\/7270767.jpg?t=20250311105900"
    },
    {
        "id": 12290,
        "name": "Rosquilletas Planas con Cacahuetes CONSUM",
        "price": 1.28,
        "price_kilo": 8,
        "slug": "rosquilletas-planas-con-cacahuetes",
        "description": "Rosquilletas Planas con Cacahuetes 2 x 80 Gr",
        "image": "https:\/\/cdn-consum.aktiosdigitalservices.com\/tol\/consum\/media\/product\/img\/300x300\/7271331.jpg?t=20250312092756"
    },
    {
        "id": 12298,
        "name": "Pan de Molde Rebanada Estilo Artesano BIMBO",
        "price": 2.79,
        "price_kilo": 5.58,
        "slug": "pan-de-molde-rebanada-estilo-artesano",
        "description": "Pan de Molde Rebanada Estilo Artesano 500 Gr",
        "image": "https:\/\/cdn-consum.aktiosdigitalservices.com\/tol\/consum\/media\/product\/img\/300x300\/7272938.jpg?t=20250311133829"
    },
    {
        "id": 12317,
        "name": "Patata Guarnici\u00f3n ",
        "price": 2.59,
        "price_kilo": 2.59,
        "slug": "patata-guarnicion",
        "description": "Patata Guarnici\u00f3n 1 Kg",
        "image": "https:\/\/cdn-consum.aktiosdigitalservices.com\/tol\/consum\/media\/product\/img\/300x300\/57018.jpg?t=20250204075717"
    },
    {
        "id": 12318,
        "name": "Repollo Liso Entero ",
        "price": 5.21,
        "price_kilo": 1.77,
        "slug": "repollo-liso-entero",
        "description": "Repollo Liso Entero",
        "image": "https:\/\/cdn-consum.aktiosdigitalservices.com\/tol\/consum\/media\/product\/img\/300x300\/81117.jpg?t=20250322075640"
    },
    {
        "id": 12324,
        "name": "Vino Tinto Crianza D.O.Rioja MARQ.CACERES",
        "price": 7.9,
        "price_kilo": 10.53,
        "slug": "vino-tinto-crianza-dorioja",
        "description": "Vino Tinto Crianza D.O.Rioja 0,75 L",
        "image": "https:\/\/cdn-consum.aktiosdigitalservices.com\/tol\/consum\/media\/product\/img\/300x300\/309443.jpg?t=20250109092718"
    },
    {
        "id": 12325,
        "name": "Vino Blanco Seco D.O.Catalu\u00f1a BACH",
        "price": 4.49,
        "price_kilo": 5.98,
        "slug": "vino-blanco-seco-docataluna",
        "description": "Vino Blanco Seco D.O.Catalu\u00f1a 0,75 L",
        "image": "https:\/\/cdn-consum.aktiosdigitalservices.com\/tol\/consum\/media\/product\/img\/300x300\/318279.jpg?t=20250311164531"
    },
    {
        "id": 12326,
        "name": "Vino Blanco Semi D.O.Catalu\u00f1a BACH",
        "price": 4.49,
        "price_kilo": 5.98,
        "slug": "vino-blanco-semi-docataluna",
        "description": "Vino Blanco Semi D.O.Catalu\u00f1a 0,75 L",
        "image": "https:\/\/cdn-consum.aktiosdigitalservices.com\/tol\/consum\/media\/product\/img\/300x300\/318584.jpg?t=20250227085846"
    },
    {
        "id": 12328,
        "name": "Limpia Tuberias L\u00edquido WC NET",
        "price": 6.99,
        "price_kilo": 6.99,
        "slug": "limpia-tuberias-liquido",
        "description": "Limpia Tuberias L\u00edquido 1 L",
        "image": "https:\/\/cdn-consum.aktiosdigitalservices.com\/tol\/consum\/media\/product\/img\/300x300\/341933.jpg?t=20250319075636"
    },
    {
        "id": 12329,
        "name": "Salchichas Bockwurst Frasco MEICA",
        "price": 4.69,
        "price_kilo": 18.76,
        "slug": "salchichas-bockwurst-frasco",
        "description": "Salchichas Bockwurst Frasco 250 Gr",
        "image": "https:\/\/cdn-consum.aktiosdigitalservices.com\/tol\/consum\/media\/product\/img\/300x300\/343160.jpg?t=20241217080947"
    },
    {
        "id": 12330,
        "name": "Vino Blanco Semi Dulce D.O.Rioja DIAMANTE",
        "price": 4.3,
        "price_kilo": 5.73,
        "slug": "vino-blanco-semi-dulce-dorioja",
        "description": "Vino Blanco Semi Dulce D.O.Rioja 0,75 L",
        "image": "https:\/\/cdn-consum.aktiosdigitalservices.com\/tol\/consum\/media\/product\/img\/300x300\/378323.jpg?t=20250109093056"
    },
    {
        "id": 12331,
        "name": "Vino Rosado Aguja MATEUS",
        "price": 4.49,
        "price_kilo": 5.99,
        "slug": "vino-rosado-aguja",
        "description": "Vino Rosado Aguja 0,75 L",
        "image": "https:\/\/cdn-consum.aktiosdigitalservices.com\/tol\/consum\/media\/product\/img\/300x300\/383414.jpg?t=20250201075629"
    },
    {
        "id": 12332,
        "name": "Cepillo Betunero ",
        "price": 1.25,
        "price_kilo": 1.25,
        "slug": "cepillo-betunero",
        "description": "Cepillo Betunero 1 U",
        "image": "https:\/\/cdn-consum.aktiosdigitalservices.com\/tol\/consum\/media\/product\/img\/300x300\/408708.jpg?t=20241217080948"
    },
    {
        "id": 12333,
        "name": "Cera Suelos Incolora ALEX",
        "price": 3.99,
        "price_kilo": 5.32,
        "slug": "cera-suelos-incolora",
        "description": "Cera Suelos Incolora 750 ml",
        "image": "https:\/\/cdn-consum.aktiosdigitalservices.com\/tol\/consum\/media\/product\/img\/300x300\/416123.jpg?t=20241217080949"
    },
    {
        "id": 12334,
        "name": "Bayeta Posavajillas Origin SPONTEX",
        "price": 3.5,
        "price_kilo": 3.5,
        "slug": "bayeta-posavajillas-origin",
        "description": "Bayeta Posavajillas Origin 1 U",
        "image": "https:\/\/cdn-consum.aktiosdigitalservices.com\/tol\/consum\/media\/product\/img\/300x300\/418335.jpg?t=20250206090100"
    },
    {
        "id": 12337,
        "name": "Huesos Blancos Salados IBERIAN MEAT",
        "price": 1.08,
        "price_kilo": 5.39,
        "slug": "huesos-blancos-salados",
        "description": "Huesos Blancos Salados",
        "image": "https:\/\/cdn-consum.aktiosdigitalservices.com\/tol\/consum\/media\/product\/img\/300x300\/559534.jpg?t=20250318080931"
    },
    {
        "id": 12344,
        "name": "Chorizo Tipo Pueblo CONSUM",
        "price": 3.6,
        "price_kilo": 7.99,
        "slug": "chorizo-tipo-pueblo",
        "description": "Chorizo Tipo Pueblo",
        "image": "https:\/\/cdn-consum.aktiosdigitalservices.com\/tol\/consum\/media\/product\/img\/300x300\/921734.jpg?t=20250218075842"
    },
    {
        "id": 12345,
        "name": "Barbacoa Mini CONSUM",
        "price": 2.55,
        "price_kilo": 8.49,
        "slug": "barbacoa-mini",
        "description": "Barbacoa Mini",
        "image": "https:\/\/cdn-consum.aktiosdigitalservices.com\/tol\/consum\/media\/product\/img\/300x300\/921759.jpg?t=20250225075709"
    },
    {
        "id": 12346,
        "name": "Botifarr\u00f3n de Carne CONSUM",
        "price": 2.49,
        "price_kilo": 8.29,
        "slug": "botifarron-de-carne",
        "description": "Botifarr\u00f3n de Carne",
        "image": "https:\/\/cdn-consum.aktiosdigitalservices.com\/tol\/consum\/media\/product\/img\/300x300\/922021.jpg?t=20241217080954"
    },
    {
        "id": 12347,
        "name": "Morcilla de Cebolla Oreada CONSUM",
        "price": 2.56,
        "price_kilo": 7.29,
        "slug": "morcilla-de-cebolla-oreada",
        "description": "Morcilla de Cebolla Oreada",
        "image": "https:\/\/cdn-consum.aktiosdigitalservices.com\/tol\/consum\/media\/product\/img\/300x300\/922047.jpg?t=20250318075739"
    },
    {
        "id": 12348,
        "name": "Panceta Ib\u00e9rica IBERIAN MEAT",
        "price": 1.48,
        "price_kilo": 7.39,
        "slug": "panceta-iberica",
        "description": "Panceta Ib\u00e9rica",
        "image": "https:\/\/cdn-consum.aktiosdigitalservices.com\/tol\/consum\/media\/product\/img\/300x300\/926212.jpg?t=20250103080024"
    },
    {
        "id": 12351,
        "name": "Blanco CONSUM",
        "price": 1.87,
        "price_kilo": 7.49,
        "slug": "blanco",
        "description": "Blanco",
        "image": "https:\/\/cdn-consum.aktiosdigitalservices.com\/tol\/consum\/media\/product\/img\/300x300\/927020.jpg?t=20241217080954"
    },
    {
        "id": 12352,
        "name": "Harina de Arroz Paquete REX",
        "price": 1.19,
        "price_kilo": 2.38,
        "slug": "harina-de-arroz-paquete",
        "description": "Harina de Arroz Paquete 500 Gr",
        "image": "https:\/\/cdn-consum.aktiosdigitalservices.com\/tol\/consum\/media\/product\/img\/300x300\/965520.jpg?t=20250320075704"
    },
    {
        "id": 12361,
        "name": "Lomo A\u00f1ojo CONSUM",
        "price": 7.36,
        "price_kilo": 24.5,
        "slug": "lomo-anojo",
        "description": "Lomo A\u00f1ojo",
        "image": "https:\/\/cdn-consum.aktiosdigitalservices.com\/tol\/consum\/media\/product\/img\/300x300\/1714294.jpg?t=20250110075731"
    },
    {
        "id": 12363,
        "name": "Blanco y Rojo CONSUM",
        "price": 4.27,
        "price_kilo": 9.49,
        "slug": "blanco-y-rojo",
        "description": "Blanco y Rojo",
        "image": "https:\/\/cdn-consum.aktiosdigitalservices.com\/tol\/consum\/media\/product\/img\/300x300\/1715200.jpg?t=20250312124916"
    },
    {
        "id": 12367,
        "name": "Tocino de Cerdo CONSUM",
        "price": 1.2,
        "price_kilo": 5.99,
        "slug": "tocino-de-cerdo",
        "description": "Tocino de Cerdo",
        "image": "https:\/\/cdn-consum.aktiosdigitalservices.com\/tol\/consum\/media\/product\/img\/300x300\/2946309.jpg?t=20241217080957"
    },
    {
        "id": 12369,
        "name": "Colonia Jaq's Masculina 200 ml a Precio 100 ml JACQ'S",
        "price": 5.89,
        "price_kilo": 2.95,
        "slug": "colonia-jaqs-masculina-200-ml-a-precio-100-ml",
        "description": "Colonia Jaq's Masculina 200 ml a Precio 100 ml 200 ml",
        "image": "https:\/\/cdn-consum.aktiosdigitalservices.com\/tol\/consum\/media\/product\/img\/300x300\/4185955.jpg?t=20250312124952"
    },
    {
        "id": 12371,
        "name": "Cebolla Morada Malla ",
        "price": 1.43,
        "price_kilo": 2.86,
        "slug": "cebolla-morada-malla",
        "description": "Cebolla Morada Malla 500 Gr",
        "image": "https:\/\/cdn-consum.aktiosdigitalservices.com\/tol\/consum\/media\/product\/img\/300x300\/4804720.jpg?t=20250206090512"
    },
    {
        "id": 12372,
        "name": "Chuletas de Paletilla CONSUM",
        "price": 9.7,
        "price_kilo": 24.25,
        "slug": "chuletas-de-paletilla",
        "description": "Chuletas de Paletilla",
        "image": "https:\/\/cdn-consum.aktiosdigitalservices.com\/tol\/consum\/media\/product\/img\/300x300\/4910022.jpg?t=20250318080932"
    },
    {
        "id": 12375,
        "name": "Chuletas de Pierna CONSUM",
        "price": 10.35,
        "price_kilo": 20.7,
        "slug": "chuletas-de-pierna",
        "description": "Chuletas de Pierna - Servicio todos los d\u00edas excepto lunes y martes",
        "image": "https:\/\/cdn-consum.aktiosdigitalservices.com\/tol\/consum\/media\/product\/img\/300x300\/5303482.jpg?t=20241217080959"
    },
    {
        "id": 12377,
        "name": "Hierbabuena Bandeja EL DULZE",
        "price": 1.25,
        "price_kilo": 6.25,
        "slug": "hierbabuena-bandeja",
        "description": "Hierbabuena Bandeja 20 Gr",
        "image": "https:\/\/cdn-consum.aktiosdigitalservices.com\/tol\/consum\/media\/product\/img\/300x300\/7004153.jpg?t=20241217081000"
    },
    {
        "id": 12378,
        "name": "Entrecot de Novillo Argentino CARNES FELIX",
        "price": 12.01,
        "price_kilo": 39.99,
        "slug": "entrecot-de-novillo-argentino",
        "description": "Entrecot de Novillo Argentino",
        "image": "https:\/\/cdn-consum.aktiosdigitalservices.com\/tol\/consum\/media\/product\/img\/300x300\/7005176.jpg?t=20241226075617"
    },
    {
        "id": 12379,
        "name": "Cepillo Calzado ",
        "price": 1.99,
        "price_kilo": 1.99,
        "slug": "cepillo-calzado",
        "description": "Cepillo Calzado 1 U",
        "image": "https:\/\/cdn-consum.aktiosdigitalservices.com\/tol\/consum\/media\/product\/img\/300x300\/7008576.jpg?t=20241217081000"
    },
    {
        "id": 12380,
        "name": "Jab\u00f3n de Marsella Pastilla OMINO BIANCO",
        "price": 2.99,
        "price_kilo": 2.99,
        "slug": "jabon-de-marsella-pastilla",
        "description": "Jab\u00f3n de Marsella Pastilla 1 U",
        "image": "https:\/\/cdn-consum.aktiosdigitalservices.com\/tol\/consum\/media\/product\/img\/300x300\/7009991.jpg?t=20241217081000"
    },
    {
        "id": 12383,
        "name": "Manzana Golden Marlene Bandeja ",
        "price": 1.99,
        "price_kilo": 2.65,
        "slug": "manzana-golden-marlene-bandeja",
        "description": "Manzana Golden Marlene Bandeja 750 Gr",
        "image": "https:\/\/cdn-consum.aktiosdigitalservices.com\/tol\/consum\/media\/product\/img\/300x300\/7017601.jpg?t=20250312155854"
    },
    {
        "id": 12386,
        "name": "Alubias Salsa de Tomate Bote PELLI",
        "price": 0.99,
        "price_kilo": 2.36,
        "slug": "alubias-salsa-de-tomate-bote",
        "description": "Alubias Salsa de Tomate Bote 420 Gr",
        "image": "https:\/\/cdn-consum.aktiosdigitalservices.com\/tol\/consum\/media\/product\/img\/300x300\/7021561.jpg?t=20241217081002"
    },
    {
        "id": 12400,
        "name": "Vino Blanco Verdejo D.O.Rueda MARQ.RISCAL",
        "price": 9.35,
        "price_kilo": 12.47,
        "slug": "vino-blanco-verdejo-dorueda",
        "description": "Vino Blanco Verdejo D.O.Rueda 0,75 L - Marqu\u00e9s de Riscal",
        "image": "https:\/\/cdn-consum.aktiosdigitalservices.com\/tol\/consum\/media\/product\/img\/300x300\/7039287.jpg?t=20250311124111"
    },
    {
        "id": 12403,
        "name": "Vino Tinto de Mesa Botella VALDEOLIVA",
        "price": 2.25,
        "price_kilo": 3,
        "slug": "vino-tinto-de-mesa-botella",
        "description": "Vino Tinto de Mesa Botella 0,75 L",
        "image": "https:\/\/cdn-consum.aktiosdigitalservices.com\/tol\/consum\/media\/product\/img\/300x300\/7040934.jpg?t=20250227090416"
    },
    {
        "id": 12407,
        "name": "Pimiento Tricolor ",
        "price": 2.15,
        "price_kilo": 4.3,
        "slug": "pimiento-tricolor",
        "description": "Pimiento Tricolor 500 Gr",
        "image": "https:\/\/cdn-consum.aktiosdigitalservices.com\/tol\/consum\/media\/product\/img\/300x300\/7043370.jpg?t=20250204080141"
    },
    {
        "id": 12408,
        "name": "Perdiz en  Escabeche Bote POLGRI",
        "price": 11.55,
        "price_kilo": 25.67,
        "slug": "perdiz-en-escabeche-bote",
        "description": "Perdiz en  Escabeche Bote 450 Gr",
        "image": "https:\/\/cdn-consum.aktiosdigitalservices.com\/tol\/consum\/media\/product\/img\/300x300\/7047397.jpg?t=20250319075744"
    },
    {
        "id": 12409,
        "name": "Codorniz en Escabeche Bote POLGRI",
        "price": 5.89,
        "price_kilo": 15.1,
        "slug": "codorniz-en-escabeche-bote",
        "description": "Codorniz en Escabeche Bote 390 Gr",
        "image": "https:\/\/cdn-consum.aktiosdigitalservices.com\/tol\/consum\/media\/product\/img\/300x300\/7047400.jpg?t=20250311164535"
    },
    {
        "id": 12420,
        "name": "Secreto de Cerdo CONSUM",
        "price": 4.28,
        "price_kilo": 7.1,
        "slug": "secreto-de-cerdo",
        "description": "Secreto de Cerdo",
        "image": "https:\/\/cdn-consum.aktiosdigitalservices.com\/tol\/consum\/media\/product\/img\/300x300\/7067408.jpg?t=20241231075747"
    },
    {
        "id": 12425,
        "name": "Vino Tinto Garrafa PARQUE REAL",
        "price": 5.55,
        "price_kilo": 1.11,
        "slug": "vino-tinto-garrafa",
        "description": "Vino Tinto Garrafa 5 L",
        "image": "https:\/\/cdn-consum.aktiosdigitalservices.com\/tol\/consum\/media\/product\/img\/300x300\/7081719.jpg?t=20241217081015"
    },
    {
        "id": 12428,
        "name": "Vino Blanco Verdejo D.O.Rueda PROTOS",
        "price": 7.65,
        "price_kilo": 10.2,
        "slug": "vino-blanco-verdejo-dorueda",
        "description": "Vino Blanco Verdejo D.O.Rueda 0,75 L",
        "image": "https:\/\/cdn-consum.aktiosdigitalservices.com\/tol\/consum\/media\/product\/img\/300x300\/7091635.jpg?t=20250201075806"
    },
    {
        "id": 12435,
        "name": "Leche en Polvo 1% de Materia Grasa ASTURIANA",
        "price": 8.83,
        "price_kilo": 8.83,
        "slug": "leche-en-polvo-1-de-materia-grasa",
        "description": "Leche en Polvo 1% de Materia Grasa 1 Kg",
        "image": "https:\/\/cdn-consum.aktiosdigitalservices.com\/tol\/consum\/media\/product\/img\/300x300\/7104987.jpg?t=20250311104418"
    },
    {
        "id": 12444,
        "name": "Bebida de Naranja Sin Az\u00facares A\u00f1adidos CONSUM",
        "price": 1.85,
        "price_kilo": 1.54,
        "slug": "bebida-de-naranja-sin-azucares-anadidos",
        "description": "Bebida de Naranja Sin Az\u00facares A\u00f1adidos 6 x 0,2 L",
        "image": "https:\/\/cdn-consum.aktiosdigitalservices.com\/tol\/consum\/media\/product\/img\/300x300\/7118599.jpg?t=20250111075824"
    },
    {
        "id": 12445,
        "name": "Bebida de Melocot\u00f3n Sin Az\u00facares A\u00f1adidos CONSUM",
        "price": 1.5,
        "price_kilo": 1.25,
        "slug": "bebida-de-melocoton-sin-azucares-anadidos",
        "description": "Bebida de Melocot\u00f3n Sin Az\u00facares A\u00f1adidos 6 x 0,2 L",
        "image": "https:\/\/cdn-consum.aktiosdigitalservices.com\/tol\/consum\/media\/product\/img\/300x300\/7118602.jpg?t=20250312092746"
    },
    {
        "id": 12449,
        "name": "Guacamole ",
        "price": 1.75,
        "price_kilo": 8.75,
        "slug": "guacamole",
        "description": "Guacamole 200 Gr",
        "image": "https:\/\/cdn-consum.aktiosdigitalservices.com\/tol\/consum\/media\/product\/img\/300x300\/7145688.jpg?t=20250219075922"
    },
    {
        "id": 12451,
        "name": "Vino Blanco Aguja CASTELFINO",
        "price": 2.39,
        "price_kilo": 3.19,
        "slug": "vino-blanco-aguja",
        "description": "Vino Blanco Aguja 0,75 L",
        "image": "https:\/\/cdn-consum.aktiosdigitalservices.com\/tol\/consum\/media\/product\/img\/300x300\/7151921.jpg?t=20241217081025"
    },
    {
        "id": 12452,
        "name": "Vino Rosado Aguja CASTELFINO",
        "price": 2.39,
        "price_kilo": 3.19,
        "slug": "vino-rosado-aguja",
        "description": "Vino Rosado Aguja 0,75 L",
        "image": "https:\/\/cdn-consum.aktiosdigitalservices.com\/tol\/consum\/media\/product\/img\/300x300\/7151939.jpg?t=20241217081025"
    },
    {
        "id": 12453,
        "name": "Bolsa para Asar 25x40 Apta Horno y Microondas ASAFIX",
        "price": 1.35,
        "price_kilo": 0.14,
        "slug": "bolsa-para-asar-25x40-apta-horno-y-microondas",
        "description": "Bolsa para Asar 25x40 Apta Horno y Microondas 10 U",
        "image": "https:\/\/cdn-consum.aktiosdigitalservices.com\/tol\/consum\/media\/product\/img\/300x300\/7152176.jpg?t=20241217081025"
    },
    {
        "id": 12454,
        "name": "Crema Calzado Marr\u00f3n Tarro 2 en 1 BUFALO",
        "price": 3.25,
        "price_kilo": 8.13,
        "slug": "crema-calzado-marron-tarro-2-en-1",
        "description": "Crema Calzado Marr\u00f3n Tarro 2 en 1 40 ml",
        "image": "https:\/\/cdn-consum.aktiosdigitalservices.com\/tol\/consum\/media\/product\/img\/300x300\/7153922.jpg?t=20250227090941"
    },
    {
        "id": 12455,
        "name": "Crema Calzado Negro Tarro 2 en 1 BUFALO",
        "price": 3.25,
        "price_kilo": 8.13,
        "slug": "crema-calzado-negro-tarro-2-en-1",
        "description": "Crema Calzado Negro Tarro 2 en 1 40 ml",
        "image": "https:\/\/cdn-consum.aktiosdigitalservices.com\/tol\/consum\/media\/product\/img\/300x300\/7153968.jpg?t=20250227090943"
    },
    {
        "id": 12457,
        "name": "Crema Autobrillante Marr\u00f3n BUFALO",
        "price": 2.35,
        "price_kilo": 4.7,
        "slug": "crema-autobrillante-marron",
        "description": "Crema Autobrillante Marr\u00f3n 50 ml",
        "image": "https:\/\/cdn-consum.aktiosdigitalservices.com\/tol\/consum\/media\/product\/img\/300x300\/7153989.jpg?t=20250227090946"
    },
    {
        "id": 12458,
        "name": "Crema Autobrillante Neutro BUFALO",
        "price": 2.35,
        "price_kilo": 4.7,
        "slug": "crema-autobrillante-neutro",
        "description": "Crema Autobrillante Neutro 50 ml",
        "image": "https:\/\/cdn-consum.aktiosdigitalservices.com\/tol\/consum\/media\/product\/img\/300x300\/7153997.jpg?t=20250311164547"
    },
    {
        "id": 12459,
        "name": "Crema Autobrillante Azul BUFALO",
        "price": 2.35,
        "price_kilo": 4.7,
        "slug": "crema-autobrillante-azul",
        "description": "Crema Autobrillante Azul 50 ml",
        "image": "https:\/\/cdn-consum.aktiosdigitalservices.com\/tol\/consum\/media\/product\/img\/300x300\/7154008.jpg?t=20250227090951"
    },
    {
        "id": 12460,
        "name": "Crema Autobrillante Blanco BUFALO",
        "price": 2.35,
        "price_kilo": 4.7,
        "slug": "crema-autobrillante-blanco",
        "description": "Crema Autobrillante Blanco 50 ml",
        "image": "https:\/\/cdn-consum.aktiosdigitalservices.com\/tol\/consum\/media\/product\/img\/300x300\/7154016.jpg?t=20250227090953"
    },
    {
        "id": 12461,
        "name": "Bolsas Congelaci\u00f3n Protege Aromas Mediana ALBAL",
        "price": 3.35,
        "price_kilo": 0.08,
        "slug": "bolsas-congelacion-protege-aromas-mediana",
        "description": "Bolsas Congelaci\u00f3n Protege Aromas Mediana 40 U",
        "image": "https:\/\/cdn-consum.aktiosdigitalservices.com\/tol\/consum\/media\/product\/img\/300x300\/7155133.jpg?t=20241217081026"
    },
    {
        "id": 12472,
        "name": "Grasa de Caballo Protexol BUFALO",
        "price": 2.99,
        "price_kilo": 3.99,
        "slug": "grasa-de-caballo-protexol",
        "description": "Grasa de Caballo Protexol 75 ml",
        "image": "https:\/\/cdn-consum.aktiosdigitalservices.com\/tol\/consum\/media\/product\/img\/300x300\/7157782.jpg?t=20241217081027"
    },
    {
        "id": 12473,
        "name": "Crema Calzado Incoloro Tarro 2 en 1 BUFALO",
        "price": 3.25,
        "price_kilo": 8.13,
        "slug": "crema-calzado-incoloro-tarro-2-en-1",
        "description": "Crema Calzado Incoloro Tarro 2 en 1 40 ml",
        "image": "https:\/\/cdn-consum.aktiosdigitalservices.com\/tol\/consum\/media\/product\/img\/300x300\/7157790.jpg?t=20250227091010"
    },
    {
        "id": 12474,
        "name": "Crema Calzado Azul Tarro 2 en 1 BUFALO",
        "price": 3.25,
        "price_kilo": 8.13,
        "slug": "crema-calzado-azul-tarro-2-en-1",
        "description": "Crema Calzado Azul Tarro 2 en 1 40 ml",
        "image": "https:\/\/cdn-consum.aktiosdigitalservices.com\/tol\/consum\/media\/product\/img\/300x300\/7157795.jpg?t=20250311164549"
    },
    {
        "id": 12483,
        "name": "Bebida Refrescante Tinto Uva y Manzana C.SALOBRE\u00d1A",
        "price": 1.6,
        "price_kilo": 1.6,
        "slug": "bebida-refrescante-tinto-uva-y-manzana",
        "description": "Bebida Refrescante Tinto Uva y Manzana 1 L",
        "image": "https:\/\/cdn-consum.aktiosdigitalservices.com\/tol\/consum\/media\/product\/img\/300x300\/7163905.jpg?t=20241217081028"
    },
    {
        "id": 12484,
        "name": "Cepillo Calzado para Ante-Nobuck BUFALO",
        "price": 4.19,
        "price_kilo": 4.19,
        "slug": "cepillo-calzado-para-ante-nobuck",
        "description": "Cepillo Calzado para Ante-Nobuck 1 U",
        "image": "https:\/\/cdn-consum.aktiosdigitalservices.com\/tol\/consum\/media\/product\/img\/300x300\/7164622.jpg?t=20241217081028"
    },
    {
        "id": 12490,
        "name": "Patata Cocida Pelada Bolsa HUERCASA",
        "price": 2.29,
        "price_kilo": 4.58,
        "slug": "patata-cocida-pelada-bolsa",
        "description": "Patata Cocida Pelada Bolsa 500 Gr",
        "image": "https:\/\/cdn-consum.aktiosdigitalservices.com\/tol\/consum\/media\/product\/img\/300x300\/7170020.jpg?t=20250121081133"
    },
    {
        "id": 12491,
        "name": "Esponja Limpiacalzado CONSUM",
        "price": 0.55,
        "price_kilo": 0.55,
        "slug": "esponja-limpiacalzado",
        "description": "Esponja Limpiacalzado 1 U",
        "image": "https:\/\/cdn-consum.aktiosdigitalservices.com\/tol\/consum\/media\/product\/img\/300x300\/7170397.jpg?t=20241217081030"
    },
    {
        "id": 12495,
        "name": "Macarrones Bolo\u00f1esa Bandeja CARRETILLA",
        "price": 2.99,
        "price_kilo": 9.2,
        "slug": "macarrones-bolonesa-bandeja",
        "description": "Macarrones Bolo\u00f1esa Bandeja 325 Gr",
        "image": "https:\/\/cdn-consum.aktiosdigitalservices.com\/tol\/consum\/media\/product\/img\/300x300\/7173458.jpg?t=20241217081030"
    },
    {
        "id": 12497,
        "name": "Queso Camembert Porciones PRESIDENT",
        "price": 3.89,
        "price_kilo": 15.56,
        "slug": "queso-camembert-porciones",
        "description": "Queso Camembert Porciones 250 Gr",
        "image": "https:\/\/cdn-consum.aktiosdigitalservices.com\/tol\/consum\/media\/product\/img\/300x300\/7173862.jpg?t=20250122075835"
    },
    {
        "id": 12500,
        "name": "Estropajo Met\u00e1lico con Esponja CONSUM",
        "price": 1.2,
        "price_kilo": 1.2,
        "slug": "estropajo-metalico-con-esponja",
        "description": "Estropajo Met\u00e1lico con Esponja 1 U",
        "image": "https:\/\/cdn-consum.aktiosdigitalservices.com\/tol\/consum\/media\/product\/img\/300x300\/7176993.jpg?t=20250313080158"
    },
    {
        "id": 12501,
        "name": "Jud\u00eda Rochet Bandeja ",
        "price": 3.19,
        "price_kilo": 12.76,
        "slug": "judia-rochet-bandeja",
        "description": "Jud\u00eda Rochet Bandeja 250 Gr",
        "image": "https:\/\/cdn-consum.aktiosdigitalservices.com\/tol\/consum\/media\/product\/img\/300x300\/7179260.jpg?t=20250204080418"
    },
    {
        "id": 12504,
        "name": "Ensalada Antiox Bolsa FLORETTE",
        "price": 1.89,
        "price_kilo": 18.9,
        "slug": "ensalada-antiox-bolsa",
        "description": "Ensalada Antiox Bolsa 100 Gr",
        "image": "https:\/\/cdn-consum.aktiosdigitalservices.com\/tol\/consum\/media\/product\/img\/300x300\/7181571.jpg?t=20250103080855"
    },
    {
        "id": 12507,
        "name": "Colonia Femenina N\u00ba1 CARAVAN",
        "price": 10.95,
        "price_kilo": 7.3,
        "slug": "colonia-femenina-n1",
        "description": "Colonia Femenina N\u00ba1 150 ml",
        "image": "https:\/\/cdn-consum.aktiosdigitalservices.com\/tol\/consum\/media\/product\/img\/300x300\/7182223.jpg?t=20241217081032"
    },
    {
        "id": 12508,
        "name": "Colonia Femenina N\u00ba5 CARAVAN",
        "price": 10.95,
        "price_kilo": 7.3,
        "slug": "colonia-femenina-n5",
        "description": "Colonia Femenina N\u00ba5 150 ml",
        "image": "https:\/\/cdn-consum.aktiosdigitalservices.com\/tol\/consum\/media\/product\/img\/300x300\/7182228.jpg?t=20250311164551"
    },
    {
        "id": 12509,
        "name": "Colonia Femenina N\u00ba30 CARAVAN",
        "price": 10.95,
        "price_kilo": 7.3,
        "slug": "colonia-femenina-n30",
        "description": "Colonia Femenina N\u00ba30 150 ml",
        "image": "https:\/\/cdn-consum.aktiosdigitalservices.com\/tol\/consum\/media\/product\/img\/300x300\/7182231.jpg?t=20241217081032"
    },
    {
        "id": 12510,
        "name": "Colonia Femenina N\u00ba9 CARAVAN",
        "price": 10.95,
        "price_kilo": 7.3,
        "slug": "colonia-femenina-n9",
        "description": "Colonia Femenina N\u00ba9 150 ml",
        "image": "https:\/\/cdn-consum.aktiosdigitalservices.com\/tol\/consum\/media\/product\/img\/300x300\/7182249.jpg?t=20241217081032"
    },
    {
        "id": 12512,
        "name": "Colonia Femenina N\u00ba82 CARAVAN",
        "price": 10.95,
        "price_kilo": 7.3,
        "slug": "colonia-femenina-n82",
        "description": "Colonia Femenina N\u00ba82 150 ml",
        "image": "https:\/\/cdn-consum.aktiosdigitalservices.com\/tol\/consum\/media\/product\/img\/300x300\/7182293.jpg?t=20241217081032"
    },
    {
        "id": 12513,
        "name": "Colonia Femenina N\u00ba24 CARAVAN",
        "price": 10.95,
        "price_kilo": 7.3,
        "slug": "colonia-femenina-n24",
        "description": "Colonia Femenina N\u00ba24 150 ml",
        "image": "https:\/\/cdn-consum.aktiosdigitalservices.com\/tol\/consum\/media\/product\/img\/300x300\/7182306.jpg?t=20241217081032"
    },
    {
        "id": 12514,
        "name": "Colonia Femenina N\u00ba39 CARAVAN",
        "price": 10.95,
        "price_kilo": 7.3,
        "slug": "colonia-femenina-n39",
        "description": "Colonia Femenina N\u00ba39 150 ml",
        "image": "https:\/\/cdn-consum.aktiosdigitalservices.com\/tol\/consum\/media\/product\/img\/300x300\/7182314.jpg?t=20241217081032"
    },
    {
        "id": 12515,
        "name": "Colonia Masculina N\u00ba18 CARAVAN",
        "price": 10.95,
        "price_kilo": 7.3,
        "slug": "colonia-masculina-n18",
        "description": "Colonia Masculina N\u00ba18 150 ml",
        "image": "https:\/\/cdn-consum.aktiosdigitalservices.com\/tol\/consum\/media\/product\/img\/300x300\/7182330.jpg?t=20241217081032"
    },
    {
        "id": 12517,
        "name": "Esponja Limpia Calzado Negro YAK",
        "price": 1.75,
        "price_kilo": 1.75,
        "slug": "esponja-limpia-calzado-negro",
        "description": "Esponja Limpia Calzado Negro 1 U",
        "image": "https:\/\/cdn-consum.aktiosdigitalservices.com\/tol\/consum\/media\/product\/img\/300x300\/7184484.jpg?t=20250312092750"
    },
    {
        "id": 12520,
        "name": "Vino Tinto Monastrell D.O.Alicante LA TREMENDA",
        "price": 6.69,
        "price_kilo": 8.92,
        "slug": "vino-tinto-monastrell-doalicante",
        "description": "Vino Tinto Monastrell D.O.Alicante 0,75 L",
        "image": "https:\/\/cdn-consum.aktiosdigitalservices.com\/tol\/consum\/media\/product\/img\/300x300\/7188931.jpg?t=20250227091226"
    },
    {
        "id": 12521,
        "name": "Vino Rosado D.O.Rioja DUQUE NARDOS",
        "price": 2.59,
        "price_kilo": 3.45,
        "slug": "vino-rosado-dorioja",
        "description": "Vino Rosado D.O.Rioja 0,75 L",
        "image": "https:\/\/cdn-consum.aktiosdigitalservices.com\/tol\/consum\/media\/product\/img\/300x300\/7188977.jpg?t=20250114084127"
    },
    {
        "id": 12522,
        "name": "Vino Tinto Crianza D.O.Rioja DUQUE NARDOS",
        "price": 3,
        "price_kilo": 4,
        "slug": "vino-tinto-crianza-dorioja",
        "description": "Vino Tinto Crianza D.O.Rioja 0,75 L",
        "image": "https:\/\/cdn-consum.aktiosdigitalservices.com\/tol\/consum\/media\/product\/img\/300x300\/7188993.jpg?t=20241217081035"
    },
    {
        "id": 12523,
        "name": "Colonia Masculina N\u00ba16 CARAVAN",
        "price": 10.95,
        "price_kilo": 7.3,
        "slug": "colonia-masculina-n16",
        "description": "Colonia Masculina N\u00ba16 150 ml",
        "image": "https:\/\/cdn-consum.aktiosdigitalservices.com\/tol\/consum\/media\/product\/img\/300x300\/7190502.jpg?t=20241217081036"
    },
    {
        "id": 12529,
        "name": "Colonia Masculina N\u00ba54 CARAVAN",
        "price": 10.95,
        "price_kilo": 7.3,
        "slug": "colonia-masculina-n54",
        "description": "Colonia Masculina N\u00ba54 150 ml",
        "image": "https:\/\/cdn-consum.aktiosdigitalservices.com\/tol\/consum\/media\/product\/img\/300x300\/7197259.jpg?t=20241217081038"
    },
    {
        "id": 12530,
        "name": "Colonia Femenina N\u00ba42 CARAVAN",
        "price": 10.95,
        "price_kilo": 7.3,
        "slug": "colonia-femenina-n42",
        "description": "Colonia Femenina N\u00ba42 150 ml",
        "image": "https:\/\/cdn-consum.aktiosdigitalservices.com\/tol\/consum\/media\/product\/img\/300x300\/7197374.jpg?t=20241217081038"
    },
    {
        "id": 12533,
        "name": "Lomos de Conejo CONSUM",
        "price": 4.7,
        "price_kilo": 13.4,
        "slug": "lomos-de-conejo",
        "description": "Lomos de Conejo",
        "image": "https:\/\/cdn-consum.aktiosdigitalservices.com\/tol\/consum\/media\/product\/img\/300x300\/7200843.jpg?t=20250218080318"
    },
    {
        "id": 12536,
        "name": "Pila Alcalina Bot\u00f3n LR44 Pack de 2 unidades ENERGIZER",
        "price": 2.99,
        "price_kilo": 1.5,
        "slug": "pila-alcalina-boton-lr44-pack-de-2-unidades",
        "description": "Pila Alcalina Bot\u00f3n LR44 Pack de 2 unidades 2 x 1 U",
        "image": "https:\/\/cdn-consum.aktiosdigitalservices.com\/tol\/consum\/media\/product\/img\/300x300\/7205524.jpg?t=20241217081040"
    },
    {
        "id": 12537,
        "name": "Aperitivo Sabor Mediterr\u00e1neos BURGO ARIAS",
        "price": 3.05,
        "price_kilo": 30.5,
        "slug": "aperitivo-sabor-mediterraneos",
        "description": "Aperitivo Sabor Mediterr\u00e1neos 100 Gr",
        "image": "https:\/\/cdn-consum.aktiosdigitalservices.com\/tol\/consum\/media\/product\/img\/300x300\/7206881.jpg?t=20250109095801"
    },
    {
        "id": 12542,
        "name": "Ensalada de la Huerta Bandeja ",
        "price": 2.18,
        "price_kilo": 5.45,
        "slug": "ensalada-de-la-huerta-bandeja",
        "description": "Ensalada de la Huerta Bandeja 400 Gr",
        "image": "https:\/\/cdn-consum.aktiosdigitalservices.com\/tol\/consum\/media\/product\/img\/300x300\/7209385.jpg?t=20250227091443"
    },
    {
        "id": 12543,
        "name": "Vino Rosado D.O.Navarra VI\u00d1A LERDEN",
        "price": 2.1,
        "price_kilo": 2.8,
        "slug": "vino-rosado-donavarra",
        "description": "Vino Rosado D.O.Navarra 0,75 L",
        "image": "https:\/\/cdn-consum.aktiosdigitalservices.com\/tol\/consum\/media\/product\/img\/300x300\/7212223.jpg?t=20250311164555"
    },
    {
        "id": 12548,
        "name": "Bolsas Multiusos Zipper Capacidad 1Litros ALBAL",
        "price": 3.25,
        "price_kilo": 0.27,
        "slug": "bolsas-multiusos-zipper-capacidad-1litros",
        "description": "Bolsas Multiusos Zipper Capacidad 1Litros 12 U",
        "image": "https:\/\/cdn-consum.aktiosdigitalservices.com\/tol\/consum\/media\/product\/img\/300x300\/7216849.jpg?t=20250130075928"
    },
    {
        "id": 12550,
        "name": "Tinto de Verano Lim\u00f3n0.0 sin Alcohol Botella Pet LA CASERA",
        "price": 1.99,
        "price_kilo": 1.33,
        "slug": "tinto-de-verano-limon00-sin-alcohol-botella-pet",
        "description": "Tinto de Verano Lim\u00f3n0.0 sin Alcohol Botella Pet 1,5 L",
        "image": "https:\/\/cdn-consum.aktiosdigitalservices.com\/tol\/consum\/media\/product\/img\/300x300\/7220981.jpg?t=20250227091722"
    },
    {
        "id": 12559,
        "name": "Colonia Femenina N\u00ba21 CARAVAN",
        "price": 10.95,
        "price_kilo": 7.3,
        "slug": "colonia-femenina-n21",
        "description": "Colonia Femenina N\u00ba21 150 ml",
        "image": "https:\/\/cdn-consum.aktiosdigitalservices.com\/tol\/consum\/media\/product\/img\/300x300\/7226215.jpg?t=20241217081049"
    },
    {
        "id": 12560,
        "name": "Colonia Femenina N\u00ba26 CARAVAN",
        "price": 10.95,
        "price_kilo": 7.3,
        "slug": "colonia-femenina-n26",
        "description": "Colonia Femenina N\u00ba26 150 ml",
        "image": "https:\/\/cdn-consum.aktiosdigitalservices.com\/tol\/consum\/media\/product\/img\/300x300\/7226223.jpg?t=20241217081049"
    },
    {
        "id": 12561,
        "name": "Colonia Femenina N\u00ba31 CARAVAN",
        "price": 10.95,
        "price_kilo": 7.3,
        "slug": "colonia-femenina-n31",
        "description": "Colonia Femenina N\u00ba31 150 ml",
        "image": "https:\/\/cdn-consum.aktiosdigitalservices.com\/tol\/consum\/media\/product\/img\/300x300\/7226256.jpg?t=20241217081049"
    },
    {
        "id": 12562,
        "name": "Colonia Masculina N\u00ba13 CARAVAN",
        "price": 10.95,
        "price_kilo": 7.3,
        "slug": "colonia-masculina-n13",
        "description": "Colonia Masculina N\u00ba13 150 ml",
        "image": "https:\/\/cdn-consum.aktiosdigitalservices.com\/tol\/consum\/media\/product\/img\/300x300\/7226285.jpg?t=20241217081049"
    },
    {
        "id": 12563,
        "name": "Colonia Masculina N\u00ba14 CARAVAN",
        "price": 10.95,
        "price_kilo": 7.3,
        "slug": "colonia-masculina-n14",
        "description": "Colonia Masculina N\u00ba14 150 ml",
        "image": "https:\/\/cdn-consum.aktiosdigitalservices.com\/tol\/consum\/media\/product\/img\/300x300\/7226293.jpg?t=20241217081049"
    },
    {
        "id": 12564,
        "name": "Colonia Masculina N\u00ba61 CARAVAN",
        "price": 10.95,
        "price_kilo": 7.3,
        "slug": "colonia-masculina-n61",
        "description": "Colonia Masculina N\u00ba61 150 ml",
        "image": "https:\/\/cdn-consum.aktiosdigitalservices.com\/tol\/consum\/media\/product\/img\/300x300\/7226314.jpg?t=20241217081049"
    },
    {
        "id": 12572,
        "name": "Estofado de Pavo ALDELIS",
        "price": 4.76,
        "price_kilo": 7.9,
        "slug": "estofado-de-pavo",
        "description": "Estofado de Pavo",
        "image": "https:\/\/cdn-consum.aktiosdigitalservices.com\/tol\/consum\/media\/product\/img\/300x300\/7230563.jpg?t=20241217081051"
    },
    {
        "id": 12573,
        "name": "Harina Mix sin Gluten GALLO",
        "price": 3.05,
        "price_kilo": 6.1,
        "slug": "harina-mix-sin-gluten",
        "description": "Harina Mix sin Gluten 500 Gr M\u00faltiples Usos",
        "image": "https:\/\/cdn-consum.aktiosdigitalservices.com\/tol\/consum\/media\/product\/img\/300x300\/7231355.jpg?t=20250109100309"
    },
    {
        "id": 12582,
        "name": "Pechuga de Pavo Adobada Piment\u00f3n ALDELIS",
        "price": 4.39,
        "price_kilo": 9.75,
        "slug": "pechuga-de-pavo-adobada-pimenton",
        "description": "Pechuga de Pavo Adobada Piment\u00f3n",
        "image": "https:\/\/cdn-consum.aktiosdigitalservices.com\/tol\/consum\/media\/product\/img\/300x300\/7236735.jpg?t=20250312125412"
    },
    {
        "id": 12583,
        "name": "Lomo Extra Ajillo LORIENTE",
        "price": 2.96,
        "price_kilo": 8.45,
        "slug": "lomo-extra-ajillo",
        "description": "Lomo Extra Ajillo",
        "image": "https:\/\/cdn-consum.aktiosdigitalservices.com\/tol\/consum\/media\/product\/img\/300x300\/7237097.jpg?t=20241217081054"
    },
    {
        "id": 12585,
        "name": "Calabac\u00edn Blanco Bandeja ",
        "price": 2.69,
        "price_kilo": 3.36,
        "slug": "calabacin-blanco-bandeja",
        "description": "Calabac\u00edn Blanco Bandeja 800 Gr",
        "image": "https:\/\/cdn-consum.aktiosdigitalservices.com\/tol\/consum\/media\/product\/img\/300x300\/7238335.jpg?t=20250318080936"
    },
    {
        "id": 12600,
        "name": "Harina de Fuerza Paquete GALLO",
        "price": 1.55,
        "price_kilo": 1.55,
        "slug": "harina-de-fuerza-paquete",
        "description": "Harina de Fuerza Paquete 1 Kg",
        "image": "https:\/\/cdn-consum.aktiosdigitalservices.com\/tol\/consum\/media\/product\/img\/300x300\/7243723.jpg?t=20250227092029"
    },
    {
        "id": 12606,
        "name": "Espuma Color Plata NELLY",
        "price": 3.79,
        "price_kilo": 2.53,
        "slug": "espuma-color-plata",
        "description": "Espuma Color Plata 150 ml",
        "image": "https:\/\/cdn-consum.aktiosdigitalservices.com\/tol\/consum\/media\/product\/img\/300x300\/7246098.jpg?t=20250311164559"
    },
    {
        "id": 12608,
        "name": "Brotes de Espinacas Bolsa FLORETTE",
        "price": 1.79,
        "price_kilo": 14.32,
        "slug": "brotes-de-espinacas-bolsa",
        "description": "Brotes de Espinacas Bolsa 125 Gr",
        "image": "https:\/\/cdn-consum.aktiosdigitalservices.com\/tol\/consum\/media\/product\/img\/300x300\/7246916.jpg?t=20250121080324"
    },
    {
        "id": 12609,
        "name": "Colonia Femenina N\u00ba3 Mini CARAVAN",
        "price": 3.5,
        "price_kilo": 11.67,
        "slug": "colonia-femenina-n3-mini",
        "description": "Colonia Femenina N\u00ba3 Mini 30 ml",
        "image": "https:\/\/cdn-consum.aktiosdigitalservices.com\/tol\/consum\/media\/product\/img\/300x300\/7248599.jpg?t=20250204082210"
    },
    {
        "id": 12615,
        "name": "Colonia Femenina N\u00ba37 Mini CARAVAN",
        "price": 3.5,
        "price_kilo": 11.67,
        "slug": "colonia-femenina-n37-mini",
        "description": "Colonia Femenina N\u00ba37 Mini 30 ml",
        "image": "https:\/\/cdn-consum.aktiosdigitalservices.com\/tol\/consum\/media\/product\/img\/300x300\/7248966.jpg?t=20241217081059"
    },
    {
        "id": 12616,
        "name": "Colonia Femenina N\u00ba39 Mini CARAVAN",
        "price": 3.5,
        "price_kilo": 11.67,
        "slug": "colonia-femenina-n39-mini",
        "description": "Colonia Femenina N\u00ba39 Mini 30 ml",
        "image": "https:\/\/cdn-consum.aktiosdigitalservices.com\/tol\/consum\/media\/product\/img\/300x300\/7248990.jpg?t=20241217081059"
    },
    {
        "id": 12617,
        "name": "Colonia Femenina N\u00ba42 Mini CARAVAN",
        "price": 3.5,
        "price_kilo": 11.67,
        "slug": "colonia-femenina-n42-mini",
        "description": "Colonia Femenina N\u00ba42 Mini 30 ml",
        "image": "https:\/\/cdn-consum.aktiosdigitalservices.com\/tol\/consum\/media\/product\/img\/300x300\/7249253.jpg?t=20241217081059"
    },
    {
        "id": 12618,
        "name": "Colonia Masculina N\u00ba15 Mini CARAVAN",
        "price": 3.5,
        "price_kilo": 11.67,
        "slug": "colonia-masculina-n15-mini",
        "description": "Colonia Masculina N\u00ba15 Mini 30 ml",
        "image": "https:\/\/cdn-consum.aktiosdigitalservices.com\/tol\/consum\/media\/product\/img\/300x300\/7249279.jpg?t=20250311160832"
    },
    {
        "id": 12620,
        "name": "Colonia Femenina N\u00ba43 CARAVAN",
        "price": 10.95,
        "price_kilo": 7.3,
        "slug": "colonia-femenina-n43",
        "description": "Colonia Femenina N\u00ba43 150 ml",
        "image": "https:\/\/cdn-consum.aktiosdigitalservices.com\/tol\/consum\/media\/product\/img\/300x300\/7249311.jpg?t=20241217081059"
    },
    {
        "id": 12623,
        "name": "Desodorante  Calzado Desinfectante 150 ml SANYTOL",
        "price": 3.85,
        "price_kilo": 3.85,
        "slug": "desodorante-calzado-desinfectante-150-ml",
        "description": "Desodorante  Calzado Desinfectante 150 ml 1 U",
        "image": "https:\/\/cdn-consum.aktiosdigitalservices.com\/tol\/consum\/media\/product\/img\/300x300\/7249543.jpg?t=20241217081059"
    },
    {
        "id": 12624,
        "name": "Vino Blanco D.O.Alicante LA TREMENDA",
        "price": 6.69,
        "price_kilo": 8.92,
        "slug": "vino-blanco-doalicante",
        "description": "Vino Blanco D.O.Alicante 0,75 L",
        "image": "https:\/\/cdn-consum.aktiosdigitalservices.com\/tol\/consum\/media\/product\/img\/300x300\/7249803.jpg?t=20250130075945"
    },
    {
        "id": 12632,
        "name": "Colonia Femenina N\u00ba31 Mini CARAVAN",
        "price": 3.5,
        "price_kilo": 11.67,
        "slug": "colonia-femenina-n31-mini",
        "description": "Colonia Femenina N\u00ba31 Mini 30 ml",
        "image": "https:\/\/cdn-consum.aktiosdigitalservices.com\/tol\/consum\/media\/product\/img\/300x300\/7254399.jpg?t=20241217081102"
    },
    {
        "id": 12640,
        "name": "Vino Rosado de Mesa Brik PE\u00d1ASOL",
        "price": 1.59,
        "price_kilo": 1.59,
        "slug": "vino-rosado-de-mesa-brik",
        "description": "Vino Rosado de Mesa Brik 1 L",
        "image": "https:\/\/cdn-consum.aktiosdigitalservices.com\/tol\/consum\/media\/product\/img\/300x300\/7257843.jpg?t=20250312092755"
    },
    {
        "id": 12642,
        "name": "Guante Flocado L\u00e1tex Rosa Talla Mediana CONSUM",
        "price": 0.9,
        "price_kilo": 0.9,
        "slug": "guante-flocado-latex-rosa-talla-mediana",
        "description": "Guante Flocado L\u00e1tex Rosa Talla Mediana 1 U",
        "image": "https:\/\/cdn-consum.aktiosdigitalservices.com\/tol\/consum\/media\/product\/img\/300x300\/7258739.jpg?t=20241217081103"
    },
    {
        "id": 12643,
        "name": "Pila Litio Bot\u00f3n CR 2025 ENERGIZER",
        "price": 4.89,
        "price_kilo": 2.45,
        "slug": "pila-litio-boton-cr-2025",
        "description": "Pila Litio Bot\u00f3n CR 2025 2 U",
        "image": "https:\/\/cdn-consum.aktiosdigitalservices.com\/tol\/consum\/media\/product\/img\/300x300\/7260169.jpg?t=20250109100918"
    },
    {
        "id": 12654,
        "name": "Limpiador de Alfombras y Tapicer\u00edas OMINO BIANCO",
        "price": 6.99,
        "price_kilo": 23.3,
        "slug": "limpiador-de-alfombras-y-tapicerias",
        "description": "Limpiador de Alfombras y Tapicer\u00edas 300 ml",
        "image": "https:\/\/cdn-consum.aktiosdigitalservices.com\/tol\/consum\/media\/product\/img\/300x300\/7264166.jpg?t=20241217081106"
    },
    {
        "id": 12662,
        "name": "Cappuccino Descafeinado Soluble NESCAFE",
        "price": 3.95,
        "price_kilo": 15.8,
        "slug": "cappuccino-descafeinado-soluble",
        "description": "Cappuccino Descafeinado Soluble 250 Gr",
        "image": "https:\/\/cdn-consum.aktiosdigitalservices.com\/tol\/consum\/media\/product\/img\/300x300\/7266104.jpg?t=20250311133815"
    },
    {
        "id": 12671,
        "name": "Solomillo al Romero ",
        "price": 6.93,
        "price_kilo": 11.5,
        "slug": "solomillo-al-romero",
        "description": "Solomillo al Romero",
        "image": "https:\/\/cdn-consum.aktiosdigitalservices.com\/tol\/consum\/media\/product\/img\/300x300\/7267391.jpg?t=20250321075911"
    },
    {
        "id": 12675,
        "name": "Churrasquitos de Cordero CONSUM",
        "price": 6.28,
        "price_kilo": 15.7,
        "slug": "churrasquitos-de-cordero",
        "description": "Churrasquitos de Cordero - Servicio todos los d\u00edas excepto lunes y martes",
        "image": "https:\/\/cdn-consum.aktiosdigitalservices.com\/tol\/consum\/media\/product\/img\/300x300\/7267573.jpg?t=20250318080220"
    },
    {
        "id": 12681,
        "name": "Bayeta Extra Absorbente BALLERINA",
        "price": 1.99,
        "price_kilo": 0.66,
        "slug": "bayeta-extra-absorbente",
        "description": "Bayeta Extra Absorbente 3 U",
        "image": "https:\/\/cdn-consum.aktiosdigitalservices.com\/tol\/consum\/media\/product\/img\/300x300\/7270056.jpg?t=20250313080414"
    },
    {
        "id": 12682,
        "name": "Zumo Exprimido Pi\u00f1a Uva sin Pulpa Minibrik DON SIMON",
        "price": 1.39,
        "price_kilo": 2.9,
        "slug": "zumo-exprimido-pina-uva-sin-pulpa-minibrik",
        "description": "Zumo Exprimido Pi\u00f1a Uva sin Pulpa Minibrik 4 x 0,12 L",
        "image": "https:\/\/cdn-consum.aktiosdigitalservices.com\/tol\/consum\/media\/product\/img\/300x300\/7270247.jpg?t=20250114084305"
    },
    {
        "id": 12683,
        "name": "Colonia N\u00ba5 Jazm\u00edn Aguas de V&L V&L",
        "price": 12.95,
        "price_kilo": 8.63,
        "slug": "colonia-n5-jazmin-aguas-de-vl",
        "description": "Colonia N\u00ba5 Jazm\u00edn Aguas de V&L 150 ml",
        "image": "https:\/\/cdn-consum.aktiosdigitalservices.com\/tol\/consum\/media\/product\/img\/300x300\/7270879.jpg?t=20241217081109"
    },
    {
        "id": 12687,
        "name": "Ensalada de Quinoa Bol CARRETILLA",
        "price": 2.39,
        "price_kilo": 10.39,
        "slug": "ensalada-de-quinoa-bol",
        "description": "Ensalada de Quinoa Bol 230 Gr",
        "image": "https:\/\/cdn-consum.aktiosdigitalservices.com\/tol\/consum\/media\/product\/img\/300x300\/7271059.jpg?t=20250313080416"
    },
    {
        "id": 12698,
        "name": "Muslo de Pollo Deshuesado CONSUM",
        "price": 2.95,
        "price_kilo": 5.9,
        "slug": "muslo-de-pollo-deshuesado",
        "description": "Muslo de Pollo Deshuesado",
        "image": "https:\/\/cdn-consum.aktiosdigitalservices.com\/tol\/consum\/media\/product\/img\/300x300\/7272883.jpg?t=20241217081109"
    },
    {
        "id": 12699,
        "name": "Cuarto Trasero Pollo Certificado CONSUM",
        "price": 2.65,
        "price_kilo": 4.79,
        "slug": "cuarto-trasero-pollo-certificado",
        "description": "Cuarto Trasero Pollo Certificado",
        "image": "https:\/\/cdn-consum.aktiosdigitalservices.com\/tol\/consum\/media\/product\/img\/300x300\/7272933.jpg?t=20241217081109"
    },
    {
        "id": 12700,
        "name": "Pechuga Fileteada de Pollo Certificado CONSUM",
        "price": 5.42,
        "price_kilo": 8.99,
        "slug": "pechuga-fileteada-de-pollo-certificado",
        "description": "Pechuga Fileteada de Pollo Certificado",
        "image": "https:\/\/cdn-consum.aktiosdigitalservices.com\/tol\/consum\/media\/product\/img\/300x300\/7272941.jpg?t=20241217081109"
    },
    {
        "id": 12709,
        "name": "Chicle Grageado Hierbabuena Bote TRIDENT",
        "price": 3.05,
        "price_kilo": 36.92,
        "slug": "chicle-grageado-hierbabuena-bote",
        "description": "Chicle Grageado Hierbabuena Bote 82,6 Gr",
        "image": "https:\/\/cdn-consum.aktiosdigitalservices.com\/tol\/consum\/media\/product\/img\/300x300\/7273837.jpg?t=20250311124630"
    },
    {
        "id": 12722,
        "name": "Col Lombarda ",
        "price": 1.99,
        "price_kilo": 1.99,
        "slug": "col-lombarda",
        "description": "Col Lombarda",
        "image": "https:\/\/cdn-consum.aktiosdigitalservices.com\/tol\/consum\/media\/product\/img\/300x300\/2469.jpg?t=20250322075615"
    },
    {
        "id": 12727,
        "name": "Apio Blanco Bolsa ",
        "price": 2.09,
        "price_kilo": 5.23,
        "slug": "apio-blanco-bolsa",
        "description": "Apio Blanco Bolsa 400 Gr",
        "image": "https:\/\/cdn-consum.aktiosdigitalservices.com\/tol\/consum\/media\/product\/img\/300x300\/56655.jpg?t=20250103075811"
    },
    {
        "id": 12729,
        "name": "Calabaza Entera ",
        "price": 3.01,
        "price_kilo": 2.05,
        "slug": "calabaza-entera",
        "description": "Calabaza Entera",
        "image": "https:\/\/cdn-consum.aktiosdigitalservices.com\/tol\/consum\/media\/product\/img\/300x300\/90613.jpg?t=20250322075641"
    },
    {
        "id": 12732,
        "name": "Vino Tinto Reserva D.O.Rioja MARQ.CACERES",
        "price": 10.95,
        "price_kilo": 14.6,
        "slug": "vino-tinto-reserva-dorioja",
        "description": "Vino Tinto Reserva D.O.Rioja 0,75 L",
        "image": "https:\/\/cdn-consum.aktiosdigitalservices.com\/tol\/consum\/media\/product\/img\/300x300\/112839.jpg?t=20250311164528"
    },
    {
        "id": 12733,
        "name": "Vino Blanco D.O.Rioja MQ.CACERES",
        "price": 5.7,
        "price_kilo": 7.6,
        "slug": "vino-blanco-dorioja",
        "description": "Vino Blanco D.O.Rioja 0,75 L - Marqu\u00e9s de C\u00e1ceres",
        "image": "https:\/\/cdn-consum.aktiosdigitalservices.com\/tol\/consum\/media\/product\/img\/300x300\/112854.jpg?t=20250303075620"
    },
    {
        "id": 12734,
        "name": "Vino Rosado D.O.Rioja MQ.CACERES",
        "price": 4.89,
        "price_kilo": 6.52,
        "slug": "vino-rosado-dorioja",
        "description": "Vino Rosado D.O.Rioja 0,75 L",
        "image": "https:\/\/cdn-consum.aktiosdigitalservices.com\/tol\/consum\/media\/product\/img\/300x300\/117853.jpg?t=20250303075624"
    },
    {
        "id": 12735,
        "name": "Cava Brut Extra D.O.Cava CODORNIU",
        "price": 6.99,
        "price_kilo": 9.32,
        "slug": "cava-brut-extra-docava",
        "description": "Cava Brut Extra D.O.Cava 0,75 L",
        "image": "https:\/\/cdn-consum.aktiosdigitalservices.com\/tol\/consum\/media\/product\/img\/300x300\/151357.jpg?t=20250311164528"
    },
    {
        "id": 12737,
        "name": "Cava Brut Nature G.Rsva D.O.Cava JUVE CAMPS",
        "price": 20.9,
        "price_kilo": 27.87,
        "slug": "cava-brut-nature-grsva-docava",
        "description": "Cava Brut Nature G.Rsva D.O.Cava 0,75 L",
        "image": "https:\/\/cdn-consum.aktiosdigitalservices.com\/tol\/consum\/media\/product\/img\/300x300\/157271.jpg?t=20250312124710"
    },
    {
        "id": 12738,
        "name": "Cava Brut Gran Cremant D.O.Cava CODORNIU",
        "price": 6.45,
        "price_kilo": 8.6,
        "slug": "cava-brut-gran-cremant-docava",
        "description": "Cava Brut Gran Cremant D.O.Cava 0,75 L",
        "image": "https:\/\/cdn-consum.aktiosdigitalservices.com\/tol\/consum\/media\/product\/img\/300x300\/161802.jpg?t=20250311123801"
    },
    {
        "id": 12739,
        "name": "Vino Tinto Gran Reserva D.O.Valdepe\u00f1as VI\u00d1A ALBALI",
        "price": 4.99,
        "price_kilo": 6.65,
        "slug": "vino-tinto-gran-reserva-dovaldepenas",
        "description": "Vino Tinto Gran Reserva D.O.Valdepe\u00f1as 0,75 L",
        "image": "https:\/\/cdn-consum.aktiosdigitalservices.com\/tol\/consum\/media\/product\/img\/300x300\/170399.jpg?t=20250220075657"
    },
    {
        "id": 12740,
        "name": "Vino Blanco Palomino D.O.Ribeiro PAZO",
        "price": 4.89,
        "price_kilo": 6.52,
        "slug": "vino-blanco-palomino-doribeiro",
        "description": "Vino Blanco Palomino D.O.Ribeiro 0,75 L",
        "image": "https:\/\/cdn-consum.aktiosdigitalservices.com\/tol\/consum\/media\/product\/img\/300x300\/221440.jpg?t=20241217080943"
    },
    {
        "id": 12745,
        "name": "Vino Rosado D.O.Valdepe\u00f1as LOS MOLINOS",
        "price": 2.39,
        "price_kilo": 3.19,
        "slug": "vino-rosado-dovaldepenas",
        "description": "Vino Rosado D.O.Valdepe\u00f1as 0,75 L",
        "image": "https:\/\/cdn-consum.aktiosdigitalservices.com\/tol\/consum\/media\/product\/img\/300x300\/303321.jpg?t=20250311123819"
    },
    {
        "id": 12746,
        "name": "Cava Brut Nature D.O.Cava BACH",
        "price": 4.49,
        "price_kilo": 5.98,
        "slug": "cava-brut-nature-docava",
        "description": "Cava Brut Nature D.O.Cava 0,75 L",
        "image": "https:\/\/cdn-consum.aktiosdigitalservices.com\/tol\/consum\/media\/product\/img\/300x300\/307108.jpg?t=20250311164531"
    },
    {
        "id": 12748,
        "name": "Vino Blanco D.O.Catalu\u00f1a VI\u00d1A SOL",
        "price": 5.9,
        "price_kilo": 7.87,
        "slug": "vino-blanco-docataluna",
        "description": "Vino Blanco D.O.Catalu\u00f1a 0,75 L",
        "image": "https:\/\/cdn-consum.aktiosdigitalservices.com\/tol\/consum\/media\/product\/img\/300x300\/308031.jpg?t=20250220075728"
    },
    {
        "id": 12750,
        "name": "Vino Tinto D.O.Catalu\u00f1a SANGRE TORO",
        "price": 4.9,
        "price_kilo": 6.53,
        "slug": "vino-tinto-docataluna",
        "description": "Vino Tinto D.O.Catalu\u00f1a 0,75 L",
        "image": "https:\/\/cdn-consum.aktiosdigitalservices.com\/tol\/consum\/media\/product\/img\/300x300\/308064.jpg?t=20250201075622"
    },
    {
        "id": 12752,
        "name": "Champagne Brut Imperial Champagne MOET CHANDON",
        "price": 44.95,
        "price_kilo": 59.93,
        "slug": "champagne-brut-imperial-champagne",
        "description": "Champagne Brut Imperial Champagne 0,75 L",
        "image": "https:\/\/cdn-consum.aktiosdigitalservices.com\/tol\/consum\/media\/product\/img\/300x300\/312751.jpg?t=20250311164531"
    },
    {
        "id": 12753,
        "name": "Cava Brut D.O.Cava CODORNIU",
        "price": 9.35,
        "price_kilo": 12.47,
        "slug": "cava-brut-docava",
        "description": "Cava Brut D.O.Cava 0,75 L",
        "image": "https:\/\/cdn-consum.aktiosdigitalservices.com\/tol\/consum\/media\/product\/img\/300x300\/313254.jpg?t=20250211075657"
    },
    {
        "id": 12755,
        "name": "Vino Dulce Kina SAN CLEMENTE",
        "price": 6.35,
        "price_kilo": 6.35,
        "slug": "vino-dulce-kina",
        "description": "Vino Dulce Kina 1 L",
        "image": "https:\/\/cdn-consum.aktiosdigitalservices.com\/tol\/consum\/media\/product\/img\/300x300\/317743.jpg?t=20241217080946"
    },
    {
        "id": 12757,
        "name": "Vino Fino D.O.Jerez TIO PEPE",
        "price": 7.49,
        "price_kilo": 9.99,
        "slug": "vino-fino-dojerez",
        "description": "Vino Fino D.O.Jerez 0,75 L",
        "image": "https:\/\/cdn-consum.aktiosdigitalservices.com\/tol\/consum\/media\/product\/img\/300x300\/317966.jpg?t=20250311164531"
    },
    {
        "id": 12758,
        "name": "Vino Tinto Reserva D.O.Rioja MARQ.RISCAL",
        "price": 17.9,
        "price_kilo": 23.87,
        "slug": "vino-tinto-reserva-dorioja",
        "description": "Vino Tinto Reserva D.O.Rioja 0,75 L",
        "image": "https:\/\/cdn-consum.aktiosdigitalservices.com\/tol\/consum\/media\/product\/img\/300x300\/318204.jpg?t=20250311103133"
    },
    {
        "id": 12760,
        "name": "Vino Tinto Crianza D.O.Rioja CAMPO VIEJO",
        "price": 5.85,
        "price_kilo": 7.8,
        "slug": "vino-tinto-crianza-dorioja",
        "description": "Vino Tinto Crianza D.O.Rioja 0,75 L",
        "image": "https:\/\/cdn-consum.aktiosdigitalservices.com\/tol\/consum\/media\/product\/img\/300x300\/318436.jpg?t=20250311123824"
    },
    {
        "id": 12763,
        "name": "Cava Brut Nature D.O.Cava CONDE CARALT",
        "price": 5.55,
        "price_kilo": 7.4,
        "slug": "cava-brut-nature-docava",
        "description": "Cava Brut Nature D.O.Cava 0,75 L",
        "image": "https:\/\/cdn-consum.aktiosdigitalservices.com\/tol\/consum\/media\/product\/img\/300x300\/347112.jpg?t=20250311123833"
    },
    {
        "id": 12764,
        "name": "Cava Brut D.O.Cava C. NUBIOLA",
        "price": 5.75,
        "price_kilo": 7.67,
        "slug": "cava-brut-docava",
        "description": "Cava Brut D.O.Cava 0,75 L",
        "image": "https:\/\/cdn-consum.aktiosdigitalservices.com\/tol\/consum\/media\/product\/img\/300x300\/373217.jpg?t=20250311164531"
    },
    {
        "id": 12765,
        "name": "Cava Brut Reserva D.O.Cava SEG.VIUDAS",
        "price": 9.69,
        "price_kilo": 12.92,
        "slug": "cava-brut-reserva-docava",
        "description": "Cava Brut Reserva D.O.Cava 0,75 L",
        "image": "https:\/\/cdn-consum.aktiosdigitalservices.com\/tol\/consum\/media\/product\/img\/300x300\/373225.jpg?t=20250311164531"
    },
    {
        "id": 12766,
        "name": "Cava Brut Nature Reserv D.O.Cava FREIXENET",
        "price": 9.99,
        "price_kilo": 13.32,
        "slug": "cava-brut-nature-reserv-docava",
        "description": "Cava Brut Nature Reserv D.O.Cava 0,75 L",
        "image": "https:\/\/cdn-consum.aktiosdigitalservices.com\/tol\/consum\/media\/product\/img\/300x300\/373415.jpg?t=20241217080948"
    },
    {
        "id": 12770,
        "name": "Almid\u00f3n Spray TOKE",
        "price": 4.89,
        "price_kilo": 9.78,
        "slug": "almidon-spray",
        "description": "Almid\u00f3n Spray 0,5 L",
        "image": "https:\/\/cdn-consum.aktiosdigitalservices.com\/tol\/consum\/media\/product\/img\/300x300\/410464.jpg?t=20241217080948"
    },
    {
        "id": 12778,
        "name": "Quitamanchas en Seco Spray CEBRALIN",
        "price": 3.89,
        "price_kilo": 19.45,
        "slug": "quitamanchas-en-seco-spray",
        "description": "Quitamanchas en Seco Spray 200 ml",
        "image": "https:\/\/cdn-consum.aktiosdigitalservices.com\/tol\/consum\/media\/product\/img\/300x300\/479964.jpg?t=20241217080950"
    },
    {
        "id": 12779,
        "name": "Vino Blanco Ecol\u00f3gico D.O.Penedes V. ESMERALDA",
        "price": 8.5,
        "price_kilo": 11.33,
        "slug": "vino-blanco-ecologico-dopenedes",
        "description": "Vino Blanco Ecol\u00f3gico D.O.Penedes 0,75 L",
        "image": "https:\/\/cdn-consum.aktiosdigitalservices.com\/tol\/consum\/media\/product\/img\/300x300\/483032.jpg?t=20250311123852"
    },
    {
        "id": 12782,
        "name": "Yuca ",
        "price": 3.06,
        "price_kilo": 3.49,
        "slug": "yuca",
        "description": "Yuca",
        "image": "https:\/\/cdn-consum.aktiosdigitalservices.com\/tol\/consum\/media\/product\/img\/300x300\/961318.jpg?t=20250322075721"
    },
    {
        "id": 12784,
        "name": "Pl\u00e1tano de Fre\u00edr ",
        "price": 1.06,
        "price_kilo": 2.99,
        "slug": "platano-de-freir",
        "description": "Pl\u00e1tano de Fre\u00edr",
        "image": "https:\/\/cdn-consum.aktiosdigitalservices.com\/tol\/consum\/media\/product\/img\/300x300\/961375.jpg?t=20250319075654"
    },
    {
        "id": 12786,
        "name": "Garrof\u00f3n Seco Malla ",
        "price": 2.95,
        "price_kilo": 10.54,
        "slug": "garrofon-seco-malla",
        "description": "Garrof\u00f3n Seco Malla 280 Gr",
        "image": "https:\/\/cdn-consum.aktiosdigitalservices.com\/tol\/consum\/media\/product\/img\/300x300\/998211.jpg?t=20250204080003"
    },
    {
        "id": 12788,
        "name": "Vino Tinto Reserva D.O.Rioja COTO IMAZ",
        "price": 8.85,
        "price_kilo": 11.8,
        "slug": "vino-tinto-reserva-dorioja",
        "description": "Vino Tinto Reserva D.O.Rioja 0,75 L",
        "image": "https:\/\/cdn-consum.aktiosdigitalservices.com\/tol\/consum\/media\/product\/img\/300x300\/1772706.jpg?t=20250303075711"
    },
    {
        "id": 12797,
        "name": "Moscatel Espumoso REYMOS",
        "price": 4.45,
        "price_kilo": 5.93,
        "slug": "moscatel-espumoso",
        "description": "Moscatel Espumoso 0,75 L",
        "image": "https:\/\/cdn-consum.aktiosdigitalservices.com\/tol\/consum\/media\/product\/img\/300x300\/3943438.jpg?t=20250311164534"
    },
    {
        "id": 12801,
        "name": "Pimiento \u00d1ora Tarrina ",
        "price": 3.89,
        "price_kilo": 64.83,
        "slug": "pimiento-nora-tarrina",
        "description": "Pimiento \u00d1ora Tarrina 60 Gr",
        "image": "https:\/\/cdn-consum.aktiosdigitalservices.com\/tol\/consum\/media\/product\/img\/300x300\/5300025.jpg?t=20250121075916"
    },
    {
        "id": 12807,
        "name": "Cebollino Bandeja EL DULZE",
        "price": 1.8,
        "price_kilo": 9,
        "slug": "cebollino-bandeja",
        "description": "Cebollino Bandeja 20 Gr",
        "image": "https:\/\/cdn-consum.aktiosdigitalservices.com\/tol\/consum\/media\/product\/img\/300x300\/7006752.jpg?t=20241217081000"
    },
    {
        "id": 12815,
        "name": "Vino Tinto Crianza D.O.Ribera del Duero ALT.TAMARON",
        "price": 6.99,
        "price_kilo": 9.32,
        "slug": "vino-tinto-crianza-doribera-del-duero",
        "description": "Vino Tinto Crianza D.O.Ribera del Duero 0,75 L",
        "image": "https:\/\/cdn-consum.aktiosdigitalservices.com\/tol\/consum\/media\/product\/img\/300x300\/7025054.jpg?t=20250311164535"
    },
    {
        "id": 12825,
        "name": "Ambientador Aire Fresco Spray OUST",
        "price": 3.99,
        "price_kilo": 1.33,
        "slug": "ambientador-aire-fresco-spray",
        "description": "Ambientador Aire Fresco Spray 300 ml",
        "image": "https:\/\/cdn-consum.aktiosdigitalservices.com\/tol\/consum\/media\/product\/img\/300x300\/7049047.jpg?t=20250109094056"
    },
    {
        "id": 12826,
        "name": "Vino Tinto Crianza D.O.Alicante VI\u00d1A ALCANTA",
        "price": 3.49,
        "price_kilo": 4.65,
        "slug": "vino-tinto-crianza-doalicante",
        "description": "Vino Tinto Crianza D.O.Alicante 0,75 L",
        "image": "https:\/\/cdn-consum.aktiosdigitalservices.com\/tol\/consum\/media\/product\/img\/300x300\/7052889.jpg?t=20250206090812"
    },
    {
        "id": 12828,
        "name": "Cava Brut D.O.Cava DOM.THARSYS",
        "price": 6.79,
        "price_kilo": 9.05,
        "slug": "cava-brut-docava",
        "description": "Cava Brut D.O.Cava 0,75 L",
        "image": "https:\/\/cdn-consum.aktiosdigitalservices.com\/tol\/consum\/media\/product\/img\/300x300\/7059178.jpg?t=20250227090503"
    },
    {
        "id": 12829,
        "name": "D\u00e1til en Rama Bandeja ",
        "price": 3.99,
        "price_kilo": 7.98,
        "slug": "datil-en-rama-bandeja",
        "description": "D\u00e1til en Rama Bandeja 500 Gr",
        "image": "https:\/\/cdn-consum.aktiosdigitalservices.com\/tol\/consum\/media\/product\/img\/300x300\/7061401.jpg?t=20250127075739"
    },
    {
        "id": 12830,
        "name": "Vino Oporto Fine Tawny OSBORNE",
        "price": 9.69,
        "price_kilo": 12.92,
        "slug": "vino-oporto-fine-tawny",
        "description": "Vino Oporto Fine Tawny 0,75 L",
        "image": "https:\/\/cdn-consum.aktiosdigitalservices.com\/tol\/consum\/media\/product\/img\/300x300\/7061534.jpg?t=20250227090509"
    },
    {
        "id": 12833,
        "name": "Vino Tinto Crianza D.O.Rioja CUNE",
        "price": 4.65,
        "price_kilo": 12.4,
        "slug": "vino-tinto-crianza-dorioja",
        "description": "Vino Tinto Crianza D.O.Rioja 375 ml",
        "image": "https:\/\/cdn-consum.aktiosdigitalservices.com\/tol\/consum\/media\/product\/img\/300x300\/7068919.jpg?t=20250311164538"
    },
    {
        "id": 12836,
        "name": "Cava Brut D.O.Cava CARTA NEVADA",
        "price": 7.45,
        "price_kilo": 9.93,
        "slug": "cava-brut-docava",
        "description": "Cava Brut D.O.Cava 0,75 L",
        "image": "https:\/\/cdn-consum.aktiosdigitalservices.com\/tol\/consum\/media\/product\/img\/300x300\/7074735.jpg?t=20250311164538"
    },
    {
        "id": 12838,
        "name": "Cava Brut D.O.Cava CORDON NEGRO",
        "price": 8.49,
        "price_kilo": 11.32,
        "slug": "cava-brut-docava",
        "description": "Cava Brut D.O.Cava 0,75 L",
        "image": "https:\/\/cdn-consum.aktiosdigitalservices.com\/tol\/consum\/media\/product\/img\/300x300\/7074748.jpg?t=20250311164538"
    },
    {
        "id": 12840,
        "name": "Picada de Ajo y Perejil Bandeja ",
        "price": 1.49,
        "price_kilo": 14.9,
        "slug": "picada-de-ajo-y-perejil-bandeja",
        "description": "Picada de Ajo y Perejil Bandeja 100 Gr",
        "image": "https:\/\/cdn-consum.aktiosdigitalservices.com\/tol\/consum\/media\/product\/img\/300x300\/7078202.jpg?t=20241217081015"
    },
    {
        "id": 12841,
        "name": "Vino Tinto Crianza D.O.Ribera del Duero MATARROMERA",
        "price": 23.8,
        "price_kilo": 31.73,
        "slug": "vino-tinto-crianza-doribera-del-duero",
        "description": "Vino Tinto Crianza D.O.Ribera del Duero 0,75 L",
        "image": "https:\/\/cdn-consum.aktiosdigitalservices.com\/tol\/consum\/media\/product\/img\/300x300\/7078710.jpg?t=20250227090613"
    },
    {
        "id": 12842,
        "name": "Vino Tinto Roble D.O.Ribera del Duero MELIOR",
        "price": 9.8,
        "price_kilo": 13.07,
        "slug": "vino-tinto-roble-doribera-del-duero",
        "description": "Vino Tinto Roble D.O.Ribera del Duero 0,75 L",
        "image": "https:\/\/cdn-consum.aktiosdigitalservices.com\/tol\/consum\/media\/product\/img\/300x300\/7078723.jpg?t=20250206091012"
    },
    {
        "id": 12843,
        "name": "Vino Tinto Crianza D.O.Rioja AZPILICUETA",
        "price": 7.69,
        "price_kilo": 10.25,
        "slug": "vino-tinto-crianza-dorioja",
        "description": "Vino Tinto Crianza D.O.Rioja 0,75 L",
        "image": "https:\/\/cdn-consum.aktiosdigitalservices.com\/tol\/consum\/media\/product\/img\/300x300\/7079002.jpg?t=20250227090614"
    },
    {
        "id": 12844,
        "name": "Vino Tinto Roble D.O.Somontano VI\u00d1AS D VERO",
        "price": 5.39,
        "price_kilo": 7.19,
        "slug": "vino-tinto-roble-dosomontano",
        "description": "Vino Tinto Roble D.O.Somontano 0,75 L",
        "image": "https:\/\/cdn-consum.aktiosdigitalservices.com\/tol\/consum\/media\/product\/img\/300x300\/7080831.jpg?t=20250227090618"
    },
    {
        "id": 12845,
        "name": "Vino Tinto Crianza D.O.Somontano VI\u00d1AS D VERO",
        "price": 8.59,
        "price_kilo": 11.45,
        "slug": "vino-tinto-crianza-dosomontano",
        "description": "Vino Tinto Crianza D.O.Somontano 0,75 L",
        "image": "https:\/\/cdn-consum.aktiosdigitalservices.com\/tol\/consum\/media\/product\/img\/300x300\/7080836.jpg?t=20250311124143"
    },
    {
        "id": 12846,
        "name": "Vino Tinto D.O.Somontano ENATE",
        "price": 7.59,
        "price_kilo": 10.12,
        "slug": "vino-tinto-dosomontano",
        "description": "Vino Tinto D.O.Somontano 0,75 L",
        "image": "https:\/\/cdn-consum.aktiosdigitalservices.com\/tol\/consum\/media\/product\/img\/300x300\/7084577.jpg?t=20250201075759"
    },
    {
        "id": 12847,
        "name": "Vino Blanco Semi Dulce D.O.Rioja CAMPO VIEJO",
        "price": 3.99,
        "price_kilo": 5.32,
        "slug": "vino-blanco-semi-dulce-dorioja",
        "description": "Vino Blanco Semi Dulce D.O.Rioja 0,75 L",
        "image": "https:\/\/cdn-consum.aktiosdigitalservices.com\/tol\/consum\/media\/product\/img\/300x300\/7086569.jpg?t=20250204080217"
    },
    {
        "id": 12848,
        "name": "Term\u00f3metro Digital PHARMADOCT",
        "price": 3.99,
        "price_kilo": 3.99,
        "slug": "termometro-digital",
        "description": "Term\u00f3metro Digital 1 U",
        "image": "https:\/\/cdn-consum.aktiosdigitalservices.com\/tol\/consum\/media\/product\/img\/300x300\/7086929.jpg?t=20250312092745"
    },
    {
        "id": 12850,
        "name": "Vino Tinto Crianza D.O.Ribera del Duero PROTOS",
        "price": 19.95,
        "price_kilo": 26.6,
        "slug": "vino-tinto-crianza-doribera-del-duero",
        "description": "Vino Tinto Crianza D.O.Ribera del Duero 0,75 L",
        "image": "https:\/\/cdn-consum.aktiosdigitalservices.com\/tol\/consum\/media\/product\/img\/300x300\/7091663.jpg?t=20250201075808"
    },
    {
        "id": 12851,
        "name": "Vino Rosado D.O.Rioja CUNE",
        "price": 5.2,
        "price_kilo": 6.93,
        "slug": "vino-rosado-dorioja",
        "description": "Vino Rosado D.O.Rioja 0,75 L",
        "image": "https:\/\/cdn-consum.aktiosdigitalservices.com\/tol\/consum\/media\/product\/img\/300x300\/7092323.jpg?t=20250212075836"
    },
    {
        "id": 12859,
        "name": "Vino Blanco Chardonnay D.O.Utiel-Requena HOYA CADENAS",
        "price": 6.29,
        "price_kilo": 8.39,
        "slug": "vino-blanco-chardonnay-doutiel-requena",
        "description": "Vino Blanco Chardonnay D.O.Utiel-Requena 0,75 L",
        "image": "https:\/\/cdn-consum.aktiosdigitalservices.com\/tol\/consum\/media\/product\/img\/300x300\/7108384.jpg?t=20250227090725"
    },
    {
        "id": 12864,
        "name": "Cava Rosado Brut D.O.Cava BACH",
        "price": 4.49,
        "price_kilo": 5.98,
        "slug": "cava-rosado-brut-docava",
        "description": "Cava Rosado Brut D.O.Cava 0,75 L",
        "image": "https:\/\/cdn-consum.aktiosdigitalservices.com\/tol\/consum\/media\/product\/img\/300x300\/7113207.jpg?t=20250227090746"
    },
    {
        "id": 12865,
        "name": "Agua de Valencia GALA D'OR",
        "price": 6.99,
        "price_kilo": 9.32,
        "slug": "agua-de-valencia",
        "description": "Agua de Valencia 0,75 L",
        "image": "https:\/\/cdn-consum.aktiosdigitalservices.com\/tol\/consum\/media\/product\/img\/300x300\/7114239.jpg?t=20241217081021"
    },
    {
        "id": 12866,
        "name": "Vino Tinto Crianza D.O.Jumilla CAST.S.SIMON",
        "price": 1.99,
        "price_kilo": 2.65,
        "slug": "vino-tinto-crianza-dojumilla",
        "description": "Vino Tinto Crianza D.O.Jumilla 0,75 L",
        "image": "https:\/\/cdn-consum.aktiosdigitalservices.com\/tol\/consum\/media\/product\/img\/300x300\/7120389.jpg?t=20250227090827"
    },
    {
        "id": 12868,
        "name": "Aditivo Transpirex Spray Quitamanchas Prelavado NEUTREX",
        "price": 6.55,
        "price_kilo": 10.92,
        "slug": "aditivo-transpirex-spray-quitamanchas-prelavado",
        "description": "Aditivo Transpirex Spray Quitamanchas Prelavado 0,6 L",
        "image": "https:\/\/cdn-consum.aktiosdigitalservices.com\/tol\/consum\/media\/product\/img\/300x300\/7121564.jpg?t=20250227090836"
    },
    {
        "id": 12869,
        "name": "Vino Tinto Roble D.O.Ribera del Duero LEGARIS",
        "price": 9.45,
        "price_kilo": 12.6,
        "slug": "vino-tinto-roble-doribera-del-duero",
        "description": "Vino Tinto Roble D.O.Ribera del Duero 0,75 L",
        "image": "https:\/\/cdn-consum.aktiosdigitalservices.com\/tol\/consum\/media\/product\/img\/300x300\/7134398.jpg?t=20250206091325"
    },
    {
        "id": 12872,
        "name": "Vino Tinto Crianza D.O.Rioja CAST.ALBAI",
        "price": 3.99,
        "price_kilo": 5.32,
        "slug": "vino-tinto-crianza-dorioja",
        "description": "Vino Tinto Crianza D.O.Rioja 0,75 L",
        "image": "https:\/\/cdn-consum.aktiosdigitalservices.com\/tol\/consum\/media\/product\/img\/300x300\/7139975.jpg?t=20250227090846"
    },
    {
        "id": 12873,
        "name": "Galleta de Cacao Rellena con Chocolate Blanco OREO",
        "price": 3.3,
        "price_kilo": 13.41,
        "slug": "galleta-de-cacao-rellena-con-chocolate-blanco",
        "description": "Galleta de Cacao Rellena con Chocolate Blanco 246 Gr",
        "image": "https:\/\/cdn-consum.aktiosdigitalservices.com\/tol\/consum\/media\/product\/img\/300x300\/7141349.jpg?t=20250312160034"
    },
    {
        "id": 12878,
        "name": "Recambio Lavanda&jazmi Sense&spray GLADE",
        "price": 3.59,
        "price_kilo": 3.59,
        "slug": "recambio-lavandajazmi-sensespray",
        "description": "Recambio Lavanda&jazmi Sense&spray 1 U",
        "image": "https:\/\/cdn-consum.aktiosdigitalservices.com\/tol\/consum\/media\/product\/img\/300x300\/7144454.jpg?t=20250313080118"
    },
    {
        "id": 12899,
        "name": "Recambio WC Discos Act Lima Fresca Pack 2 uds PATO",
        "price": 5.59,
        "price_kilo": 2.8,
        "slug": "recambio-wc-discos-act-lima-fresca-pack-2-uds",
        "description": "Recambio WC Discos Act Lima Fresca Pack 2 uds 2 U",
        "image": "https:\/\/cdn-consum.aktiosdigitalservices.com\/tol\/consum\/media\/product\/img\/300x300\/7163587.jpg?t=20241217081027"
    },
    {
        "id": 12900,
        "name": "Cava Brut Nature D.O.Cava CODORNIU",
        "price": 9.35,
        "price_kilo": 12.47,
        "slug": "cava-brut-nature-docava",
        "description": "Cava Brut Nature D.O.Cava 0,75 L",
        "image": "https:\/\/cdn-consum.aktiosdigitalservices.com\/tol\/consum\/media\/product\/img\/300x300\/7163835.jpg?t=20250109095212"
    },
    {
        "id": 12901,
        "name": "Cava Brut D.O.Cava DOMN.DUQUES",
        "price": 3.55,
        "price_kilo": 4.73,
        "slug": "cava-brut-docava",
        "description": "Cava Brut D.O.Cava 0,75 L",
        "image": "https:\/\/cdn-consum.aktiosdigitalservices.com\/tol\/consum\/media\/product\/img\/300x300\/7163850.jpg?t=20250318080024"
    },
    {
        "id": 12902,
        "name": "Bebida Refresc. Blanco Uva y Manzana C.SALOBRE\u00d1A",
        "price": 1.6,
        "price_kilo": 1.6,
        "slug": "bebida-refresc-blanco-uva-y-manzana",
        "description": "Bebida Refresc. Blanco Uva y Manzana 1 L",
        "image": "https:\/\/cdn-consum.aktiosdigitalservices.com\/tol\/consum\/media\/product\/img\/300x300\/7163900.jpg?t=20241217081028"
    },
    {
        "id": 12903,
        "name": "Vino Tinto Bag&Box PE\u00d1ASOL",
        "price": 5.99,
        "price_kilo": 2,
        "slug": "vino-tinto-bagbox",
        "description": "Vino Tinto Bag&Box 3 L",
        "image": "https:\/\/cdn-consum.aktiosdigitalservices.com\/tol\/consum\/media\/product\/img\/300x300\/7164700.jpg?t=20241217081028"
    },
    {
        "id": 12904,
        "name": "Vino Tinto Crianza D.O.Ribera del Duero MAY.CASTILLA",
        "price": 5.99,
        "price_kilo": 7.99,
        "slug": "vino-tinto-crianza-doribera-del-duero",
        "description": "Vino Tinto Crianza D.O.Ribera del Duero 0,75 L",
        "image": "https:\/\/cdn-consum.aktiosdigitalservices.com\/tol\/consum\/media\/product\/img\/300x300\/7164718.jpg?t=20250227091026"
    },
    {
        "id": 12912,
        "name": "Ambientador Nenuco Aparato m\u00e1s Recambio AIR WICK",
        "price": 6.59,
        "price_kilo": 6.59,
        "slug": "ambientador-nenuco-aparato-mas-recambio",
        "description": "Ambientador Nenuco Aparato m\u00e1s Recambio 1 U",
        "image": "https:\/\/cdn-consum.aktiosdigitalservices.com\/tol\/consum\/media\/product\/img\/300x300\/7168792.jpg?t=20250313080149"
    },
    {
        "id": 12917,
        "name": "Spray Hielo PHARMADOCT",
        "price": 4.99,
        "price_kilo": 1.66,
        "slug": "spray-hielo",
        "description": "Spray Hielo 300 ml",
        "image": "https:\/\/cdn-consum.aktiosdigitalservices.com\/tol\/consum\/media\/product\/img\/300x300\/7174977.jpg?t=20241217081030"
    },
    {
        "id": 12921,
        "name": "Vino Blanco D.O.Somontano VI\u00d1AS D VERO",
        "price": 9.79,
        "price_kilo": 13.05,
        "slug": "vino-blanco-dosomontano",
        "description": "Vino Blanco D.O.Somontano 0,75 L",
        "image": "https:\/\/cdn-consum.aktiosdigitalservices.com\/tol\/consum\/media\/product\/img\/300x300\/7177314.jpg?t=20250311164550"
    },
    {
        "id": 12928,
        "name": "Salvaslip Maxiplus EVAX",
        "price": 3.19,
        "price_kilo": 0.11,
        "slug": "salvaslip-maxiplus",
        "description": "Salvaslip Maxiplus 30 U",
        "image": "https:\/\/cdn-consum.aktiosdigitalservices.com\/tol\/consum\/media\/product\/img\/300x300\/7181068.jpg?t=20250313080209"
    },
    {
        "id": 12931,
        "name": "Limpiador Microondas y Frigor\u00edficos CONSUM",
        "price": 1.99,
        "price_kilo": 3.98,
        "slug": "limpiador-microondas-y-frigorificos",
        "description": "Limpiador Microondas y Frigor\u00edficos 0,5 L",
        "image": "https:\/\/cdn-consum.aktiosdigitalservices.com\/tol\/consum\/media\/product\/img\/300x300\/7181464.jpg?t=20241217081032"
    },
    {
        "id": 12932,
        "name": "Cava Brut Pack 3 D.O.Cava ANNA CODORNI",
        "price": 9.95,
        "price_kilo": 16.58,
        "slug": "cava-brut-pack-3-docava",
        "description": "Cava Brut Pack 3 D.O.Cava 3 x 0,2 L",
        "image": "https:\/\/cdn-consum.aktiosdigitalservices.com\/tol\/consum\/media\/product\/img\/300x300\/7181902.jpg?t=20250311124346"
    },
    {
        "id": 12936,
        "name": "Colonia Femenina N\u00ba28 CARAVAN",
        "price": 10.95,
        "price_kilo": 7.3,
        "slug": "colonia-femenina-n28",
        "description": "Colonia Femenina N\u00ba28 150 ml",
        "image": "https:\/\/cdn-consum.aktiosdigitalservices.com\/tol\/consum\/media\/product\/img\/300x300\/7182244.jpg?t=20250311164551"
    },
    {
        "id": 12938,
        "name": "Colonia Femenina N\u00ba22 CARAVAN",
        "price": 10.95,
        "price_kilo": 7.3,
        "slug": "colonia-femenina-n22",
        "description": "Colonia Femenina N\u00ba22 150 ml",
        "image": "https:\/\/cdn-consum.aktiosdigitalservices.com\/tol\/consum\/media\/product\/img\/300x300\/7182256.jpg?t=20250312092750"
    },
    {
        "id": 12939,
        "name": "Colonia Femenina N\u00ba3 CARAVAN",
        "price": 10.95,
        "price_kilo": 7.3,
        "slug": "colonia-femenina-n3",
        "description": "Colonia Femenina N\u00ba3 150 ml",
        "image": "https:\/\/cdn-consum.aktiosdigitalservices.com\/tol\/consum\/media\/product\/img\/300x300\/7182264.jpg?t=20250311164551"
    },
    {
        "id": 12940,
        "name": "Colonia Femenina N\u00ba2 CARAVAN",
        "price": 10.95,
        "price_kilo": 7.3,
        "slug": "colonia-femenina-n2",
        "description": "Colonia Femenina N\u00ba2 150 ml",
        "image": "https:\/\/cdn-consum.aktiosdigitalservices.com\/tol\/consum\/media\/product\/img\/300x300\/7182269.jpg?t=20241217081032"
    },
    {
        "id": 12941,
        "name": "Colonia Femenina N\u00ba27 CARAVAN",
        "price": 10.95,
        "price_kilo": 7.3,
        "slug": "colonia-femenina-n27",
        "description": "Colonia Femenina N\u00ba27 150 ml",
        "image": "https:\/\/cdn-consum.aktiosdigitalservices.com\/tol\/consum\/media\/product\/img\/300x300\/7182272.jpg?t=20250311164551"
    },
    {
        "id": 12944,
        "name": "Colonia Masculina N\u00ba70 CARAVAN",
        "price": 10.95,
        "price_kilo": 7.3,
        "slug": "colonia-masculina-n70",
        "description": "Colonia Masculina N\u00ba70 150 ml",
        "image": "https:\/\/cdn-consum.aktiosdigitalservices.com\/tol\/consum\/media\/product\/img\/300x300\/7182319.jpg?t=20241217081032"
    },
    {
        "id": 12947,
        "name": "Guante Especial Lej\u00eda de Nitrilo Talla Peque\u00f1a CONSUM",
        "price": 1.95,
        "price_kilo": 1.95,
        "slug": "guante-especial-lejia-de-nitrilo-talla-pequena",
        "description": "Guante Especial Lej\u00eda de Nitrilo Talla Peque\u00f1a 1 U",
        "image": "https:\/\/cdn-consum.aktiosdigitalservices.com\/tol\/consum\/media\/product\/img\/300x300\/7182590.jpg?t=20241217081033"
    },
    {
        "id": 12948,
        "name": "Guante Especial Lej\u00eda de Nitrilo Talla Grande CONSUM",
        "price": 1.95,
        "price_kilo": 1.95,
        "slug": "guante-especial-lejia-de-nitrilo-talla-grande",
        "description": "Guante Especial Lej\u00eda de Nitrilo Talla Grande 1 U",
        "image": "https:\/\/cdn-consum.aktiosdigitalservices.com\/tol\/consum\/media\/product\/img\/300x300\/7182603.jpg?t=20241217081033"
    },
    {
        "id": 12958,
        "name": "Vinto Tinto Gran Reserva D.O.Rioja FAUSTINO I",
        "price": 16.99,
        "price_kilo": 22.65,
        "slug": "vinto-tinto-gran-reserva-dorioja",
        "description": "Vinto Tinto Gran Reserva D.O.Rioja 0,75 L",
        "image": "https:\/\/cdn-consum.aktiosdigitalservices.com\/tol\/consum\/media\/product\/img\/300x300\/7186708.jpg?t=20250227091207"
    },
    {
        "id": 12961,
        "name": "Vino Tinto Vendimia Oro D.O.Valencia J. DE JUANES",
        "price": 4.99,
        "price_kilo": 6.66,
        "slug": "vino-tinto-vendimia-oro-dovalencia",
        "description": "Vino Tinto Vendimia Oro D.O.Valencia 0,75 L",
        "image": "https:\/\/cdn-consum.aktiosdigitalservices.com\/tol\/consum\/media\/product\/img\/300x300\/7187354.jpg?t=20250227091212"
    },
    {
        "id": 12962,
        "name": "Vino Tinto Crianza D.O.Rioja DUQUE NARDOS",
        "price": 1.99,
        "price_kilo": 5.31,
        "slug": "vino-tinto-crianza-dorioja",
        "description": "Vino Tinto Crianza D.O.Rioja 375 ml",
        "image": "https:\/\/cdn-consum.aktiosdigitalservices.com\/tol\/consum\/media\/product\/img\/300x300\/7188212.jpg?t=20241217081035"
    },
    {
        "id": 12964,
        "name": "Ron Especial 7 A\u00f1os HAVANA CLUB",
        "price": 21,
        "price_kilo": 30,
        "slug": "ron-especial-7-anos",
        "description": "Ron Especial 7 A\u00f1os 0,7 L",
        "image": "https:\/\/cdn-consum.aktiosdigitalservices.com\/tol\/consum\/media\/product\/img\/300x300\/7188329.jpg?t=20250311164551"
    },
    {
        "id": 12967,
        "name": "Vino Tinto Reserva D.O.Rioja DUQUE NARDOS",
        "price": 4.2,
        "price_kilo": 5.6,
        "slug": "vino-tinto-reserva-dorioja",
        "description": "Vino Tinto Reserva D.O.Rioja 0,75 L",
        "image": "https:\/\/cdn-consum.aktiosdigitalservices.com\/tol\/consum\/media\/product\/img\/300x300\/7188998.jpg?t=20241217081035"
    },
    {
        "id": 12971,
        "name": "Panoja de Ma\u00edz Fresca Bandeja ",
        "price": 3.1,
        "price_kilo": 7.75,
        "slug": "panoja-de-maiz-fresca-bandeja",
        "description": "Panoja de Ma\u00edz Fresca Bandeja 400 Gr",
        "image": "https:\/\/cdn-consum.aktiosdigitalservices.com\/tol\/consum\/media\/product\/img\/300x300\/7189678.jpg?t=20250322075921"
    },
    {
        "id": 12972,
        "name": "Pimiento Picante Bandeja ",
        "price": 1.69,
        "price_kilo": 16.9,
        "slug": "pimiento-picante-bandeja",
        "description": "Pimiento Picante Bandeja 100 Gr",
        "image": "https:\/\/cdn-consum.aktiosdigitalservices.com\/tol\/consum\/media\/product\/img\/300x300\/7189900.jpg?t=20250312125305"
    },
    {
        "id": 12973,
        "name": "Recambio El\u00e9ctrico 3V Tatami Japon\u00e9s AMBIPUR",
        "price": 5.99,
        "price_kilo": 5.99,
        "slug": "recambio-electrico-3v-tatami-japones",
        "description": "Recambio El\u00e9ctrico 3V Tatami Japon\u00e9s 1 U",
        "image": "https:\/\/cdn-consum.aktiosdigitalservices.com\/tol\/consum\/media\/product\/img\/300x300\/7190390.jpg?t=20241217081036"
    },
    {
        "id": 12977,
        "name": "Vino Blanco D.O. Rioja FAUSTINO VII",
        "price": 1.69,
        "price_kilo": 9.04,
        "slug": "vino-blanco-do-rioja",
        "description": "Vino Blanco D.O. Rioja 0,18 L",
        "image": "https:\/\/cdn-consum.aktiosdigitalservices.com\/tol\/consum\/media\/product\/img\/300x300\/7193006.jpg?t=20250206091847"
    },
    {
        "id": 12985,
        "name": "Crema D\u00eda Q10 energy Vitamina C NIVEA",
        "price": 11.99,
        "price_kilo": 23.98,
        "slug": "crema-dia-q10-energy-vitamina-c",
        "description": "Crema D\u00eda Q10 energy Vitamina C 50 ml",
        "image": "https:\/\/cdn-consum.aktiosdigitalservices.com\/tol\/consum\/media\/product\/img\/300x300\/7195639.jpg?t=20250311164552"
    },
    {
        "id": 12991,
        "name": "Limpiador Fosa S\u00e9ptica en C\u00e1psulas WC NET",
        "price": 12.75,
        "price_kilo": 0.64,
        "slug": "limpiador-fosa-septica-en-capsulas",
        "description": "Limpiador Fosa S\u00e9ptica en C\u00e1psulas 20 U",
        "image": "https:\/\/cdn-consum.aktiosdigitalservices.com\/tol\/consum\/media\/product\/img\/300x300\/7196645.jpg?t=20241217081038"
    },
    {
        "id": 12992,
        "name": "Guacamole Picante Tarrina ",
        "price": 1.89,
        "price_kilo": 9.45,
        "slug": "guacamole-picante-tarrina",
        "description": "Guacamole Picante Tarrina 200 Gr",
        "image": "https:\/\/cdn-consum.aktiosdigitalservices.com\/tol\/consum\/media\/product\/img\/300x300\/7197064.jpg?t=20250127075832"
    },
    {
        "id": 12994,
        "name": "Colonia Femenina N\u00aa80 CARAVAN",
        "price": 10.95,
        "price_kilo": 7.3,
        "slug": "colonia-femenina-n80",
        "description": "Colonia Femenina N\u00aa80 150 ml",
        "image": "https:\/\/cdn-consum.aktiosdigitalservices.com\/tol\/consum\/media\/product\/img\/300x300\/7197361.jpg?t=20250311164554"
    },
    {
        "id": 12996,
        "name": "Pa\u00f1o Multiusos Para Gafas y Pantallas CONSUM",
        "price": 0.99,
        "price_kilo": 0.5,
        "slug": "pano-multiusos-para-gafas-y-pantallas",
        "description": "Pa\u00f1o Multiusos Para Gafas y Pantallas 2 U",
        "image": "https:\/\/cdn-consum.aktiosdigitalservices.com\/tol\/consum\/media\/product\/img\/300x300\/7197858.jpg?t=20241217081038"
    },
    {
        "id": 13004,
        "name": "Vino Dulce Pedro Ximene D.O.Montilla Moriles CRUZ CONDE",
        "price": 6,
        "price_kilo": 8,
        "slug": "vino-dulce-pedro-ximene-domontilla-moriles",
        "description": "Vino Dulce Pedro Ximene D.O.Montilla Moriles 0,75 L",
        "image": "https:\/\/cdn-consum.aktiosdigitalservices.com\/tol\/consum\/media\/product\/img\/300x300\/7201671.jpg?t=20241217081039"
    },
    {
        "id": 13006,
        "name": "Vino Fino Seco D.O.Montilla Moriles CRUZ CONDE",
        "price": 3.59,
        "price_kilo": 4.79,
        "slug": "vino-fino-seco-domontilla-moriles",
        "description": "Vino Fino Seco D.O.Montilla Moriles 0,75 L",
        "image": "https:\/\/cdn-consum.aktiosdigitalservices.com\/tol\/consum\/media\/product\/img\/300x300\/7201684.jpg?t=20241217081039"
    },
    {
        "id": 13007,
        "name": "Vino Cream Dulce CRUZ CONDE",
        "price": 4,
        "price_kilo": 5.33,
        "slug": "vino-cream-dulce",
        "description": "Vino Cream Dulce 0,75 L",
        "image": "https:\/\/cdn-consum.aktiosdigitalservices.com\/tol\/consum\/media\/product\/img\/300x300\/7201689.jpg?t=20241217081039"
    },
    {
        "id": 13010,
        "name": "Vino Tinto Ecol\u00f3gico D.O.El Terrerazo MESTIZAJE",
        "price": 10.79,
        "price_kilo": 14.39,
        "slug": "vino-tinto-ecologico-doel-terrerazo",
        "description": "Vino Tinto Ecol\u00f3gico D.O.El Terrerazo 0,75 L",
        "image": "https:\/\/cdn-consum.aktiosdigitalservices.com\/tol\/consum\/media\/product\/img\/300x300\/7204613.jpg?t=20250109095748"
    },
    {
        "id": 13014,
        "name": "Vino Tinto Reserva D.O.Ribera del Duero ALT.TAMARON",
        "price": 9.99,
        "price_kilo": 13.32,
        "slug": "vino-tinto-reserva-doribera-del-duero",
        "description": "Vino Tinto Reserva D.O.Ribera del Duero 0,75 L",
        "image": "https:\/\/cdn-consum.aktiosdigitalservices.com\/tol\/consum\/media\/product\/img\/300x300\/7205487.jpg?t=20250311164555"
    },
    {
        "id": 13015,
        "name": "Pila Recargable AA HR06 Blister 4 Unidades ENERGIZER",
        "price": 7.9,
        "price_kilo": 1.98,
        "slug": "pila-recargable-aa-hr06-blister-4-unidades",
        "description": "Pila Recargable AA HR06 Blister 4 Unidades 4 x 1 U",
        "image": "https:\/\/cdn-consum.aktiosdigitalservices.com\/tol\/consum\/media\/product\/img\/300x300\/7205503.jpg?t=20241217081040"
    },
    {
        "id": 13017,
        "name": "Lechuga Trocadero Peso Aproximado 300 gr ",
        "price": 1.89,
        "price_kilo": 6.3,
        "slug": "lechuga-trocadero-peso-aproximado-300-gr",
        "description": "Lechuga Trocadero Peso Aproximado 300 gr 0,3 Kg",
        "image": "https:\/\/cdn-consum.aktiosdigitalservices.com\/tol\/consum\/media\/product\/img\/300x300\/7206407.jpg?t=20250204080519"
    },
    {
        "id": 13026,
        "name": "Cava Semi Seco D.O.Cava DOMN.DUQUES",
        "price": 3.55,
        "price_kilo": 4.73,
        "slug": "cava-semi-seco-docava",
        "description": "Cava Semi Seco D.O.Cava 0,75 L",
        "image": "https:\/\/cdn-consum.aktiosdigitalservices.com\/tol\/consum\/media\/product\/img\/300x300\/7207418.jpg?t=20250318080110"
    },
    {
        "id": 13027,
        "name": "Duplo Rec Ambientador Fresh Matic Nenuco AIR WICK",
        "price": 10.99,
        "price_kilo": 5.5,
        "slug": "duplo-rec-ambientador-fresh-matic-nenuco",
        "description": "Duplo Rec Ambientador Fresh Matic Nenuco 2 x 1 U",
        "image": "https:\/\/cdn-consum.aktiosdigitalservices.com\/tol\/consum\/media\/product\/img\/300x300\/7207723.jpg?t=20250313080255"
    },
    {
        "id": 13031,
        "name": "Colonia Kids Blue SAPHIR",
        "price": 4.99,
        "price_kilo": 4.99,
        "slug": "colonia-kids-blue",
        "description": "Colonia Kids Blue 100 ml",
        "image": "https:\/\/cdn-consum.aktiosdigitalservices.com\/tol\/consum\/media\/product\/img\/300x300\/7208580.jpg?t=20241217081042"
    },
    {
        "id": 13032,
        "name": "Colonia Kids Pink SAPHIR",
        "price": 4.99,
        "price_kilo": 4.99,
        "slug": "colonia-kids-pink",
        "description": "Colonia Kids Pink 100 ml",
        "image": "https:\/\/cdn-consum.aktiosdigitalservices.com\/tol\/consum\/media\/product\/img\/300x300\/7208619.jpg?t=20250108081618"
    },
    {
        "id": 13033,
        "name": "Escarola Frisee Bandeja ",
        "price": 1.89,
        "price_kilo": 6.3,
        "slug": "escarola-frisee-bandeja",
        "description": "Escarola Frisee Bandeja 300 Gr",
        "image": "https:\/\/cdn-consum.aktiosdigitalservices.com\/tol\/consum\/media\/product\/img\/300x300\/7209018.jpg?t=20250204080527"
    },
    {
        "id": 13042,
        "name": "Vino Tinto Crianza D.O.Navarra VI\u00d1A LERDEN",
        "price": 2.99,
        "price_kilo": 3.99,
        "slug": "vino-tinto-crianza-donavarra",
        "description": "Vino Tinto Crianza D.O.Navarra 0,75 L",
        "image": "https:\/\/cdn-consum.aktiosdigitalservices.com\/tol\/consum\/media\/product\/img\/300x300\/7212231.jpg?t=20241217081043"
    },
    {
        "id": 13043,
        "name": "Estropajo de Acero Jabonoso GREEN NATURE",
        "price": 1.2,
        "price_kilo": 0.12,
        "slug": "estropajo-de-acero-jabonoso",
        "description": "Estropajo de Acero Jabonoso 10 U",
        "image": "https:\/\/cdn-consum.aktiosdigitalservices.com\/tol\/consum\/media\/product\/img\/300x300\/7212348.jpg?t=20250311164555"
    },
    {
        "id": 13049,
        "name": "Vino Blanco D.O.Valencia MURVIEDRO",
        "price": 4.39,
        "price_kilo": 5.85,
        "slug": "vino-blanco-dovalencia",
        "description": "Vino Blanco D.O.Valencia 0,75 L",
        "image": "https:\/\/cdn-consum.aktiosdigitalservices.com\/tol\/consum\/media\/product\/img\/300x300\/7214604.jpg?t=20250311124419"
    },
    {
        "id": 13058,
        "name": "Vino Tinto Roble D.O.Toro BAJOZ",
        "price": 4.39,
        "price_kilo": 5.85,
        "slug": "vino-tinto-roble-dotoro",
        "description": "Vino Tinto Roble D.O.Toro 0,75 L",
        "image": "https:\/\/cdn-consum.aktiosdigitalservices.com\/tol\/consum\/media\/product\/img\/300x300\/7218675.jpg?t=20250227091650"
    },
    {
        "id": 13059,
        "name": "Colonia Femenina N\u00ba37 CARAVAN",
        "price": 10.95,
        "price_kilo": 7.3,
        "slug": "colonia-femenina-n37",
        "description": "Colonia Femenina N\u00ba37 150 ml",
        "image": "https:\/\/cdn-consum.aktiosdigitalservices.com\/tol\/consum\/media\/product\/img\/300x300\/7219541.jpg?t=20250304115720"
    },
    {
        "id": 13068,
        "name": "Vino Tinto Shiraz D.O.Valencia ICONO",
        "price": 6.39,
        "price_kilo": 8.52,
        "slug": "vino-tinto-shiraz-dovalencia",
        "description": "Vino Tinto Shiraz D.O.Valencia 0,75 L",
        "image": "https:\/\/cdn-consum.aktiosdigitalservices.com\/tol\/consum\/media\/product\/img\/300x300\/7223209.jpg?t=20250109100137"
    },
    {
        "id": 13069,
        "name": "Colonia Corporal SPIDERMAN",
        "price": 5.99,
        "price_kilo": 3,
        "slug": "colonia-corporal",
        "description": "Colonia Corporal 200 ml",
        "image": "https:\/\/cdn-consum.aktiosdigitalservices.com\/tol\/consum\/media\/product\/img\/300x300\/7223295.jpg?t=20241217081047"
    },
    {
        "id": 13076,
        "name": "Colonia Femenina N\u00ba36 CARAVAN",
        "price": 10.95,
        "price_kilo": 7.3,
        "slug": "colonia-femenina-n36",
        "description": "Colonia Femenina N\u00ba36 150 ml",
        "image": "https:\/\/cdn-consum.aktiosdigitalservices.com\/tol\/consum\/media\/product\/img\/300x300\/7226272.jpg?t=20241217081049"
    },
    {
        "id": 13077,
        "name": "Colonia Femenina N\u00ba38 CARAVAN",
        "price": 10.95,
        "price_kilo": 7.3,
        "slug": "colonia-femenina-n38",
        "description": "Colonia Femenina N\u00ba38 150 ml",
        "image": "https:\/\/cdn-consum.aktiosdigitalservices.com\/tol\/consum\/media\/product\/img\/300x300\/7226277.jpg?t=20241217081049"
    },
    {
        "id": 13078,
        "name": "Colonia Masculina N\u00ba11 CARAVAN",
        "price": 10.95,
        "price_kilo": 7.3,
        "slug": "colonia-masculina-n11",
        "description": "Colonia Masculina N\u00ba11 150 ml",
        "image": "https:\/\/cdn-consum.aktiosdigitalservices.com\/tol\/consum\/media\/product\/img\/300x300\/7226280.jpg?t=20241217081049"
    },
    {
        "id": 13079,
        "name": "Colonia Masculina N\u00ba17 CARAVAN",
        "price": 10.95,
        "price_kilo": 7.3,
        "slug": "colonia-masculina-n17",
        "description": "Colonia Masculina N\u00ba17 150 ml",
        "image": "https:\/\/cdn-consum.aktiosdigitalservices.com\/tol\/consum\/media\/product\/img\/300x300\/7226298.jpg?t=20250311164556"
    },
    {
        "id": 13080,
        "name": "Colonia Masculina N\u00ba19 CARAVAN",
        "price": 10.95,
        "price_kilo": 7.3,
        "slug": "colonia-masculina-n19",
        "description": "Colonia Masculina N\u00ba19 150 ml",
        "image": "https:\/\/cdn-consum.aktiosdigitalservices.com\/tol\/consum\/media\/product\/img\/300x300\/7226301.jpg?t=20241217081049"
    },
    {
        "id": 13081,
        "name": "Colonia Masculina N\u00ba20 CARAVAN",
        "price": 10.95,
        "price_kilo": 7.3,
        "slug": "colonia-masculina-n20",
        "description": "Colonia Masculina N\u00ba20 150 ml",
        "image": "https:\/\/cdn-consum.aktiosdigitalservices.com\/tol\/consum\/media\/product\/img\/300x300\/7226306.jpg?t=20241217081049"
    },
    {
        "id": 13082,
        "name": "Colonia Masculina N\u00ba53 CARAVAN",
        "price": 10.95,
        "price_kilo": 7.3,
        "slug": "colonia-masculina-n53",
        "description": "Colonia Masculina N\u00ba53 150 ml",
        "image": "https:\/\/cdn-consum.aktiosdigitalservices.com\/tol\/consum\/media\/product\/img\/300x300\/7226319.jpg?t=20241217081049"
    },
    {
        "id": 13085,
        "name": "Recipiente Anti Humedad Aparato m\u00e1s Recambio LA LEVANTINA",
        "price": 3.15,
        "price_kilo": 3.15,
        "slug": "recipiente-anti-humedad-aparato-mas-recambio",
        "description": "Recipiente Anti Humedad Aparato m\u00e1s Recambio 1 U",
        "image": "https:\/\/cdn-consum.aktiosdigitalservices.com\/tol\/consum\/media\/product\/img\/300x300\/7228922.jpg?t=20241217081050"
    },
    {
        "id": 13086,
        "name": "Recambio Aparato Anti Humedad LA LEVANTINA",
        "price": 2,
        "price_kilo": 2,
        "slug": "recambio-aparato-anti-humedad",
        "description": "Recambio Aparato Anti Humedad 1 U",
        "image": "https:\/\/cdn-consum.aktiosdigitalservices.com\/tol\/consum\/media\/product\/img\/300x300\/7228927.jpg?t=20241217081050"
    },
    {
        "id": 13087,
        "name": "Recambio Anti Humedad LA LEVANTINA",
        "price": 5.89,
        "price_kilo": 1.96,
        "slug": "recambio-anti-humedad",
        "description": "Recambio Anti Humedad 3 U",
        "image": "https:\/\/cdn-consum.aktiosdigitalservices.com\/tol\/consum\/media\/product\/img\/300x300\/7228930.jpg?t=20241217081050"
    },
    {
        "id": 13088,
        "name": "Anti Humedad Micro Aparato m\u00e1s Recambio LA LEVANTINA",
        "price": 2.09,
        "price_kilo": 2.09,
        "slug": "anti-humedad-micro-aparato-mas-recambio",
        "description": "Anti Humedad Micro Aparato m\u00e1s Recambio 1 U",
        "image": "https:\/\/cdn-consum.aktiosdigitalservices.com\/tol\/consum\/media\/product\/img\/300x300\/7228943.jpg?t=20250311164558"
    },
    {
        "id": 13089,
        "name": "Absorbe Olores para el Frigor\u00edfico LA LEVANTINA",
        "price": 1.8,
        "price_kilo": 1.8,
        "slug": "absorbe-olores-para-el-frigorifico",
        "description": "Absorbe Olores para el Frigor\u00edfico 1 U",
        "image": "https:\/\/cdn-consum.aktiosdigitalservices.com\/tol\/consum\/media\/product\/img\/300x300\/7228950.jpg?t=20241217081050"
    },
    {
        "id": 13094,
        "name": "Cava Brut Nature D.O.Cava BISILA",
        "price": 5.49,
        "price_kilo": 7.32,
        "slug": "cava-brut-nature-docava",
        "description": "Cava Brut Nature D.O.Cava 0,75 L",
        "image": "https:\/\/cdn-consum.aktiosdigitalservices.com\/tol\/consum\/media\/product\/img\/300x300\/7231889.jpg?t=20250227091843"
    },
    {
        "id": 13095,
        "name": "Lechuga Hoja de Roble Peso Aproximado 250 gr ",
        "price": 1.69,
        "price_kilo": 6.76,
        "slug": "lechuga-hoja-de-roble-peso-aproximado-250-gr",
        "description": "Lechuga Hoja de Roble Peso Aproximado 250 gr 0,25 Kg",
        "image": "https:\/\/cdn-consum.aktiosdigitalservices.com\/tol\/consum\/media\/product\/img\/300x300\/7232028.jpg?t=20250204080611"
    },
    {
        "id": 13096,
        "name": "Fragolino B.MARTI",
        "price": 4.39,
        "price_kilo": 5.85,
        "slug": "fragolino",
        "description": "Fragolino 0,75 L",
        "image": "https:\/\/cdn-consum.aktiosdigitalservices.com\/tol\/consum\/media\/product\/img\/300x300\/7232429.jpg?t=20241217081052"
    },
    {
        "id": 13102,
        "name": "Ambientador Deluxe L\u00edquido Concentrado FORESAN",
        "price": 1.7,
        "price_kilo": 1.7,
        "slug": "ambientador-deluxe-liquido-concentrado",
        "description": "Ambientador Deluxe L\u00edquido Concentrado 1 U",
        "image": "https:\/\/cdn-consum.aktiosdigitalservices.com\/tol\/consum\/media\/product\/img\/300x300\/7236474.jpg?t=20241217081053"
    },
    {
        "id": 13104,
        "name": "Recambio WC Discos Act Marino Pack 2 Unidades PATO",
        "price": 5.59,
        "price_kilo": 2.8,
        "slug": "recambio-wc-discos-act-marino-pack-2-unidades",
        "description": "Recambio WC Discos Act Marino Pack 2 Unidades 2 U",
        "image": "https:\/\/cdn-consum.aktiosdigitalservices.com\/tol\/consum\/media\/product\/img\/300x300\/7237329.jpg?t=20241217081054"
    },
    {
        "id": 13145,
        "name": "Escoba de Interior DuActiva VILEDA",
        "price": 7.99,
        "price_kilo": 7.99,
        "slug": "escoba-de-interior-duactiva",
        "description": "Escoba de Interior DuActiva 1 U",
        "image": "https:\/\/cdn-consum.aktiosdigitalservices.com\/tol\/consum\/media\/product\/img\/300x300\/7249001.jpg?t=20241224080937"
    },
    {
        "id": 13150,
        "name": "Colonia Masculina N\u00ba16 Mini CARAVAN",
        "price": 3.5,
        "price_kilo": 11.67,
        "slug": "colonia-masculina-n16-mini",
        "description": "Colonia Masculina N\u00ba16 Mini 30 ml",
        "image": "https:\/\/cdn-consum.aktiosdigitalservices.com\/tol\/consum\/media\/product\/img\/300x300\/7249282.jpg?t=20241217081059"
    },
    {
        "id": 13151,
        "name": "Colonia Masculina N\u00ba18 Mini CARAVAN",
        "price": 3.5,
        "price_kilo": 11.67,
        "slug": "colonia-masculina-n18-mini",
        "description": "Colonia Masculina N\u00ba18 Mini 30 ml",
        "image": "https:\/\/cdn-consum.aktiosdigitalservices.com\/tol\/consum\/media\/product\/img\/300x300\/7249287.jpg?t=20241217081059"
    },
    {
        "id": 13161,
        "name": "Colonia Masculina Clandestine PACHA IBIZA",
        "price": 7.95,
        "price_kilo": 15.9,
        "slug": "colonia-masculina-clandestine",
        "description": "Colonia Masculina Clandestine 50 ml",
        "image": "https:\/\/cdn-consum.aktiosdigitalservices.com\/tol\/consum\/media\/product\/img\/300x300\/7250553.jpg?t=20241217081059"
    },
    {
        "id": 13162,
        "name": "Col\u00f2nia Femenina Clandestine PACHA IBIZA",
        "price": 7.95,
        "price_kilo": 15.9,
        "slug": "colonia-femenina-clandestine",
        "description": "Col\u00f2nia Femenina Clandestine 50 ml",
        "image": "https:\/\/cdn-consum.aktiosdigitalservices.com\/tol\/consum\/media\/product\/img\/300x300\/7250558.jpg?t=20241217081059"
    },
    {
        "id": 13163,
        "name": "Cebolla Francesa Malla ",
        "price": 1.49,
        "price_kilo": 2.98,
        "slug": "cebolla-francesa-malla",
        "description": "Cebolla Francesa Malla 500 Gr",
        "image": "https:\/\/cdn-consum.aktiosdigitalservices.com\/tol\/consum\/media\/product\/img\/300x300\/7250637.jpg?t=20250121080331"
    },
    {
        "id": 13171,
        "name": "Cebolla Blanca Malla ",
        "price": 1.59,
        "price_kilo": 3.18,
        "slug": "cebolla-blanca-malla",
        "description": "Cebolla Blanca Malla 500 Gr",
        "image": "https:\/\/cdn-consum.aktiosdigitalservices.com\/tol\/consum\/media\/product\/img\/300x300\/7251705.jpg?t=20250204080738"
    },
    {
        "id": 13172,
        "name": "Tiras Nasales PHARMADOCT",
        "price": 3.15,
        "price_kilo": 0.32,
        "slug": "tiras-nasales",
        "description": "Tiras Nasales 10 U",
        "image": "https:\/\/cdn-consum.aktiosdigitalservices.com\/tol\/consum\/media\/product\/img\/300x300\/7251841.jpg?t=20250311164600"
    },
    {
        "id": 13174,
        "name": "Tijeras Nariz y Orejas Punta Redondeada BETER",
        "price": 4.99,
        "price_kilo": 4.99,
        "slug": "tijeras-nariz-y-orejas-punta-redondeada",
        "description": "Tijeras Nariz y Orejas Punta Redondeada 1 U",
        "image": "https:\/\/cdn-consum.aktiosdigitalservices.com\/tol\/consum\/media\/product\/img\/300x300\/7252760.jpg?t=20250311164600"
    },
    {
        "id": 13189,
        "name": "Cava Brut Nature Reserv D.O.Cava D.DE LA VEGA",
        "price": 9.75,
        "price_kilo": 13,
        "slug": "cava-brut-nature-reserv-docava",
        "description": "Cava Brut Nature Reserv D.O.Cava 0,75 L",
        "image": "https:\/\/cdn-consum.aktiosdigitalservices.com\/tol\/consum\/media\/product\/img\/300x300\/7255318.jpg?t=20250311164600"
    },
    {
        "id": 13208,
        "name": "Guante Satinado Sensible L\u00e1tex TPeque\u00f1a CONSUM",
        "price": 0.75,
        "price_kilo": 0.75,
        "slug": "guante-satinado-sensible-latex-tpequena",
        "description": "Guante Satinado Sensible L\u00e1tex TPeque\u00f1a 1 U",
        "image": "https:\/\/cdn-consum.aktiosdigitalservices.com\/tol\/consum\/media\/product\/img\/300x300\/7258747.jpg?t=20241217081103"
    },
    {
        "id": 13212,
        "name": "Vino Rosado D.O.Rioja EL COTO",
        "price": 4.35,
        "price_kilo": 5.8,
        "slug": "vino-rosado-dorioja",
        "description": "Vino Rosado D.O.Rioja 0,75 L",
        "image": "https:\/\/cdn-consum.aktiosdigitalservices.com\/tol\/consum\/media\/product\/img\/300x300\/7260706.jpg?t=20250311164600"
    },
    {
        "id": 13223,
        "name": "Colonia Colors Indigo Men NIKE",
        "price": 9.99,
        "price_kilo": 9.99,
        "slug": "colonia-colors-indigo-men",
        "description": "Colonia Colors Indigo Men 100 ml",
        "image": "https:\/\/cdn-consum.aktiosdigitalservices.com\/tol\/consum\/media\/product\/img\/300x300\/7261324.jpg?t=20241217081105"
    },
    {
        "id": 13234,
        "name": "Ambientador Instant\u00e1neo Pulverizador Brisa ASEVI",
        "price": 2.39,
        "price_kilo": 0.6,
        "slug": "ambientador-instantaneo-pulverizador-brisa",
        "description": "Ambientador Instant\u00e1neo Pulverizador Brisa 400 ml",
        "image": "https:\/\/cdn-consum.aktiosdigitalservices.com\/tol\/consum\/media\/product\/img\/300x300\/7262251.jpg?t=20250206092821"
    },
    {
        "id": 13241,
        "name": "Vino Blanco con Barrica D.O.Utiel-Requena P.DE THARSYS",
        "price": 4.59,
        "price_kilo": 6.12,
        "slug": "vino-blanco-con-barrica-doutiel-requena",
        "description": "Vino Blanco con Barrica D.O.Utiel-Requena 0,75 L",
        "image": "https:\/\/cdn-consum.aktiosdigitalservices.com\/tol\/consum\/media\/product\/img\/300x300\/7263304.jpg?t=20250311164600"
    },
    {
        "id": 13247,
        "name": "Vino Tinto Reserva D.O.Valdepe\u00f1as VI\u00d1A ALBALI",
        "price": 2.85,
        "price_kilo": 7.6,
        "slug": "vino-tinto-reserva-dovaldepenas",
        "description": "Vino Tinto Reserva D.O.Valdepe\u00f1as 0,37 L",
        "image": "https:\/\/cdn-consum.aktiosdigitalservices.com\/tol\/consum\/media\/product\/img\/300x300\/7263882.jpg?t=20241217081106"
    },
    {
        "id": 13249,
        "name": "Reparador Muebles PRONTO",
        "price": 5.99,
        "price_kilo": 59.9,
        "slug": "reparador-muebles",
        "description": "Reparador Muebles 0,1 L",
        "image": "https:\/\/cdn-consum.aktiosdigitalservices.com\/tol\/consum\/media\/product\/img\/300x300\/7264211.jpg?t=20250218081354"
    },
    {
        "id": 13251,
        "name": "Vino Tinto Crianza D.O.Rioja RAMON BILBAO",
        "price": 10.15,
        "price_kilo": 13.53,
        "slug": "vino-tinto-crianza-dorioja",
        "description": "Vino Tinto Crianza D.O.Rioja 0,75 L",
        "image": "https:\/\/cdn-consum.aktiosdigitalservices.com\/tol\/consum\/media\/product\/img\/300x300\/7264476.jpg?t=20250304111300"
    },
    {
        "id": 13253,
        "name": "Vino Tinto Ecol\u00f3gico D.O.Alicante EKO",
        "price": 4.39,
        "price_kilo": 5.85,
        "slug": "vino-tinto-ecologico-doalicante",
        "description": "Vino Tinto Ecol\u00f3gico D.O.Alicante 0,75 L",
        "image": "https:\/\/cdn-consum.aktiosdigitalservices.com\/tol\/consum\/media\/product\/img\/300x300\/7264489.jpg?t=20250227092325"
    },
    {
        "id": 13266,
        "name": "Vino Rosado P\u00e1lido D.O.Valencia J. DE JUANES",
        "price": 3.39,
        "price_kilo": 4.52,
        "slug": "vino-rosado-palido-dovalencia",
        "description": "Vino Rosado P\u00e1lido D.O.Valencia 0,75 L",
        "image": "https:\/\/cdn-consum.aktiosdigitalservices.com\/tol\/consum\/media\/product\/img\/300x300\/7268154.jpg?t=20241217081108"
    },
    {
        "id": 13267,
        "name": "Tomate Cherry Sugar Drop ",
        "price": 2.45,
        "price_kilo": 9.8,
        "slug": "tomate-cherry-sugar-drop",
        "description": "Tomate Cherry Sugar Drop 250 Gr",
        "image": "https:\/\/cdn-consum.aktiosdigitalservices.com\/tol\/consum\/media\/product\/img\/300x300\/7268209.jpg?t=20250204080840"
    },
    {
        "id": 13274,
        "name": "B\u00e1lsamo Oriental TECSANIA",
        "price": 2.99,
        "price_kilo": 9.97,
        "slug": "balsamo-oriental",
        "description": "B\u00e1lsamo Oriental 30 Gr",
        "image": "https:\/\/cdn-consum.aktiosdigitalservices.com\/tol\/consum\/media\/product\/img\/300x300\/7269678.jpg?t=20250213080044"
    },
    {
        "id": 13284,
        "name": "Vino Blanco Albari\u00f1o D.O.R\u00edas Baixas MARTIN CODAX",
        "price": 14.5,
        "price_kilo": 19.33,
        "slug": "vino-blanco-albarino-dorias-baixas",
        "description": "Vino Blanco Albari\u00f1o D.O.R\u00edas Baixas 0,75 L",
        "image": "https:\/\/cdn-consum.aktiosdigitalservices.com\/tol\/consum\/media\/product\/img\/300x300\/7272243.jpg?t=20250109101215"
    },
    {
        "id": 13294,
        "name": "Sidra Natural Asturiana GOBERNADOR",
        "price": 2.29,
        "price_kilo": 3.27,
        "slug": "sidra-natural-asturiana",
        "description": "Sidra Natural Asturiana 0,7 L",
        "image": "https:\/\/cdn-consum.aktiosdigitalservices.com\/tol\/consum\/media\/product\/img\/300x300\/7273246.jpg?t=20250130075956"
    },
    {
        "id": 13300,
        "name": "An\u00eds Verde Matalauva Tarro DUCROS",
        "price": 2.59,
        "price_kilo": 7,
        "slug": "anis-verde-matalauva-tarro",
        "description": "An\u00eds Verde Matalauva Tarro 37 Gr",
        "image": "https:\/\/cdn-consum.aktiosdigitalservices.com\/tol\/consum\/media\/product\/img\/300x300\/7273787.jpg?t=20250206093008"
    },
    {
        "id": 13301,
        "name": "U\u00f1as Postizas PONETTE",
        "price": 4.69,
        "price_kilo": 4.69,
        "slug": "unas-postizas",
        "description": "U\u00f1as Postizas 1 U",
        "image": "https:\/\/cdn-consum.aktiosdigitalservices.com\/tol\/consum\/media\/product\/img\/300x300\/7273894.jpg?t=20250311164601"
    },
    {
        "id": 13313,
        "name": "Dorada Crianza de Espa\u00f1a ",
        "price": 4.38,
        "price_kilo": 8.75,
        "slug": "dorada-crianza-de-espana",
        "description": "Dorada Crianza de Espa\u00f1a - Pieza de 500 gr. aprox.",
        "image": "https:\/\/cdn-consum.aktiosdigitalservices.com\/tol\/consum\/media\/product\/img\/300x300\/2174969.jpg?t=20250318075826"
    },
    {
        "id": 13315,
        "name": "Mortadela de Pavo ELPOZO",
        "price": 10.5,
        "price_kilo": 10.5,
        "slug": "mortadela-de-pavo",
        "description": "Mortadela de Pavo",
        "image": "https:\/\/cdn-consum.aktiosdigitalservices.com\/tol\/consum\/media\/product\/img\/300x300\/7020675.jpg?t=20241217081001"
    },
    {
        "id": 13335,
        "name": "Zanahoria Baby FLORETTE",
        "price": 1.19,
        "price_kilo": 9.52,
        "slug": "zanahoria-baby",
        "description": "Zanahoria Baby 125 Gr",
        "image": "https:\/\/cdn-consum.aktiosdigitalservices.com\/tol\/consum\/media\/product\/img\/300x300\/7246945.jpg?t=20250121080326"
    },
    {
        "id": 13339,
        "name": "Refresco Naranja Cero sin Gas Botella CONSUM",
        "price": 1.2,
        "price_kilo": 0.8,
        "slug": "refresco-naranja-cero-sin-gas-botella",
        "description": "Refresco Naranja Cero sin Gas Botella 1,5 L",
        "image": "https:\/\/cdn-consum.aktiosdigitalservices.com\/tol\/consum\/media\/product\/img\/300x300\/7260156.jpg?t=20250220080411"
    },
    {
        "id": 13342,
        "name": "Aceite de Oliva Virgen Botella CONSUM",
        "price": 4.95,
        "price_kilo": 4.95,
        "slug": "aceite-de-oliva-virgen-botella",
        "description": "Aceite de Oliva Virgen Botella 1 L",
        "image": "https:\/\/cdn-consum.aktiosdigitalservices.com\/tol\/consum\/media\/product\/img\/300x300\/7265671.jpg?t=20250311105819"
    },
    {
        "id": 13352,
        "name": "Porci\u00f3n de Salm\u00f3n Noruego ",
        "price": 4.49,
        "price_kilo": 22.45,
        "slug": "porcion-de-salmon-noruego",
        "description": "Porci\u00f3n de Salm\u00f3n Noruego - Pieza 200 g aprox.",
        "image": "https:\/\/cdn-consum.aktiosdigitalservices.com\/tol\/consum\/media\/product\/img\/300x300\/142752.jpg?t=20250318075706"
    },
    {
        "id": 13354,
        "name": "Trucha ArcoIris Salmonada ",
        "price": 3.18,
        "price_kilo": 7.95,
        "slug": "trucha-arcoiris-salmonada",
        "description": "Trucha ArcoIris Salmonada",
        "image": "https:\/\/cdn-consum.aktiosdigitalservices.com\/tol\/consum\/media\/product\/img\/300x300\/511782.jpg?t=20250318075731"
    },
    {
        "id": 13355,
        "name": "Langostino Cocido ",
        "price": 11.5,
        "price_kilo": 11.5,
        "slug": "langostino-cocido",
        "description": "Langostino Cocido mediano",
        "image": "https:\/\/cdn-consum.aktiosdigitalservices.com\/tol\/consum\/media\/product\/img\/300x300\/511832.jpg?t=20250318075733"
    },
    {
        "id": 13356,
        "name": "Pat\u00e9 a la Pimienta Pasteurizado LA CUINA",
        "price": 12.5,
        "price_kilo": 12.5,
        "slug": "pate-a-la-pimienta-pasteurizado",
        "description": "Pat\u00e9 a la Pimienta Pasteurizado",
        "image": "https:\/\/cdn-consum.aktiosdigitalservices.com\/tol\/consum\/media\/product\/img\/300x300\/695643.jpg?t=20250218081333"
    },
    {
        "id": 13357,
        "name": "Choricitos ",
        "price": 0.14,
        "price_kilo": 9.55,
        "slug": "choricitos",
        "description": "Choricitos",
        "image": "https:\/\/cdn-consum.aktiosdigitalservices.com\/tol\/consum\/media\/product\/img\/300x300\/927517.jpg?t=20250322075718"
    },
    {
        "id": 13358,
        "name": "Solomillo de Cerdo ",
        "price": 3.52,
        "price_kilo": 8.8,
        "slug": "solomillo-de-cerdo",
        "description": "Solomillo de Cerdo",
        "image": "https:\/\/cdn-consum.aktiosdigitalservices.com\/tol\/consum\/media\/product\/img\/300x300\/1454024.jpg?t=20250322075735"
    },
    {
        "id": 13359,
        "name": "Calamar Extra . ",
        "price": 1.79,
        "price_kilo": 11.95,
        "slug": "calamar-extra-",
        "description": "Calamar Extra - Pieza de 150 gr. aproximadamente",
        "image": "https:\/\/cdn-consum.aktiosdigitalservices.com\/tol\/consum\/media\/product\/img\/300x300\/1773928.jpg?t=20250318075819"
    },
    {
        "id": 13363,
        "name": "Lubina Crianza de Espa\u00f1a ",
        "price": 4.73,
        "price_kilo": 9.45,
        "slug": "lubina-crianza-de-espana",
        "description": "Lubina Crianza de Espa\u00f1a - Pieza de 500 gr. aprox.",
        "image": "https:\/\/cdn-consum.aktiosdigitalservices.com\/tol\/consum\/media\/product\/img\/300x300\/7010650.jpg?t=20250318075901"
    },
    {
        "id": 13366,
        "name": "Salami Extra ARGAL",
        "price": 12.5,
        "price_kilo": 12.5,
        "slug": "salami-extra",
        "description": "Salami Extra",
        "image": "https:\/\/cdn-consum.aktiosdigitalservices.com\/tol\/consum\/media\/product\/img\/300x300\/7110976.jpg?t=20250322075845"
    },
    {
        "id": 13367,
        "name": "Pat\u00e9 de Campa\u00f1a Pasteurizado CHIPALI",
        "price": 10.9,
        "price_kilo": 10.9,
        "slug": "pate-de-campana-pasteurizado",
        "description": "Pat\u00e9 de Campa\u00f1a Pasteurizado",
        "image": "https:\/\/cdn-consum.aktiosdigitalservices.com\/tol\/consum\/media\/product\/img\/300x300\/7154123.jpg?t=20250319075816"
    },
    {
        "id": 13375,
        "name": "Alas de Pollo ",
        "price": 0.52,
        "price_kilo": 4.7,
        "slug": "alas-de-pollo",
        "description": "Alas de Pollo",
        "image": "https:\/\/cdn-consum.aktiosdigitalservices.com\/tol\/consum\/media\/product\/img\/300x300\/107383.jpg?t=20250322075652"
    },
    {
        "id": 13380,
        "name": "Queso Bavaria Blue Leche Vaca Pasteurizada BERGADER",
        "price": 20.29,
        "price_kilo": 20.29,
        "slug": "queso-bavaria-blue-leche-vaca-pasteurizada",
        "description": "Queso Bavaria Blue Leche Vaca Pasteurizada",
        "image": "https:\/\/cdn-consum.aktiosdigitalservices.com\/tol\/consum\/media\/product\/img\/300x300\/219113.jpg?t=20250321075624"
    },
    {
        "id": 13381,
        "name": "Queso Oveja Leche Crud Cura. 7 Meses  Valladolid FLOR ESGUEVA",
        "price": 26.95,
        "price_kilo": 26.95,
        "slug": "queso-oveja-leche-crud-cura-7-meses-valladolid",
        "description": "Queso Oveja Leche Crud Cura. 7 Meses  Valladolid",
        "image": "https:\/\/cdn-consum.aktiosdigitalservices.com\/tol\/consum\/media\/product\/img\/300x300\/220681.jpg?t=20250319075622"
    },
    {
        "id": 13382,
        "name": "Queso Mezcla Curado 5 Meses L. Pasteurizada GRAN CAPITAN",
        "price": 22.1,
        "price_kilo": 22.1,
        "slug": "queso-mezcla-curado-5-meses-l-pasteurizada",
        "description": "Queso Mezcla Curado 5 Meses L. Pasteurizada",
        "image": "https:\/\/cdn-consum.aktiosdigitalservices.com\/tol\/consum\/media\/product\/img\/300x300\/234633.jpg?t=20250319075625"
    },
    {
        "id": 13384,
        "name": "Queso Mezcla Barra Tierno L. Pasteurizada EL VENTERO",
        "price": 17.08,
        "price_kilo": 17.08,
        "slug": "queso-mezcla-barra-tierno-l-pasteurizada",
        "description": "Queso Mezcla Barra Tierno L. Pasteurizada",
        "image": "https:\/\/cdn-consum.aktiosdigitalservices.com\/tol\/consum\/media\/product\/img\/300x300\/700971.jpg?t=20250321075640"
    },
    {
        "id": 13385,
        "name": "Queso Fresco Servilleta Leche Pasteurizada GRANJA RINYA",
        "price": 12.68,
        "price_kilo": 12.68,
        "slug": "queso-fresco-servilleta-leche-pasteurizada",
        "description": "Queso Fresco Servilleta Leche Pasteurizada",
        "image": "https:\/\/cdn-consum.aktiosdigitalservices.com\/tol\/consum\/media\/product\/img\/300x300\/811240.jpg?t=20250322075712"
    },
    {
        "id": 13389,
        "name": "Chorizo Tipo de Pueblo ",
        "price": 0.41,
        "price_kilo": 8.19,
        "slug": "chorizo-tipo-de-pueblo",
        "description": "Chorizo Tipo de Pueblo",
        "image": "https:\/\/cdn-consum.aktiosdigitalservices.com\/tol\/consum\/media\/product\/img\/300x300\/1717271.jpg?t=20250322075739"
    },
    {
        "id": 13390,
        "name": "Morcilla de Cebolla Oreada ",
        "price": 0.46,
        "price_kilo": 6.89,
        "slug": "morcilla-de-cebolla-oreada",
        "description": "Morcilla de Cebolla Oreada",
        "image": "https:\/\/cdn-consum.aktiosdigitalservices.com\/tol\/consum\/media\/product\/img\/300x300\/1717420.jpg?t=20250322075740"
    },
    {
        "id": 13402,
        "name": "Longaniza de Pay\u00e9s ARGAL",
        "price": 22.95,
        "price_kilo": 22.95,
        "slug": "longaniza-de-payes",
        "description": "media pieza 250 gr aprox.",
        "image": "https:\/\/cdn-consum.aktiosdigitalservices.com\/tol\/consum\/media\/product\/img\/300x300\/4481834.jpg?t=20250322075753"
    },
    {
        "id": 13405,
        "name": "Conejo ",
        "price": 9.17,
        "price_kilo": 8.25,
        "slug": "conejo",
        "description": "Conejo",
        "image": "https:\/\/cdn-consum.aktiosdigitalservices.com\/tol\/consum\/media\/product\/img\/300x300\/5859434.jpg?t=20250322075801"
    },
    {
        "id": 13406,
        "name": "Mortadela Estilo Italiano O.MAYER",
        "price": 12.99,
        "price_kilo": 12.99,
        "slug": "mortadela-estilo-italiano",
        "description": "Mortadela Estilo Italiano",
        "image": "https:\/\/cdn-consum.aktiosdigitalservices.com\/tol\/consum\/media\/product\/img\/300x300\/7001019.jpg?t=20250321075733"
    },
    {
        "id": 13407,
        "name": "Chorizo Extra Vela Dulce GOIKOA",
        "price": 13.9,
        "price_kilo": 13.9,
        "slug": "chorizo-extra-vela-dulce",
        "description": "Chorizo Extra Vela Dulce",
        "image": "https:\/\/cdn-consum.aktiosdigitalservices.com\/tol\/consum\/media\/product\/img\/300x300\/7002140.jpg?t=20250322075805"
    },
    {
        "id": 13408,
        "name": "Salchich\u00f3n Ib\u00e9rico de Bellota MONTARAZ",
        "price": 36.5,
        "price_kilo": 36.5,
        "slug": "salchichon-iberico-de-bellota",
        "description": "Salchich\u00f3n Ib\u00e9rico de Bellota",
        "image": "https:\/\/cdn-consum.aktiosdigitalservices.com\/tol\/consum\/media\/product\/img\/300x300\/7002769.jpg?t=20250315075701"
    },
    {
        "id": 13409,
        "name": "Queso Cabra Semicurado Leche Pasteurizada CARMEN",
        "price": 20.7,
        "price_kilo": 20.7,
        "slug": "queso-cabra-semicurado-leche-pasteurizada",
        "description": "Queso Cabra Semicurado Leche Pasteurizada",
        "image": "https:\/\/cdn-consum.aktiosdigitalservices.com\/tol\/consum\/media\/product\/img\/300x300\/7003965.jpg?t=20250319075736"
    },
    {
        "id": 13411,
        "name": "Rulo Mousse de Pato LA CUINA",
        "price": 17.5,
        "price_kilo": 17.5,
        "slug": "rulo-mousse-de-pato",
        "description": "Rulo Mousse de Pato",
        "image": "https:\/\/cdn-consum.aktiosdigitalservices.com\/tol\/consum\/media\/product\/img\/300x300\/7020803.jpg?t=20250109093903"
    },
    {
        "id": 13412,
        "name": "Jam\u00f3n Reserva 12 Mes Peso Aproximado 7-8 K NAVIDUL",
        "price": 86,
        "price_kilo": 12.29,
        "slug": "jamon-reserva-12-mes-peso-aproximado-7-8-k",
        "description": "Jam\u00f3n Reserva 12 Mes Peso Aproximado 7-8 K 7 Kg",
        "image": "https:\/\/cdn-consum.aktiosdigitalservices.com\/tol\/consum\/media\/product\/img\/300x300\/7021608.jpg?t=20250318080932"
    },
    {
        "id": 13414,
        "name": "Pera Rocha ",
        "price": 0.4,
        "price_kilo": 2.79,
        "slug": "pera-rocha",
        "description": "Pera Rocha",
        "image": "https:\/\/cdn-consum.aktiosdigitalservices.com\/tol\/consum\/media\/product\/img\/300x300\/7038946.jpg?t=20250322075808"
    },
    {
        "id": 13419,
        "name": "Chorizo Tradici\u00f3n REVILLA",
        "price": 15.9,
        "price_kilo": 15.9,
        "slug": "chorizo-tradicion",
        "description": "Chorizo Tradici\u00f3n",
        "image": "https:\/\/cdn-consum.aktiosdigitalservices.com\/tol\/consum\/media\/product\/img\/300x300\/7059418.jpg?t=20250322075823"
    },
    {
        "id": 13425,
        "name": "Q.Hushall Light 17% Gras Leche Vaca Pasteurizada ARLA",
        "price": 13.9,
        "price_kilo": 13.9,
        "slug": "qhushall-light-17-gras-leche-vaca-pasteurizada",
        "description": "Q.Hushall Light 17% Gras Leche Vaca Pasteurizada",
        "image": "https:\/\/cdn-consum.aktiosdigitalservices.com\/tol\/consum\/media\/product\/img\/300x300\/7065592.jpg?t=20250319075755"
    },
    {
        "id": 13427,
        "name": "Q Parmigiano Reggiano D.O.P. L.Cruda de Vaca FERRARINI",
        "price": 29.9,
        "price_kilo": 29.9,
        "slug": "q-parmigiano-reggiano-dop-lcruda-de-vaca",
        "description": "Q Parmigiano Reggiano D.O.P. L.Cruda de Vaca",
        "image": "https:\/\/cdn-consum.aktiosdigitalservices.com\/tol\/consum\/media\/product\/img\/300x300\/7069917.jpg?t=20250313080022"
    },
    {
        "id": 13429,
        "name": "Queso Brie Franc\u00e9s Leche Vaca Pasteurizada ENTREMONT",
        "price": 15.11,
        "price_kilo": 15.11,
        "slug": "queso-brie-frances-leche-vaca-pasteurizada",
        "description": "Queso Brie Franc\u00e9s Leche Vaca Pasteurizada",
        "image": "https:\/\/cdn-consum.aktiosdigitalservices.com\/tol\/consum\/media\/product\/img\/300x300\/7072460.jpg?t=20250322075826"
    },
    {
        "id": 13432,
        "name": "Mortadela Ib\u00e9rica LEGADO",
        "price": 9.89,
        "price_kilo": 9.89,
        "slug": "mortadela-iberica",
        "description": "Mortadela Ib\u00e9rica",
        "image": "https:\/\/cdn-consum.aktiosdigitalservices.com\/tol\/consum\/media\/product\/img\/300x300\/7082332.jpg?t=20250218080041"
    },
    {
        "id": 13436,
        "name": "Salchich\u00f3n Cular SOL\u00c0",
        "price": 16,
        "price_kilo": 16,
        "slug": "salchichon-cular",
        "description": "Salchich\u00f3n Cular",
        "image": "https:\/\/cdn-consum.aktiosdigitalservices.com\/tol\/consum\/media\/product\/img\/300x300\/7092240.jpg?t=20250322075838"
    },
    {
        "id": 13438,
        "name": "Q. Gruy\u00e8re Suizo D.O.P Leche Cruda de Vaca SUIZA",
        "price": 31.1,
        "price_kilo": 31.1,
        "slug": "q-gruyere-suizo-dop-leche-cruda-de-vaca",
        "description": "Q. Gruy\u00e8re Suizo D.O.P Leche Cruda de Vaca",
        "image": "https:\/\/cdn-consum.aktiosdigitalservices.com\/tol\/consum\/media\/product\/img\/300x300\/7097715.jpg?t=20250321075751"
    },
    {
        "id": 13445,
        "name": "Queso Cabra Tierno Leche Pasteurizada G.BAQUERO",
        "price": 21.9,
        "price_kilo": 21.9,
        "slug": "queso-cabra-tierno-leche-pasteurizada",
        "description": "Queso Cabra Tierno Leche Pasteurizada",
        "image": "https:\/\/cdn-consum.aktiosdigitalservices.com\/tol\/consum\/media\/product\/img\/300x300\/7134315.jpg?t=20250311104559"
    },
    {
        "id": 13446,
        "name": "Queso Oveja Reserva Leche Cruda 8 Meses BOFFARD",
        "price": 23.75,
        "price_kilo": 23.75,
        "slug": "queso-oveja-reserva-leche-cruda-8-meses",
        "description": "Queso Oveja Reserva Leche Cruda 8 Meses",
        "image": "https:\/\/cdn-consum.aktiosdigitalservices.com\/tol\/consum\/media\/product\/img\/300x300\/7135213.jpg?t=20250320075833"
    },
    {
        "id": 13447,
        "name": "Queso Oveja Semicurado Leche Pasteurizada CARMEN",
        "price": 18.2,
        "price_kilo": 18.2,
        "slug": "queso-oveja-semicurado-leche-pasteurizada",
        "description": "Queso Oveja Semicurado Leche Pasteurizada",
        "image": "https:\/\/cdn-consum.aktiosdigitalservices.com\/tol\/consum\/media\/product\/img\/300x300\/7141927.jpg?t=20250319075808"
    },
    {
        "id": 13448,
        "name": "Queso Mezcla Barra Tierno L. Pasteurizada CARMEN",
        "price": 14.9,
        "price_kilo": 14.9,
        "slug": "queso-mezcla-barra-tierno-l-pasteurizada",
        "description": "Queso Mezcla Barra Tierno L. Pasteurizada",
        "image": "https:\/\/cdn-consum.aktiosdigitalservices.com\/tol\/consum\/media\/product\/img\/300x300\/7142441.jpg?t=20250222075751"
    },
    {
        "id": 13451,
        "name": "Tarta de Queso Artesana Queso Fresco,Huevo,Lec GRANJA RINYA",
        "price": 9.99,
        "price_kilo": 9.99,
        "slug": "tarta-de-queso-artesana-queso-frescohuevolec",
        "description": "Tarta de Queso Artesana Queso Fresco,Huevo,Lec",
        "image": "https:\/\/cdn-consum.aktiosdigitalservices.com\/tol\/consum\/media\/product\/img\/300x300\/7171338.jpg?t=20250322075909"
    },
    {
        "id": 13453,
        "name": "Pollo Entero o Mitades Certificado CONSUM",
        "price": 10.22,
        "price_kilo": 4.6,
        "slug": "pollo-entero-o-mitades-certificado",
        "description": "Pollo Entero o Mitades Certificado - Entero 2,2 kg aprox",
        "image": "https:\/\/cdn-consum.aktiosdigitalservices.com\/tol\/consum\/media\/product\/img\/300x300\/7181639.jpg?t=20250322075916"
    },
    {
        "id": 13456,
        "name": "Sepia Sucia ",
        "price": 8.26,
        "price_kilo": 14.95,
        "slug": "sepia-sucia",
        "description": "Sepia Sucia",
        "image": "https:\/\/cdn-consum.aktiosdigitalservices.com\/tol\/consum\/media\/product\/img\/300x300\/7185309.jpg?t=20250315075753"
    },
    {
        "id": 13458,
        "name": "Queso Delicias de Cabra Leche Pasteurizada EL PASTOR",
        "price": 23.4,
        "price_kilo": 23.4,
        "slug": "queso-delicias-de-cabra-leche-pasteurizada",
        "description": "Queso Delicias de Cabra Leche Pasteurizada",
        "image": "https:\/\/cdn-consum.aktiosdigitalservices.com\/tol\/consum\/media\/product\/img\/300x300\/7190416.jpg?t=20250320075909"
    },
    {
        "id": 13459,
        "name": "Lomo de Cebo de Campo 50% Raza Ib\u00e9rica MONTARAZ",
        "price": 45.9,
        "price_kilo": 45.9,
        "slug": "lomo-de-cebo-de-campo-50-raza-iberica",
        "description": "Lomo de Cebo de Campo 50% Raza Ib\u00e9rica",
        "image": "https:\/\/cdn-consum.aktiosdigitalservices.com\/tol\/consum\/media\/product\/img\/300x300\/7190940.jpg?t=20250319075839"
    },
    {
        "id": 13467,
        "name": "Queso Oveja A\u00f1ejo Leche Cruda 9 Meses G.BAQUERO",
        "price": 24.5,
        "price_kilo": 24.5,
        "slug": "queso-oveja-anejo-leche-cruda-9-meses",
        "description": "Queso Oveja A\u00f1ejo Leche Cruda 9 Meses",
        "image": "https:\/\/cdn-consum.aktiosdigitalservices.com\/tol\/consum\/media\/product\/img\/300x300\/7208424.jpg?t=20250319075841"
    },
    {
        "id": 13469,
        "name": "Salm\u00f3n Noruego Entero o Mitades ",
        "price": 37,
        "price_kilo": 12.95,
        "slug": "salmon-noruego-entero-o-mitades",
        "description": "Salm\u00f3n Noruego Entero o Mitades - Entero 2,8 kg aprox",
        "image": "https:\/\/cdn-consum.aktiosdigitalservices.com\/tol\/consum\/media\/product\/img\/300x300\/7209625.jpg?t=20250312160240"
    },
    {
        "id": 13470,
        "name": "Mortadela Siciliana Fina ELPOZO",
        "price": 8.95,
        "price_kilo": 8.95,
        "slug": "mortadela-siciliana-fina",
        "description": "Mortadela Siciliana Fina",
        "image": "https:\/\/cdn-consum.aktiosdigitalservices.com\/tol\/consum\/media\/product\/img\/300x300\/7211675.jpg?t=20250221075955"
    },
    {
        "id": 13471,
        "name": "Mortadela con Aceitunas (18%) ELPOZO",
        "price": 8.95,
        "price_kilo": 8.95,
        "slug": "mortadela-con-aceitunas-18",
        "description": "Mortadela con Aceitunas (18%)",
        "image": "https:\/\/cdn-consum.aktiosdigitalservices.com\/tol\/consum\/media\/product\/img\/300x300\/7211683.jpg?t=20241217081043"
    },
    {
        "id": 13472,
        "name": "Mortadela de Pavo con Aceitunas (17%) ELPOZO",
        "price": 9.45,
        "price_kilo": 9.45,
        "slug": "mortadela-de-pavo-con-aceitunas-17",
        "description": "Mortadela de Pavo con Aceitunas (17%)",
        "image": "https:\/\/cdn-consum.aktiosdigitalservices.com\/tol\/consum\/media\/product\/img\/300x300\/7211688.jpg?t=20250318080112"
    },
    {
        "id": 13488,
        "name": "Queso Reserva 12 Meses L. Pasteurizada Mezcla G.BAQUERO",
        "price": 18.99,
        "price_kilo": 18.99,
        "slug": "queso-reserva-12-meses-l-pasteurizada-mezcla",
        "description": "Queso Reserva 12 Meses L. Pasteurizada Mezcla",
        "image": "https:\/\/cdn-consum.aktiosdigitalservices.com\/tol\/consum\/media\/product\/img\/300x300\/7221166.jpg?t=20250322075926"
    },
    {
        "id": 13492,
        "name": "Jam\u00f3n G.Reserva Duroc Peso Aproximado 7,5 K LA HOGUERA",
        "price": 95,
        "price_kilo": 12.67,
        "slug": "jamon-greserva-duroc-peso-aproximado-75-k",
        "description": "Jam\u00f3n G.Reserva Duroc Peso Aproximado 7,5 K",
        "image": "https:\/\/cdn-consum.aktiosdigitalservices.com\/tol\/consum\/media\/product\/img\/300x300\/7229735.jpg?t=20250219080053"
    },
    {
        "id": 13493,
        "name": "Q.Mezcla La Cava Artes Leche Pasteurizada G.BAQUERO",
        "price": 21.9,
        "price_kilo": 21.9,
        "slug": "qmezcla-la-cava-artes-leche-pasteurizada",
        "description": "Q.Mezcla La Cava Artes Leche Pasteurizada",
        "image": "https:\/\/cdn-consum.aktiosdigitalservices.com\/tol\/consum\/media\/product\/img\/300x300\/7230550.jpg?t=20250319075846"
    },
    {
        "id": 13498,
        "name": "Salchich\u00f3n Extra ROLFHO",
        "price": 16.9,
        "price_kilo": 16.9,
        "slug": "salchichon-extra",
        "description": "Salchich\u00f3n Extra",
        "image": "https:\/\/cdn-consum.aktiosdigitalservices.com\/tol\/consum\/media\/product\/img\/300x300\/7241003.jpg?t=20250321075855"
    },
    {
        "id": 13499,
        "name": "Burger Meat Entrecot de Aguja Unidad ",
        "price": 1.89,
        "price_kilo": 15.75,
        "slug": "burger-meat-entrecot-de-aguja-unidad",
        "description": "Burger Meat Entrecot de Aguja Unidad 120 Gr",
        "image": "https:\/\/cdn-consum.aktiosdigitalservices.com\/tol\/consum\/media\/product\/img\/300x300\/7245447.jpg?t=20250312125428"
    },
    {
        "id": 13501,
        "name": "Chorizo de Cantimpalos LA HOGUERA",
        "price": 3.15,
        "price_kilo": 18.5,
        "slug": "chorizo-de-cantimpalos",
        "description": "Chorizo de Cantimpalos",
        "image": "https:\/\/cdn-consum.aktiosdigitalservices.com\/tol\/consum\/media\/product\/img\/300x300\/7246895.jpg?t=20250321075856"
    },
    {
        "id": 13506,
        "name": "Cola de Langostino congelada, pelada y Cocida PESCANOVA",
        "price": 5.25,
        "price_kilo": 29.17,
        "slug": "cola-de-langostino-congelada-pelada-y-cocida",
        "description": "Cola de Langostino congelada, pelada y Cocida 180 Gr",
        "image": "https:\/\/cdn-consum.aktiosdigitalservices.com\/tol\/consum\/media\/product\/img\/300x300\/7255474.jpg?t=20250318080209"
    },
    {
        "id": 13511,
        "name": "Costilla de A\u00f1ojo ",
        "price": 3.88,
        "price_kilo": 15.5,
        "slug": "costilla-de-anojo",
        "description": "Costilla de A\u00f1ojo",
        "image": "https:\/\/cdn-consum.aktiosdigitalservices.com\/tol\/consum\/media\/product\/img\/300x300\/7262033.jpg?t=20250321075907"
    },
    {
        "id": 13514,
        "name": "Bac\u00f3n 1\/2 Pieza 5 M sin Lactosa MONELLS",
        "price": 14.9,
        "price_kilo": 14.9,
        "slug": "bacon-1-2-pieza-5-m-sin-lactosa",
        "description": "Bac\u00f3n 1\/2 Pieza 5 M sin Lactosa",
        "image": "https:\/\/cdn-consum.aktiosdigitalservices.com\/tol\/consum\/media\/product\/img\/300x300\/7266943.jpg?t=20250321075908"
    },
    {
        "id": 13523,
        "name": "Vino Tinto Roble D.O.Ribera del Duero PORTIA",
        "price": 6.79,
        "price_kilo": 9.05,
        "slug": "vino-tinto-roble-doribera-del-duero",
        "description": "Vino Tinto Roble D.O.Ribera del Duero 0,75 L",
        "image": "https:\/\/cdn-consum.aktiosdigitalservices.com\/tol\/consum\/media\/product\/img\/300x300\/7274111.jpg?t=20250227092431"
    },
    {
        "id": 13529,
        "name": "Kinder Chocolate Caja de 16 Unidades KINDER",
        "price": 3.25,
        "price_kilo": 16.25,
        "slug": "kinder-chocolate-caja-de-16-unidades",
        "description": "Kinder Chocolate Caja de 16 Unidades 200 Gr",
        "image": "https:\/\/cdn-consum.aktiosdigitalservices.com\/tol\/consum\/media\/product\/img\/300x300\/7159416.jpg?t=20250311133428"
    },
    {
        "id": 13532,
        "name": "Guante Flocado L\u00e1tex Rosa Talla Grande CONSUM",
        "price": 0.9,
        "price_kilo": 0.9,
        "slug": "guante-flocado-latex-rosa-talla-grande",
        "description": "Guante Flocado L\u00e1tex Rosa Talla Grande 1 U",
        "image": "https:\/\/cdn-consum.aktiosdigitalservices.com\/tol\/consum\/media\/product\/img\/300x300\/7258742.jpg?t=20241217081103"
    },
    {
        "id": 13533,
        "name": "Guante Satinado Sensible L\u00e1tex T-Grande CONSUM",
        "price": 0.75,
        "price_kilo": 0.75,
        "slug": "guante-satinado-sensible-latex-t-grande",
        "description": "Guante Satinado Sensible L\u00e1tex T-Grande 1 U",
        "image": "https:\/\/cdn-consum.aktiosdigitalservices.com\/tol\/consum\/media\/product\/img\/300x300\/7258759.jpg?t=20241217081104"
    },
    {
        "id": 13549,
        "name": "Bebida Avena Brik ALPRO",
        "price": 1.59,
        "price_kilo": 1.59,
        "slug": "bebida-avena-brik",
        "description": "Bebida Avena Brik 1 L",
        "image": "https:\/\/cdn-consum.aktiosdigitalservices.com\/tol\/consum\/media\/product\/img\/300x300\/7275720.jpg?t=20250311105947"
    },
    {
        "id": 13557,
        "name": "Pastel de Boniato con Az\u00facar 6 Unidades ",
        "price": 2.35,
        "price_kilo": 8.7,
        "slug": "pastel-de-boniato-con-azucar-6-unidades",
        "description": "Pastel de Boniato con Az\u00facar 6 Unidades 270 Gr",
        "image": "https:\/\/cdn-consum.aktiosdigitalservices.com\/tol\/consum\/media\/product\/img\/300x300\/7237030.jpg?t=20250109100425"
    },
    {
        "id": 13564,
        "name": "Cacao Instant\u00e1neo CONSUM",
        "price": 4.2,
        "price_kilo": 4.2,
        "slug": "cacao-instantaneo",
        "description": "Cacao Instant\u00e1neo 1 Kg",
        "image": "https:\/\/cdn-consum.aktiosdigitalservices.com\/tol\/consum\/media\/product\/img\/300x300\/7252489.jpg?t=20250311133745"
    },
    {
        "id": 13570,
        "name": "Galleta Digestive Avena CONSUM",
        "price": 1.1,
        "price_kilo": 2.59,
        "slug": "galleta-digestive-avena",
        "description": "Galleta Digestive Avena 425 Gr",
        "image": "https:\/\/cdn-consum.aktiosdigitalservices.com\/tol\/consum\/media\/product\/img\/300x300\/7271625.jpg?t=20250311105912"
    },
    {
        "id": 13580,
        "name": "Cerveza Export Lata AMBAR",
        "price": 0.75,
        "price_kilo": 2.27,
        "slug": "cerveza-export-lata",
        "description": "Cerveza Export Lata 0,33 L",
        "image": "https:\/\/cdn-consum.aktiosdigitalservices.com\/tol\/consum\/media\/product\/img\/300x300\/7276173.jpg?t=20250312125516"
    },
    {
        "id": 13591,
        "name": "Cardo Peso Variable ",
        "price": 1.93,
        "price_kilo": 3.85,
        "slug": "cardo-peso-variable",
        "description": "Cardo Peso Variable",
        "image": "https:\/\/cdn-consum.aktiosdigitalservices.com\/tol\/consum\/media\/product\/img\/300x300\/7019081.jpg?t=20250322075806"
    },
    {
        "id": 13647,
        "name": "Manzana Red Marlene Bandeja ",
        "price": 1.99,
        "price_kilo": 2.65,
        "slug": "manzana-red-marlene-bandeja",
        "description": "Manzana Red Marlene Bandeja 750 Gr",
        "image": "https:\/\/cdn-consum.aktiosdigitalservices.com\/tol\/consum\/media\/product\/img\/300x300\/7232895.jpg?t=20250315075801"
    },
    {
        "id": 13648,
        "name": "Manzana Royal Gala Marlene Bandeja ",
        "price": 1.99,
        "price_kilo": 2.65,
        "slug": "manzana-royal-gala-marlene-bandeja",
        "description": "Manzana Royal Gala Marlene Bandeja 750 Gr",
        "image": "https:\/\/cdn-consum.aktiosdigitalservices.com\/tol\/consum\/media\/product\/img\/300x300\/7232903.jpg?t=20250311160821"
    },
    {
        "id": 13660,
        "name": "Rosquilletas Fibra CONSUM",
        "price": 1.28,
        "price_kilo": 8,
        "slug": "rosquilletas-fibra",
        "description": "Rosquilletas Fibra 2 x 80 Gr",
        "image": "https:\/\/cdn-consum.aktiosdigitalservices.com\/tol\/consum\/media\/product\/img\/300x300\/7271349.jpg?t=20250312092756"
    },
    {
        "id": 13683,
        "name": "Mascarilla Facial Matificante GARNIER",
        "price": 2.49,
        "price_kilo": 2.49,
        "slug": "mascarilla-facial-matificante",
        "description": "Mascarilla Facial Matificante 1 U",
        "image": "https:\/\/cdn-consum.aktiosdigitalservices.com\/tol\/consum\/media\/product\/img\/300x300\/7276033.jpg?t=20241217081110"
    },
    {
        "id": 13684,
        "name": "Mascarilla Facial Energizante GARNIER",
        "price": 2.49,
        "price_kilo": 2.49,
        "slug": "mascarilla-facial-energizante",
        "description": "Mascarilla Facial Energizante 1 U",
        "image": "https:\/\/cdn-consum.aktiosdigitalservices.com\/tol\/consum\/media\/product\/img\/300x300\/7276038.jpg?t=20250206093019"
    },
    {
        "id": 13689,
        "name": "Jam\u00f3n Cocido Lonchas Cuida-T Red.Sal CAMPOFR\u00cdO",
        "price": 1,
        "price_kilo": 15.38,
        "slug": "jamon-cocido-lonchas-cuida-t-redsal",
        "description": "Jam\u00f3n Cocido Lonchas Cuida-T Red.Sal 65 Gr",
        "image": "https:\/\/cdn-consum.aktiosdigitalservices.com\/tol\/consum\/media\/product\/img\/300x300\/7276400.jpg?t=20241217081110"
    },
    {
        "id": 13691,
        "name": "Pan de Molde de Avena DULCESOL",
        "price": 1.88,
        "price_kilo": 4.09,
        "slug": "pan-de-molde-de-avena",
        "description": "Pan de Molde de Avena 460 Gr",
        "image": "https:\/\/cdn-consum.aktiosdigitalservices.com\/tol\/consum\/media\/product\/img\/300x300\/7276496.jpg?t=20250311105952"
    },
    {
        "id": 13696,
        "name": "Col Rizada ",
        "price": 0.83,
        "price_kilo": 1.99,
        "slug": "col-rizada",
        "description": "Col Rizada",
        "image": "https:\/\/cdn-consum.aktiosdigitalservices.com\/tol\/consum\/media\/product\/img\/300x300\/998609.jpg?t=20250322075734"
    },
    {
        "id": 13716,
        "name": "Bombones T-15 Raffaello FERRERO",
        "price": 4.39,
        "price_kilo": 29.27,
        "slug": "bombones-t-15-raffaello",
        "description": "Bombones T-15 Raffaello 150 Gr",
        "image": "https:\/\/cdn-consum.aktiosdigitalservices.com\/tol\/consum\/media\/product\/img\/300x300\/7228455.jpg?t=20250311133642"
    },
    {
        "id": 13730,
        "name": "Chicle Grageado Fresa Bote TRIDENT",
        "price": 3.05,
        "price_kilo": 36.92,
        "slug": "chicle-grageado-fresa-bote",
        "description": "Chicle Grageado Fresa Bote 82,6 Gr",
        "image": "https:\/\/cdn-consum.aktiosdigitalservices.com\/tol\/consum\/media\/product\/img\/300x300\/7273832.jpg?t=20250312092756"
    },
    {
        "id": 13735,
        "name": "Jud\u00edas Verdes Troceadas congeladas FINDUS",
        "price": 2.79,
        "price_kilo": 6.98,
        "slug": "judias-verdes-troceadas-congeladas",
        "description": "Jud\u00edas Verdes Troceadas congeladas 400 Gr",
        "image": "https:\/\/cdn-consum.aktiosdigitalservices.com\/tol\/consum\/media\/product\/img\/300x300\/7275006.jpg?t=20250320080023"
    },
    {
        "id": 13740,
        "name": "Lonchas Pavo Cuida-T CAMPOFR\u00cdO",
        "price": 1,
        "price_kilo": 15.38,
        "slug": "lonchas-pavo-cuida-t",
        "description": "Lonchas Pavo Cuida-T 65 Gr",
        "image": "https:\/\/cdn-consum.aktiosdigitalservices.com\/tol\/consum\/media\/product\/img\/300x300\/7276371.jpg?t=20241217081110"
    },
    {
        "id": 13749,
        "name": "Leche sin Lactosa 0% Desnatada Brik ASTURIANA",
        "price": 1.13,
        "price_kilo": 1.13,
        "slug": "leche-sin-lactosa-0-desnatada-brik",
        "description": "Leche sin Lactosa 0% Desnatada Brik 1 L",
        "image": "https:\/\/cdn-consum.aktiosdigitalservices.com\/tol\/consum\/media\/product\/img\/300x300\/7277338.jpg?t=20250311110007"
    },
    {
        "id": 13763,
        "name": "Mayonesa Tarro YBARRA",
        "price": 2.39,
        "price_kilo": 5.31,
        "slug": "mayonesa-tarro",
        "description": "Mayonesa Tarro 450 ml",
        "image": "https:\/\/cdn-consum.aktiosdigitalservices.com\/tol\/consum\/media\/product\/img\/300x300\/7209224.jpg?t=20250320075922"
    },
    {
        "id": 13773,
        "name": "Pipa Calabaza Pelada Tostada Paquete CONSUM",
        "price": 2.25,
        "price_kilo": 15,
        "slug": "pipa-calabaza-pelada-tostada-paquete",
        "description": "Pipa Calabaza Pelada Tostada Paquete 150 Gr",
        "image": "https:\/\/cdn-consum.aktiosdigitalservices.com\/tol\/consum\/media\/product\/img\/300x300\/7271211.jpg?t=20250312092756"
    },
    {
        "id": 13782,
        "name": "Base Alisadora GIO GIOVANNI",
        "price": 8.99,
        "price_kilo": 29.97,
        "slug": "base-alisadora",
        "description": "Base Alisadora 30 ml",
        "image": "https:\/\/cdn-consum.aktiosdigitalservices.com\/tol\/consum\/media\/product\/img\/300x300\/7276025.jpg?t=20250318080939"
    },
    {
        "id": 13795,
        "name": "Arroz Albufera D.O. Valencia Saco TARTANA",
        "price": 4.67,
        "price_kilo": 4.67,
        "slug": "arroz-albufera-do-valencia-saco",
        "description": "Arroz Albufera D.O. Valencia Saco 1 Kg",
        "image": "https:\/\/cdn-consum.aktiosdigitalservices.com\/tol\/consum\/media\/product\/img\/300x300\/7277197.jpg?t=20250103081430"
    },
    {
        "id": 13806,
        "name": "Bomb\u00f3n Lindor Leche LINDT",
        "price": 7.49,
        "price_kilo": 37.45,
        "slug": "bombon-lindor-leche",
        "description": "Bomb\u00f3n Lindor Leche 200 Gr",
        "image": "https:\/\/cdn-consum.aktiosdigitalservices.com\/tol\/consum\/media\/product\/img\/300x300\/7076412.jpg?t=20250311133212"
    },
    {
        "id": 13820,
        "name": "Caldo de Pollo Brik Pack de 2 G.BLANCA",
        "price": 4.09,
        "price_kilo": 2.05,
        "slug": "caldo-de-pollo-brik-pack-de-2",
        "description": "Caldo de Pollo Brik Pack de 2 2 x 1 L",
        "image": "https:\/\/cdn-consum.aktiosdigitalservices.com\/tol\/consum\/media\/product\/img\/300x300\/7204563.jpg?t=20241217081040"
    },
    {
        "id": 13854,
        "name": "Smarties Mix In Sabor Vainilla NESTLE",
        "price": 1.69,
        "price_kilo": 6.6,
        "slug": "smarties-mix-in-sabor-vainilla",
        "description": "Smarties Mix In Sabor Vainilla 2 x 128 Gr",
        "image": "https:\/\/cdn-consum.aktiosdigitalservices.com\/tol\/consum\/media\/product\/img\/300x300\/7263275.jpg?t=20250227092318"
    },
    {
        "id": 13871,
        "name": "Ginebra NORD\u00c9S",
        "price": 25.69,
        "price_kilo": 36.7,
        "slug": "ginebra",
        "description": "Ginebra 0,7 L",
        "image": "https:\/\/cdn-consum.aktiosdigitalservices.com\/tol\/consum\/media\/product\/img\/300x300\/7276368.jpg?t=20250318080237"
    },
    {
        "id": 13880,
        "name": "Caf\u00e9 con Leche Tassimo C\u00e1psulas MARCILLA",
        "price": 5.89,
        "price_kilo": 0.37,
        "slug": "cafe-con-leche-tassimo-capsulas",
        "description": "Caf\u00e9 con Leche Tassimo C\u00e1psulas 16 U",
        "image": "https:\/\/cdn-consum.aktiosdigitalservices.com\/tol\/consum\/media\/product\/img\/300x300\/7277309.jpg?t=20250311105956"
    },
    {
        "id": 13881,
        "name": "Caf\u00e9 Espresso Tassimo C\u00e1psulas MARCILLA",
        "price": 5.89,
        "price_kilo": 0.37,
        "slug": "cafe-espresso-tassimo-capsulas",
        "description": "Caf\u00e9 Espresso Tassimo C\u00e1psulas 16 U",
        "image": "https:\/\/cdn-consum.aktiosdigitalservices.com\/tol\/consum\/media\/product\/img\/300x300\/7277320.jpg?t=20250311110004"
    },
    {
        "id": 13889,
        "name": "Tarrito Solo Eco Pera y Manzana HERO",
        "price": 1.55,
        "price_kilo": 12.92,
        "slug": "tarrito-solo-eco-pera-y-manzana",
        "description": "Tarrito Solo Eco Pera y Manzana 120 Gr",
        "image": "https:\/\/cdn-consum.aktiosdigitalservices.com\/tol\/consum\/media\/product\/img\/300x300\/7277705.jpg?t=20250313080422"
    },
    {
        "id": 13892,
        "name": "Bolsa Ropa Lavadora 40x50 cm D\u00b4EMILIA",
        "price": 1.89,
        "price_kilo": 1.89,
        "slug": "bolsa-ropa-lavadora-40x50-cm",
        "description": "Bolsa Ropa Lavadora 40x50 cm 1 U",
        "image": "https:\/\/cdn-consum.aktiosdigitalservices.com\/tol\/consum\/media\/product\/img\/300x300\/7278448.jpg?t=20250311164601"
    },
    {
        "id": 13894,
        "name": "Ginebra Premium 38",
        "price": 11.5,
        "price_kilo": 16.43,
        "slug": "ginebra-premium",
        "description": "Ginebra Premium 0,7 L",
        "image": "https:\/\/cdn-consum.aktiosdigitalservices.com\/tol\/consum\/media\/product\/img\/300x300\/7278567.jpg?t=20250206093030"
    },
    {
        "id": 13895,
        "name": "Licor Crema de Arroz HUERTA ONDA",
        "price": 6.5,
        "price_kilo": 9.29,
        "slug": "licor-crema-de-arroz",
        "description": "Licor Crema de Arroz 0,7 L",
        "image": "https:\/\/cdn-consum.aktiosdigitalservices.com\/tol\/consum\/media\/product\/img\/300x300\/7278575.jpg?t=20241217081113"
    },
    {
        "id": 13922,
        "name": "Pizza Pepperoni TARRADELLAS",
        "price": 3.19,
        "price_kilo": 7.88,
        "slug": "pizza-pepperoni",
        "description": "Pizza Pepperoni 405 Gr",
        "image": "https:\/\/cdn-consum.aktiosdigitalservices.com\/tol\/consum\/media\/product\/img\/300x300\/7250616.jpg?t=20241217081059"
    },
    {
        "id": 13944,
        "name": "Cebolla Crujiente Paquete FLORETTE",
        "price": 1.49,
        "price_kilo": 21.29,
        "slug": "cebolla-crujiente-paquete",
        "description": "Cebolla Crujiente Paquete 70 Gr",
        "image": "https:\/\/cdn-consum.aktiosdigitalservices.com\/tol\/consum\/media\/product\/img\/300x300\/7278435.jpg?t=20241217081111"
    },
    {
        "id": 13945,
        "name": "Vodka Premium SHARUSKA",
        "price": 11.5,
        "price_kilo": 16.43,
        "slug": "vodka-premium",
        "description": "Vodka Premium 0,7 L",
        "image": "https:\/\/cdn-consum.aktiosdigitalservices.com\/tol\/consum\/media\/product\/img\/300x300\/7278534.jpg?t=20250311164601"
    },
    {
        "id": 13946,
        "name": "Frutos Rojos y Mango Paquete FLORETTE",
        "price": 1.89,
        "price_kilo": 34.36,
        "slug": "frutos-rojos-y-mango-paquete",
        "description": "Frutos Rojos y Mango Paquete 55 Gr",
        "image": "https:\/\/cdn-consum.aktiosdigitalservices.com\/tol\/consum\/media\/product\/img\/300x300\/7278542.jpg?t=20241217081113"
    },
    {
        "id": 13947,
        "name": "Frutos Secos Especial Ensaladas FLORETTE",
        "price": 1.89,
        "price_kilo": 27,
        "slug": "frutos-secos-especial-ensaladas",
        "description": "Frutos Secos Especial Ensaladas 70 Gr",
        "image": "https:\/\/cdn-consum.aktiosdigitalservices.com\/tol\/consum\/media\/product\/img\/300x300\/7278547.jpg?t=20241217081113"
    },
    {
        "id": 13948,
        "name": "Picatostes Ajo Finas Hierbas Paquet FLORETTE",
        "price": 1.41,
        "price_kilo": 20.14,
        "slug": "picatostes-ajo-finas-hierbas-paquet",
        "description": "Picatostes Ajo Finas Hierbas Paquet 70 Gr",
        "image": "https:\/\/cdn-consum.aktiosdigitalservices.com\/tol\/consum\/media\/product\/img\/300x300\/7278554.jpg?t=20250228080231"
    },
    {
        "id": 13949,
        "name": "Picatostes C\u00e9sar Paquete FLORETTE",
        "price": 1.41,
        "price_kilo": 20.14,
        "slug": "picatostes-cesar-paquete",
        "description": "Picatostes C\u00e9sar Paquete 70 Gr",
        "image": "https:\/\/cdn-consum.aktiosdigitalservices.com\/tol\/consum\/media\/product\/img\/300x300\/7278562.jpg?t=20250228080233"
    },
    {
        "id": 13950,
        "name": "Picatostes Natural Paquete FLORETTE",
        "price": 1.41,
        "price_kilo": 21.69,
        "slug": "picatostes-natural-paquete",
        "description": "Picatostes Natural Paquete 65 Gr",
        "image": "https:\/\/cdn-consum.aktiosdigitalservices.com\/tol\/consum\/media\/product\/img\/300x300\/7278570.jpg?t=20250228080236"
    },
    {
        "id": 13954,
        "name": "Tarta Tiramis\u00fa MELS",
        "price": 1.29,
        "price_kilo": 6.45,
        "slug": "tarta-tiramisu",
        "description": "Tarta Tiramis\u00fa 200 Gr",
        "image": "https:\/\/cdn-consum.aktiosdigitalservices.com\/tol\/consum\/media\/product\/img\/300x300\/7278794.jpg?t=20250312092756"
    },
    {
        "id": 13961,
        "name": "Naranja Bollo Granel BOLLO",
        "price": 0.75,
        "price_kilo": 2.65,
        "slug": "naranja-bollo-granel",
        "description": "Naranja Bollo Granel",
        "image": "https:\/\/cdn-consum.aktiosdigitalservices.com\/tol\/consum\/media\/product\/img\/300x300\/7102783.jpg?t=20250322075840"
    },
    {
        "id": 13980,
        "name": "Protector Labial Protecci\u00f3n SPF 30 PHARMADOCT",
        "price": 2.35,
        "price_kilo": 2.35,
        "slug": "protector-labial-proteccion-spf-30",
        "description": "Protector Labial Protecci\u00f3n SPF 30 1 U",
        "image": "https:\/\/cdn-consum.aktiosdigitalservices.com\/tol\/consum\/media\/product\/img\/300x300\/7272722.jpg?t=20241217081109"
    },
    {
        "id": 13981,
        "name": "Petit para Llevar Sabor Fresa Pack de 4 U CONSUM KIDS",
        "price": 1.5,
        "price_kilo": 4.69,
        "slug": "petit-para-llevar-sabor-fresa-pack-de-4-u",
        "description": "Petit para Llevar Sabor Fresa Pack de 4 U 4 x 80 Gr",
        "image": "https:\/\/cdn-consum.aktiosdigitalservices.com\/tol\/consum\/media\/product\/img\/300x300\/7275753.jpg?t=20250304111430"
    },
    {
        "id": 14032,
        "name": "Zanahoria Manojo ",
        "price": 1.89,
        "price_kilo": 2.7,
        "slug": "zanahoria-manojo",
        "description": "Zanahoria Manojo 700 Gr",
        "image": "https:\/\/cdn-consum.aktiosdigitalservices.com\/tol\/consum\/media\/product\/img\/300x300\/7214976.jpg?t=20250319080110"
    },
    {
        "id": 14048,
        "name": "Cepillo de Ba\u00f1o con Mango PONETTE",
        "price": 2.99,
        "price_kilo": 2.99,
        "slug": "cepillo-de-bano-con-mango",
        "description": "Cepillo de Ba\u00f1o con Mango 1 U",
        "image": "https:\/\/cdn-consum.aktiosdigitalservices.com\/tol\/consum\/media\/product\/img\/300x300\/7274926.jpg?t=20241217081110"
    },
    {
        "id": 14062,
        "name": "Colas Langostinos Rebozadas congeladas COCINARTE",
        "price": 2.99,
        "price_kilo": 14.95,
        "slug": "colas-langostinos-rebozadas-congeladas",
        "description": "Colas de Gamba Rebozadas congeladas 200 Gr",
        "image": "https:\/\/cdn-consum.aktiosdigitalservices.com\/tol\/consum\/media\/product\/img\/300x300\/7278021.jpg?t=20241217081111"
    },
    {
        "id": 14088,
        "name": "Nubes Bicolor CONSUM",
        "price": 0.65,
        "price_kilo": 6.5,
        "slug": "nubes-bicolor",
        "description": "Nubes Bicolor 100 Gr",
        "image": "https:\/\/cdn-consum.aktiosdigitalservices.com\/tol\/consum\/media\/product\/img\/300x300\/7243785.jpg?t=20250311124543"
    },
    {
        "id": 14089,
        "name": "Ositos de Goma CONSUM",
        "price": 0.89,
        "price_kilo": 5.93,
        "slug": "ositos-de-goma",
        "description": "Ositos de Goma 150 Gr",
        "image": "https:\/\/cdn-consum.aktiosdigitalservices.com\/tol\/consum\/media\/product\/img\/300x300\/7243793.jpg?t=20250311124546"
    },
    {
        "id": 14090,
        "name": "Surtido Goma Brillo CONSUM",
        "price": 0.89,
        "price_kilo": 5.93,
        "slug": "surtido-goma-brillo",
        "description": "Surtido Goma Brillo 150 Gr",
        "image": "https:\/\/cdn-consum.aktiosdigitalservices.com\/tol\/consum\/media\/product\/img\/300x300\/7243806.jpg?t=20250311124551"
    },
    {
        "id": 14186,
        "name": "Aceite Oliva Virgen Extra Primera Cosecha CONSUM",
        "price": 5.95,
        "price_kilo": 11.9,
        "slug": "aceite-oliva-virgen-extra-primera-cosecha",
        "description": "Aceite Oliva Virgen Extra Primera Cosecha 500 ml",
        "image": "https:\/\/cdn-consum.aktiosdigitalservices.com\/tol\/consum\/media\/product\/img\/300x300\/7279979.jpg?t=20250204080859"
    },
    {
        "id": 14257,
        "name": "Mix Azucarado CONSUM",
        "price": 0.89,
        "price_kilo": 5.93,
        "slug": "mix-azucarado",
        "description": "Mix Azucarado 150 Gr",
        "image": "https:\/\/cdn-consum.aktiosdigitalservices.com\/tol\/consum\/media\/product\/img\/300x300\/7243801.jpg?t=20250311124548"
    },
    {
        "id": 14283,
        "name": "Caf\u00e9 Senseo Fuerte Monodosis MARCILLA",
        "price": 5.75,
        "price_kilo": 0.21,
        "slug": "cafe-senseo-fuerte-monodosis",
        "description": "Caf\u00e9 Senseo Fuerte Monodosis 28 U",
        "image": "https:\/\/cdn-consum.aktiosdigitalservices.com\/tol\/consum\/media\/product\/img\/300x300\/7272057.jpg?t=20250311105914"
    },
    {
        "id": 14286,
        "name": "Limpia Biberones y Tetinas Eco FROSCH",
        "price": 3.75,
        "price_kilo": 0.75,
        "slug": "limpia-biberones-y-tetinas-eco",
        "description": "Limpia Biberones y Tetinas Eco 500 ml",
        "image": "https:\/\/cdn-consum.aktiosdigitalservices.com\/tol\/consum\/media\/product\/img\/300x300\/7273118.jpg?t=20250206093003"
    },
    {
        "id": 14289,
        "name": "Salchicha Rica en Buey 1 Kilogramo VITALITY",
        "price": 1.85,
        "price_kilo": 1.85,
        "slug": "salchicha-rica-en-buey-1-kilogramo",
        "description": "Salchicha Rica en Buey 1 Kilogramo 1 U",
        "image": "https:\/\/cdn-consum.aktiosdigitalservices.com\/tol\/consum\/media\/product\/img\/300x300\/7274251.jpg?t=20250312092756"
    },
    {
        "id": 14309,
        "name": "Preparado para Cocinar Vegetal Soja ALPRO",
        "price": 1.75,
        "price_kilo": 7,
        "slug": "preparado-para-cocinar-vegetal-soja",
        "description": "Preparado para Cocinar Vegetal Soja 250 ml",
        "image": "https:\/\/cdn-consum.aktiosdigitalservices.com\/tol\/consum\/media\/product\/img\/300x300\/7279511.jpg?t=20250311110019"
    },
    {
        "id": 14310,
        "name": "Whisky Scotch VAT 69",
        "price": 13.99,
        "price_kilo": 13.99,
        "slug": "whisky-scotch",
        "description": "Whisky Scotch 1 L",
        "image": "https:\/\/cdn-consum.aktiosdigitalservices.com\/tol\/consum\/media\/product\/img\/300x300\/7279540.jpg?t=20250312092756"
    },
    {
        "id": 14311,
        "name": "Chapelas Zebra 3 Unidades DULCESOL",
        "price": 1,
        "price_kilo": 7.41,
        "slug": "chapelas-zebra-3-unidades",
        "description": "Chapelas Zebra 3 Unidades 135 Gr",
        "image": "https:\/\/cdn-consum.aktiosdigitalservices.com\/tol\/consum\/media\/product\/img\/300x300\/7279719.jpg?t=20250312092757"
    },
    {
        "id": 14313,
        "name": "Huevo XL Jumbo 1\/2 Docena MONTERDE",
        "price": 2.35,
        "price_kilo": 4.7,
        "slug": "huevo-xl-jumbo-1-2-docena",
        "description": "Huevo XL Jumbo 1\/2 Docena 0,5 Dc",
        "image": "https:\/\/cdn-consum.aktiosdigitalservices.com\/tol\/consum\/media\/product\/img\/300x300\/7279917.jpg?t=20250311110023"
    },
    {
        "id": 14318,
        "name": "Vinto Tinto D.O.Jumilla CASA ERMITA",
        "price": 3.95,
        "price_kilo": 5.27,
        "slug": "vinto-tinto-dojumilla",
        "description": "Vinto Tinto D.O.Jumilla 0,75 L",
        "image": "https:\/\/cdn-consum.aktiosdigitalservices.com\/tol\/consum\/media\/product\/img\/300x300\/7180250.jpg?t=20250311164551"
    },
    {
        "id": 14326,
        "name": "Rosquilletas con Chocolate VELARTE",
        "price": 1.09,
        "price_kilo": 15.57,
        "slug": "rosquilletas-con-chocolate",
        "description": "Rosquilletas con Chocolate 70 Gr",
        "image": "https:\/\/cdn-consum.aktiosdigitalservices.com\/tol\/consum\/media\/product\/img\/300x300\/7277288.jpg?t=20250311105954"
    },
    {
        "id": 14329,
        "name": "Recambio Ambientador El\u00e9ctrico Flor AIR WICK",
        "price": 4.15,
        "price_kilo": 4.15,
        "slug": "recambio-ambientador-electrico-flor",
        "description": "Recambio Ambientador El\u00e9ctrico Flor 1 U",
        "image": "https:\/\/cdn-consum.aktiosdigitalservices.com\/tol\/consum\/media\/product\/img\/300x300\/7279573.jpg?t=20250227092457"
    },
    {
        "id": 14332,
        "name": "Pepinillo Agridulce Bote BERNAL",
        "price": 2.1,
        "price_kilo": 5.25,
        "slug": "pepinillo-agridulce-bote",
        "description": "Pepinillo Agridulce Bote 400 Gr",
        "image": "https:\/\/cdn-consum.aktiosdigitalservices.com\/tol\/consum\/media\/product\/img\/300x300\/7279941.jpg?t=20250211080114"
    },
    {
        "id": 14335,
        "name": "Preparado L\u00e1cteo Max con Cacao y Cereales P3 PULEVA",
        "price": 1.79,
        "price_kilo": 2.98,
        "slug": "preparado-lacteo-max-con-cacao-y-cereales-p3",
        "description": "Preparado L\u00e1cteo Max con Cacao y Cereales P3 3 x 200 ml",
        "image": "https:\/\/cdn-consum.aktiosdigitalservices.com\/tol\/consum\/media\/product\/img\/300x300\/7280407.jpg?t=20250311110031"
    },
    {
        "id": 14337,
        "name": "Tomate Raf Selecci\u00f3n Peso Variable ",
        "price": 3.35,
        "price_kilo": 6.69,
        "slug": "tomate-raf-seleccion-peso-variable",
        "description": "Tomate Raf Selecci\u00f3n Peso Variable",
        "image": "https:\/\/cdn-consum.aktiosdigitalservices.com\/tol\/consum\/media\/product\/img\/300x300\/7185671.jpg?t=20250322075919"
    },
    {
        "id": 14342,
        "name": "Colas de Goma CONSUM",
        "price": 0.89,
        "price_kilo": 5.93,
        "slug": "colas-de-goma",
        "description": "Colas de Goma 150 Gr",
        "image": "https:\/\/cdn-consum.aktiosdigitalservices.com\/tol\/consum\/media\/product\/img\/300x300\/7243777.jpg?t=20250311124538"
    },
    {
        "id": 14346,
        "name": "Guante Flocado L\u00e1tex Rosa Talla Peque\u00f1a CONSUM",
        "price": 0.9,
        "price_kilo": 0.9,
        "slug": "guante-flocado-latex-rosa-talla-pequena",
        "description": "Guante Flocado L\u00e1tex Rosa Talla Peque\u00f1a 1 U",
        "image": "https:\/\/cdn-consum.aktiosdigitalservices.com\/tol\/consum\/media\/product\/img\/300x300\/7258734.jpg?t=20241217081103"
    },
    {
        "id": 14352,
        "name": "Ginger Ale Lata SCHWEPPES",
        "price": 0.7,
        "price_kilo": 2.8,
        "slug": "ginger-ale-lata",
        "description": "Ginger Ale Lata 0,25 L",
        "image": "https:\/\/cdn-consum.aktiosdigitalservices.com\/tol\/consum\/media\/product\/img\/300x300\/7277622.jpg?t=20250227092452"
    },
    {
        "id": 14361,
        "name": "Vino Tinto Crianza D.O.Ribera del Duero CONDADO HAZA",
        "price": 12.99,
        "price_kilo": 17.32,
        "slug": "vino-tinto-crianza-doribera-del-duero",
        "description": "Vino Tinto Crianza D.O.Ribera del Duero 0,75 L",
        "image": "https:\/\/cdn-consum.aktiosdigitalservices.com\/tol\/consum\/media\/product\/img\/300x300\/7280162.jpg?t=20250311164601"
    },
    {
        "id": 14364,
        "name": "Sopa de Cocido Deshidratada Sobre G.BLANCA",
        "price": 0.85,
        "price_kilo": 11.81,
        "slug": "sopa-de-cocido-deshidratada-sobre",
        "description": "Sopa de Cocido Deshidratada Sobre 72 Gr",
        "image": "https:\/\/cdn-consum.aktiosdigitalservices.com\/tol\/consum\/media\/product\/img\/300x300\/7280316.jpg?t=20250206093046"
    },
    {
        "id": 14368,
        "name": "Papel Cocina Megarrollo SCOTTEX",
        "price": 2.49,
        "price_kilo": 0.83,
        "slug": "papel-cocina-megarrollo",
        "description": "Papel Cocina Megarrollo 3 U",
        "image": "https:\/\/cdn-consum.aktiosdigitalservices.com\/tol\/consum\/media\/product\/img\/300x300\/7280415.jpg?t=20250206093051"
    },
    {
        "id": 14376,
        "name": "Moras de Goma CONSUM",
        "price": 0.85,
        "price_kilo": 5.67,
        "slug": "moras-de-goma",
        "description": "Moras de Goma 150 Gr",
        "image": "https:\/\/cdn-consum.aktiosdigitalservices.com\/tol\/consum\/media\/product\/img\/300x300\/7243780.jpg?t=20250311124541"
    },
    {
        "id": 14379,
        "name": "Alcachofas de Benicarl\u00f3 ",
        "price": 4.99,
        "price_kilo": 6.65,
        "slug": "alcachofas-de-benicarlo",
        "description": "Alcachofas de Benicarl\u00f3 - Bandeja de 750 Gr",
        "image": "https:\/\/cdn-consum.aktiosdigitalservices.com\/tol\/consum\/media\/product\/img\/300x300\/7262231.jpg?t=20250318080939"
    },
    {
        "id": 14384,
        "name": "Queso Oveja Viejo con Romero CARMEN",
        "price": 4.92,
        "price_kilo": 24.6,
        "slug": "queso-oveja-viejo-con-romero",
        "description": "Queso Oveja Viejo con Romero 200 Gr",
        "image": "https:\/\/cdn-consum.aktiosdigitalservices.com\/tol\/consum\/media\/product\/img\/300x300\/7280642.jpg?t=20250315075819"
    },
    {
        "id": 14390,
        "name": "Comida H\u00fameda Perros Pat\u00e9 Rico en Buey VITALITY",
        "price": 2.1,
        "price_kilo": 1.75,
        "slug": "comida-humeda-perros-pate-rico-en-buey",
        "description": "Comida H\u00fameda Perros Pat\u00e9 Rico en Buey 1200 Gr",
        "image": "https:\/\/cdn-consum.aktiosdigitalservices.com\/tol\/consum\/media\/product\/img\/300x300\/7259307.jpg?t=20241217081104"
    },
    {
        "id": 14393,
        "name": "Espresso Descafeinado Tassimo C\u00e1psulas MARCILLA",
        "price": 5.89,
        "price_kilo": 0.37,
        "slug": "espresso-descafeinado-tassimo-capsulas",
        "description": "Espresso Descafeinado Tassimo C\u00e1psulas 16 U",
        "image": "https:\/\/cdn-consum.aktiosdigitalservices.com\/tol\/consum\/media\/product\/img\/300x300\/7277317.jpg?t=20250311133837"
    },
    {
        "id": 14404,
        "name": "Batido de Chocolate Botella PULEVA",
        "price": 1.89,
        "price_kilo": 1.89,
        "slug": "batido-de-chocolate-botella",
        "description": "Batido de Chocolate Botella 1 L",
        "image": "https:\/\/cdn-consum.aktiosdigitalservices.com\/tol\/consum\/media\/product\/img\/300x300\/7280381.jpg?t=20250311110029"
    },
    {
        "id": 14429,
        "name": "Servilleta 3 Capas Burdeos\/Crema 40x40 CONSUM",
        "price": 3.19,
        "price_kilo": 0.06,
        "slug": "servilleta-3-capas-burdeos-crema-40x40",
        "description": "Servilleta 3 Capas Burdeos\/Crema 40x40 50 U",
        "image": "https:\/\/cdn-consum.aktiosdigitalservices.com\/tol\/consum\/media\/product\/img\/300x300\/7262686.jpg?t=20241217081106"
    },
    {
        "id": 14432,
        "name": "Bebida Energ\u00e9tica Pet CONTACT",
        "price": 1.6,
        "price_kilo": 1.07,
        "slug": "bebida-energetica-pet",
        "description": "Bebida Energ\u00e9tica Pet 1,5 L",
        "image": "https:\/\/cdn-consum.aktiosdigitalservices.com\/tol\/consum\/media\/product\/img\/300x300\/7280332.jpg?t=20241217081113"
    },
    {
        "id": 14436,
        "name": "Ensalada de Ahumados ANGOMAR",
        "price": 1.15,
        "price_kilo": 2.88,
        "slug": "ensalada-de-ahumados",
        "description": "Ensalada de Ahumados 60 Gr",
        "image": "https:\/\/cdn-consum.aktiosdigitalservices.com\/tol\/consum\/media\/product\/img\/300x300\/7280951.jpg?t=20250312160526"
    },
    {
        "id": 14438,
        "name": "Champi\u00f1\u00f3n Portobello Bandeja ",
        "price": 1.75,
        "price_kilo": 7,
        "slug": "champinon-portobello-bandeja",
        "description": "Champi\u00f1\u00f3n Portobello Bandeja 250 Gr",
        "image": "https:\/\/cdn-consum.aktiosdigitalservices.com\/tol\/consum\/media\/product\/img\/300x300\/7087708.jpg?t=20250318080934"
    },
    {
        "id": 14453,
        "name": "Agua Micelar Desmaquillante NIVEA",
        "price": 4.99,
        "price_kilo": 1.25,
        "slug": "agua-micelar-desmaquillante",
        "description": "Agua Micelar Desmaquillante 400 ml",
        "image": "https:\/\/cdn-consum.aktiosdigitalservices.com\/tol\/consum\/media\/product\/img\/300x300\/7280308.jpg?t=20250313080428"
    },
    {
        "id": 14454,
        "name": "Vino Tinto Roble D.O.Toro DEHES.VIEJAS",
        "price": 2.9,
        "price_kilo": 3.87,
        "slug": "vino-tinto-roble-dotoro",
        "description": "Vino Tinto Roble D.O.Toro 0,75 L",
        "image": "https:\/\/cdn-consum.aktiosdigitalservices.com\/tol\/consum\/media\/product\/img\/300x300\/7280662.jpg?t=20241217081114"
    },
    {
        "id": 14471,
        "name": "Floretes Br\u00f3coli Bandeja ",
        "price": 1.59,
        "price_kilo": 3.98,
        "slug": "floretes-brocoli-bandeja",
        "description": "Floretes Br\u00f3coli Bandeja 400 Gr",
        "image": "https:\/\/cdn-consum.aktiosdigitalservices.com\/tol\/consum\/media\/product\/img\/300x300\/7259869.jpg?t=20250318080212"
    },
    {
        "id": 14473,
        "name": "Rasqueta Vitrocer\u00e1mica M\u00e1s 5 Recambios FLISS",
        "price": 3.25,
        "price_kilo": 3.25,
        "slug": "rasqueta-vitroceramica-mas-5-recambios",
        "description": "Rasqueta Vitrocer\u00e1mica M\u00e1s 5 Recambios 1 U",
        "image": "https:\/\/cdn-consum.aktiosdigitalservices.com\/tol\/consum\/media\/product\/img\/300x300\/7269459.jpg?t=20241217081108"
    },
    {
        "id": 14476,
        "name": "Pa\u00f1uelos Faciales 3 Capas Caja SCOTTEX",
        "price": 1.89,
        "price_kilo": 0.03,
        "slug": "panuelos-faciales-3-capas-caja",
        "description": "Pa\u00f1uelos Faciales 3 Capas Caja 70 U",
        "image": "https:\/\/cdn-consum.aktiosdigitalservices.com\/tol\/consum\/media\/product\/img\/300x300\/7279227.jpg?t=20250206093032"
    },
    {
        "id": 14479,
        "name": "Mantequilla F\u00e1cil Untar Ligera sin Lactosa Tarrina ASTURIANA",
        "price": 3.65,
        "price_kilo": 14.6,
        "slug": "mantequilla-facil-untar-ligera-sin-lactosa-tarrina",
        "description": "Mantequilla F\u00e1cil Untar Ligera sin Lactosa Tarrina 250 Gr",
        "image": "https:\/\/cdn-consum.aktiosdigitalservices.com\/tol\/consum\/media\/product\/img\/300x300\/7281012.jpg?t=20241217081114"
    },
    {
        "id": 14480,
        "name": "Aceite de Oliva Virgen Extra CONSUM",
        "price": 16.65,
        "price_kilo": 5.55,
        "slug": "aceite-de-oliva-virgen-extra",
        "description": "Aceite de Oliva Virgen Extra 3 L",
        "image": "https:\/\/cdn-consum.aktiosdigitalservices.com\/tol\/consum\/media\/product\/img\/300x300\/7281074.jpg?t=20250312092757"
    },
    {
        "id": 14482,
        "name": "Chopped de Pavo ARGAL",
        "price": 12.5,
        "price_kilo": 12.5,
        "slug": "chopped-de-pavo",
        "description": "Chopped de Pavo",
        "image": "https:\/\/cdn-consum.aktiosdigitalservices.com\/tol\/consum\/media\/product\/img\/300x300\/7004430.jpg?t=20250225075807"
    },
    {
        "id": 14489,
        "name": "Ajo Ecol\u00f3gico CONSUM ECO",
        "price": 2.59,
        "price_kilo": 12.95,
        "slug": "ajo-ecologico",
        "description": "Ajo Ecol\u00f3gico 200 Gr",
        "image": "https:\/\/cdn-consum.aktiosdigitalservices.com\/tol\/consum\/media\/product\/img\/300x300\/7262769.jpg?t=20250225080345"
    },
    {
        "id": 14490,
        "name": "Remolacha BIO Al Vapor ",
        "price": 1.59,
        "price_kilo": 3.18,
        "slug": "remolacha-bio-al-vapor",
        "description": "Remolacha BIO Al Vapor 500 Gr",
        "image": "https:\/\/cdn-consum.aktiosdigitalservices.com\/tol\/consum\/media\/product\/img\/300x300\/7267375.jpg?t=20250225080346"
    },
    {
        "id": 14494,
        "name": "Pl\u00e1tano Bandeja Peso Variable CONSUM ECO",
        "price": 3.9,
        "price_kilo": 4.49,
        "slug": "platano-bandeja-peso-variable",
        "description": "Pl\u00e1tano Bandeja Peso Variable",
        "image": "https:\/\/cdn-consum.aktiosdigitalservices.com\/tol\/consum\/media\/product\/img\/300x300\/7271542.jpg?t=20250322075941"
    },
    {
        "id": 14499,
        "name": "Patata Eco Malla CONSUM ECO",
        "price": 2.99,
        "price_kilo": 1.99,
        "slug": "patata-eco-malla",
        "description": "Patata Eco Malla 1,5 Kg",
        "image": "https:\/\/cdn-consum.aktiosdigitalservices.com\/tol\/consum\/media\/product\/img\/300x300\/7273910.jpg?t=20250225080346"
    },
    {
        "id": 14503,
        "name": "Lim\u00f3n Ecol\u00f3gico CONSUM ECO",
        "price": 1.35,
        "price_kilo": 2.7,
        "slug": "limon-ecologico",
        "description": "Lim\u00f3n Ecol\u00f3gico 500 Gr",
        "image": "https:\/\/cdn-consum.aktiosdigitalservices.com\/tol\/consum\/media\/product\/img\/300x300\/7277965.jpg?t=20250225080346"
    },
    {
        "id": 14504,
        "name": "Chopirones Rebozados al Huevo PESCANOVA",
        "price": 3.15,
        "price_kilo": 10.5,
        "slug": "chopirones-rebozados-al-huevo",
        "description": "Chopirones Rebozados al Huevo 300 Gr",
        "image": "https:\/\/cdn-consum.aktiosdigitalservices.com\/tol\/consum\/media\/product\/img\/300x300\/7279508.jpg?t=20250227092455"
    },
    {
        "id": 14506,
        "name": "Remolacha Manojo ",
        "price": 1.59,
        "price_kilo": 3.98,
        "slug": "remolacha-manojo",
        "description": "Remolacha Manojo 400 Gr",
        "image": "https:\/\/cdn-consum.aktiosdigitalservices.com\/tol\/consum\/media\/product\/img\/300x300\/7280027.jpg?t=20250311124652"
    },
    {
        "id": 14509,
        "name": "Aguacate Ecol\u00f3gico ",
        "price": 3.29,
        "price_kilo": 10.97,
        "slug": "aguacate-ecologico",
        "description": "Aguacate Ecol\u00f3gico 300 Gr",
        "image": "https:\/\/cdn-consum.aktiosdigitalservices.com\/tol\/consum\/media\/product\/img\/300x300\/7280696.jpg?t=20250225080346"
    },
    {
        "id": 14521,
        "name": "Guisantes Lata Pack de 3 BONDUELLE",
        "price": 2.59,
        "price_kilo": 13.28,
        "slug": "guisantes-lata-pack-de-3",
        "description": "Guisantes Lata Pack de 3 3 x 65 Gr",
        "image": "https:\/\/cdn-consum.aktiosdigitalservices.com\/tol\/consum\/media\/product\/img\/300x300\/7281504.jpg?t=20250318080241"
    },
    {
        "id": 14522,
        "name": "Ma\u00edz Dulce Lata Pack de 3 BONDUELLE",
        "price": 2.59,
        "price_kilo": 12.33,
        "slug": "maiz-dulce-lata-pack-de-3",
        "description": "Ma\u00edz Dulce Lata Pack de 3 3 x 70 Gr",
        "image": "https:\/\/cdn-consum.aktiosdigitalservices.com\/tol\/consum\/media\/product\/img\/300x300\/7281509.jpg?t=20250318080243"
    },
    {
        "id": 14526,
        "name": "Pan de Molde Centeno y Semillas ",
        "price": 1.88,
        "price_kilo": 4.7,
        "slug": "pan-de-molde-centeno-y-semillas",
        "description": "Pan de Molde Centeno y Semillas 400 Gr",
        "image": "https:\/\/cdn-consum.aktiosdigitalservices.com\/tol\/consum\/media\/product\/img\/300x300\/7281863.jpg?t=20250228080239"
    },
    {
        "id": 14529,
        "name": "Sobrasada Etiqueta Negra ZAGAL",
        "price": 17.5,
        "price_kilo": 17.5,
        "slug": "sobrasada-etiqueta-negra",
        "description": "Sobrasada Etiqueta Negra",
        "image": "https:\/\/cdn-consum.aktiosdigitalservices.com\/tol\/consum\/media\/product\/img\/300x300\/931873.jpg?t=20250318075748"
    },
    {
        "id": 14530,
        "name": "Sobrasada Cular ZAGAL",
        "price": 14.5,
        "price_kilo": 14.5,
        "slug": "sobrasada-cular",
        "description": "Sobrasada Cular",
        "image": "https:\/\/cdn-consum.aktiosdigitalservices.com\/tol\/consum\/media\/product\/img\/300x300\/936872.jpg?t=20250312155735"
    },
    {
        "id": 14531,
        "name": "Crema de Sobrasada Casera LA CUINA",
        "price": 13.5,
        "price_kilo": 13.5,
        "slug": "crema-de-sobrasada-casera",
        "description": "Crema de Sobrasada Casera",
        "image": "https:\/\/cdn-consum.aktiosdigitalservices.com\/tol\/consum\/media\/product\/img\/300x300\/4484598.jpg?t=20241217080958"
    },
    {
        "id": 14532,
        "name": "Chorizo Ib\u00e9rico de Bellota MONTARAZ",
        "price": 36.5,
        "price_kilo": 36.5,
        "slug": "chorizo-iberico-de-bellota",
        "description": "Chorizo Ib\u00e9rico de Bellota",
        "image": "https:\/\/cdn-consum.aktiosdigitalservices.com\/tol\/consum\/media\/product\/img\/300x300\/7002764.jpg?t=20250319075735"
    },
    {
        "id": 14533,
        "name": "Bloque H\u00edgado Pato 60% Pasteurizado MARTIKO",
        "price": 89.9,
        "price_kilo": 89.9,
        "slug": "bloque-higado-pato-60-pasteurizado",
        "description": "Bloque H\u00edgado Pato 60% Pasteurizado",
        "image": "https:\/\/cdn-consum.aktiosdigitalservices.com\/tol\/consum\/media\/product\/img\/300x300\/7011708.jpg?t=20250311164534"
    },
    {
        "id": 14539,
        "name": "Botifarra Negra El Noiet FALGAS",
        "price": 11.9,
        "price_kilo": 11.9,
        "slug": "botifarra-negra-el-noiet",
        "description": "Botifarra Negra El Noiet",
        "image": "https:\/\/cdn-consum.aktiosdigitalservices.com\/tol\/consum\/media\/product\/img\/300x300\/7065704.jpg?t=20250301075731"
    },
    {
        "id": 14544,
        "name": "Lomo Bellota 100% Raza Ib\u00e9rica MONTARAZ",
        "price": 62.5,
        "price_kilo": 62.5,
        "slug": "lomo-bellota-100-raza-iberica",
        "description": "Lomo Bellota 100% Raza Ib\u00e9rica",
        "image": "https:\/\/cdn-consum.aktiosdigitalservices.com\/tol\/consum\/media\/product\/img\/300x300\/7112035.jpg?t=20250311124215"
    },
    {
        "id": 14547,
        "name": "Membrillo Artesano Natural sin Gluten SANTA TERESA",
        "price": 15.9,
        "price_kilo": 15.9,
        "slug": "membrillo-artesano-natural-sin-gluten",
        "description": "Membrillo Artesano Natural sin Gluten",
        "image": "https:\/\/cdn-consum.aktiosdigitalservices.com\/tol\/consum\/media\/product\/img\/300x300\/7179398.jpg?t=20250312125251"
    },
    {
        "id": 14550,
        "name": "Panceta Curada Doble NANA",
        "price": 16.5,
        "price_kilo": 16.5,
        "slug": "panceta-curada-doble",
        "description": "Panceta Curada Doble",
        "image": "https:\/\/cdn-consum.aktiosdigitalservices.com\/tol\/consum\/media\/product\/img\/300x300\/7204493.jpg?t=20250318080106"
    },
    {
        "id": 14554,
        "name": "Chorizo de Le\u00f3n Granel PALCARSA",
        "price": 4.54,
        "price_kilo": 18.9,
        "slug": "chorizo-de-leon-granel",
        "description": "Chorizo de Le\u00f3n Granel",
        "image": "https:\/\/cdn-consum.aktiosdigitalservices.com\/tol\/consum\/media\/product\/img\/300x300\/7246903.jpg?t=20250321075857"
    },
    {
        "id": 14564,
        "name": "Bolsa Basura Envases 30 Litros CONSUM",
        "price": 1.65,
        "price_kilo": 0.06,
        "slug": "bolsa-basura-envases-30-litros",
        "description": "Bolsa Basura Envases 30 Litros 30 U",
        "image": "https:\/\/cdn-consum.aktiosdigitalservices.com\/tol\/consum\/media\/product\/img\/300x300\/7260131.jpg?t=20241217081104"
    },
    {
        "id": 14565,
        "name": "Chocolate Negro 55% con Almendras Enteras CONSUM",
        "price": 2.4,
        "price_kilo": 12,
        "slug": "chocolate-negro-55-con-almendras-enteras",
        "description": "Chocolate Negro 55% con Almendras Enteras 200 Gr",
        "image": "https:\/\/cdn-consum.aktiosdigitalservices.com\/tol\/consum\/media\/product\/img\/300x300\/7266885.jpg?t=20250311133820"
    },
    {
        "id": 14567,
        "name": "Papel Cocina Decorado 3 Capas CONSUM",
        "price": 3.59,
        "price_kilo": 1.2,
        "slug": "papel-cocina-decorado-3-capas",
        "description": "Papel Cocina Decorado 3 Capas 3 U",
        "image": "https:\/\/cdn-consum.aktiosdigitalservices.com\/tol\/consum\/media\/product\/img\/300x300\/7269723.jpg?t=20241217081108"
    },
    {
        "id": 14568,
        "name": "Discos Desmaquillantes Redondos KYREY",
        "price": 0.84,
        "price_kilo": 0.01,
        "slug": "discos-desmaquillantes-redondos",
        "description": "Discos Desmaquillantes Redondos 120 U",
        "image": "https:\/\/cdn-consum.aktiosdigitalservices.com\/tol\/consum\/media\/product\/img\/300x300\/7271831.jpg?t=20250206092956"
    },
    {
        "id": 14572,
        "name": "Chorizo de Le\u00f3n Picante Granel PALCARSA",
        "price": 4.54,
        "price_kilo": 18.9,
        "slug": "chorizo-de-leon-picante-granel",
        "description": "Chorizo de Le\u00f3n Picante Granel",
        "image": "https:\/\/cdn-consum.aktiosdigitalservices.com\/tol\/consum\/media\/product\/img\/300x300\/7273779.jpg?t=20250321075914"
    },
    {
        "id": 14577,
        "name": "Iso Go! Red Botella CONSUM",
        "price": 0.7,
        "price_kilo": 1.4,
        "slug": "iso-go-red-botella",
        "description": "Iso Go! Red Botella 0,5 L",
        "image": "https:\/\/cdn-consum.aktiosdigitalservices.com\/tol\/consum\/media\/product\/img\/300x300\/7279453.jpg?t=20250107075824"
    },
    {
        "id": 14579,
        "name": "Pouche Supernanos Yogur Griego y Cookies HERO",
        "price": 1.19,
        "price_kilo": 11.9,
        "slug": "pouche-supernanos-yogur-griego-y-cookies",
        "description": "Pouche Supernanos Yogur Griego y Cookies 100 Gr",
        "image": "https:\/\/cdn-consum.aktiosdigitalservices.com\/tol\/consum\/media\/product\/img\/300x300\/7280196.jpg?t=20250319075902"
    },
    {
        "id": 14609,
        "name": "Burger Cristal 2 Unidades ",
        "price": 1.04,
        "price_kilo": 6.93,
        "slug": "burger-cristal-2-unidades",
        "description": "Burger Cristal 2 Unidades 150 Gr",
        "image": "https:\/\/cdn-consum.aktiosdigitalservices.com\/tol\/consum\/media\/product\/img\/300x300\/7281962.jpg?t=20250228080241"
    },
    {
        "id": 14620,
        "name": "Toallitas Desmaquillantes Faciales KYREY",
        "price": 1.1,
        "price_kilo": 0.05,
        "slug": "toallitas-desmaquillantes-faciales",
        "description": "Toallitas Desmaquillantes Faciales 24 U",
        "image": "https:\/\/cdn-consum.aktiosdigitalservices.com\/tol\/consum\/media\/product\/img\/300x300\/7262954.jpg?t=20250109101000"
    },
    {
        "id": 14622,
        "name": "Chocolate Negro 55% con Avellanas Enteras CONSUM",
        "price": 2.4,
        "price_kilo": 12,
        "slug": "chocolate-negro-55-con-avellanas-enteras",
        "description": "Chocolate Negro 55% con Avellanas Enteras 200 Gr",
        "image": "https:\/\/cdn-consum.aktiosdigitalservices.com\/tol\/consum\/media\/product\/img\/300x300\/7266893.jpg?t=20250311133822"
    },
    {
        "id": 14628,
        "name": "Iso Go! Blue Botella CONSUM",
        "price": 0.7,
        "price_kilo": 1.4,
        "slug": "iso-go-blue-botella",
        "description": "Iso Go! Blue Botella 0,5 L",
        "image": "https:\/\/cdn-consum.aktiosdigitalservices.com\/tol\/consum\/media\/product\/img\/300x300\/7279446.jpg?t=20250107075821"
    },
    {
        "id": 14637,
        "name": "Pan de Molde Cereales sin Gluten SCH\u00c4R",
        "price": 2.83,
        "price_kilo": 9.43,
        "slug": "pan-de-molde-cereales-sin-gluten",
        "description": "Pan de Molde Cereales sin Gluten 300 Gr",
        "image": "https:\/\/cdn-consum.aktiosdigitalservices.com\/tol\/consum\/media\/product\/img\/300x300\/7282028.jpg?t=20250311110042"
    },
    {
        "id": 14642,
        "name": "Tenders Pollo Barbacoa y Miel congelados FRIPOZO",
        "price": 2.49,
        "price_kilo": 9.96,
        "slug": "tenders-pollo-barbacoa-y-miel-congelados",
        "description": "Tenders Pollo Barbacoa y Miel congelados 250 Gr",
        "image": "https:\/\/cdn-consum.aktiosdigitalservices.com\/tol\/consum\/media\/product\/img\/300x300\/7282226.jpg?t=20250227092517"
    },
    {
        "id": 14647,
        "name": "Manzana Ambrosia Bolsa ",
        "price": 2.89,
        "price_kilo": 2.89,
        "slug": "manzana-ambrosia-bolsa",
        "description": "Manzana Ambrosia Bolsa 1 U",
        "image": "https:\/\/cdn-consum.aktiosdigitalservices.com\/tol\/consum\/media\/product\/img\/300x300\/7282692.jpg?t=20250204080914"
    },
    {
        "id": 14648,
        "name": "Danacol Beber Tropical 0% Azucares A\u00f1adidos DANONE",
        "price": 3.69,
        "price_kilo": 6.15,
        "slug": "danacol-beber-tropical-0-azucares-anadidos",
        "description": "Danacol Beber Tropical 0% Azucares A\u00f1adidos 6 x 100 Gr",
        "image": "https:\/\/cdn-consum.aktiosdigitalservices.com\/tol\/consum\/media\/product\/img\/300x300\/7049349.jpg?t=20250227090444"
    },
    {
        "id": 14651,
        "name": "Agua Mineral Natural de Mineralizaci\u00f3n Muy d\u00e9bil BEZOYA",
        "price": 0.59,
        "price_kilo": 1.18,
        "slug": "agua-mineral-natural-de-mineralizacion-muy-debil",
        "description": "Agua Mineral Natural de Mineralizaci\u00f3n Muy d\u00e9bil Bezoya 0,5 L",
        "image": "https:\/\/cdn-consum.aktiosdigitalservices.com\/tol\/consum\/media\/product\/img\/300x300\/7090814.jpg?t=20250312092745"
    },
    {
        "id": 14652,
        "name": "Detergente Concentrado Ropa Blanca y Color CONSUM",
        "price": 3.09,
        "price_kilo": 0.12,
        "slug": "detergente-concentrado-ropa-blanca-y-color",
        "description": "Detergente Concentrado Ropa Blanca y Color 25 Lv",
        "image": "https:\/\/cdn-consum.aktiosdigitalservices.com\/tol\/consum\/media\/product\/img\/300x300\/7181436.jpg?t=20250311164551"
    },
    {
        "id": 14680,
        "name": "Danacol Natural 0% Az\u00facares A\u00f1adidos DANONE",
        "price": 6.99,
        "price_kilo": 5.83,
        "slug": "danacol-natural-0-azucares-anadidos",
        "description": "Danacol Natural 0% Az\u00facares A\u00f1adidos 12 x 100 Gr",
        "image": "https:\/\/cdn-consum.aktiosdigitalservices.com\/tol\/consum\/media\/product\/img\/300x300\/7282150.jpg?t=20250227092512"
    },
    {
        "id": 14681,
        "name": "Danacol Sabor Fresa 0% Az\u00facares A\u00f1adidos DANONE",
        "price": 6.99,
        "price_kilo": 5.83,
        "slug": "danacol-sabor-fresa-0-azucares-anadidos",
        "description": "Danacol Sabor Fresa 0% Az\u00facares A\u00f1adidos 12 x 100 Gr",
        "image": "https:\/\/cdn-consum.aktiosdigitalservices.com\/tol\/consum\/media\/product\/img\/300x300\/7282155.jpg?t=20250227092514"
    },
    {
        "id": 14697,
        "name": "Taco Lomo Ib\u00e9rico Cebo Campo 50% Raza Ib\u00e9rica MONTARAZ",
        "price": 11.38,
        "price_kilo": 37.9,
        "slug": "taco-lomo-iberico-cebo-campo-50-raza-iberica",
        "description": "Taco Lomo Ib\u00e9rico Cebo Campo 50% Raza Ib\u00e9rica",
        "image": "https:\/\/cdn-consum.aktiosdigitalservices.com\/tol\/consum\/media\/product\/img\/300x300\/7170454.jpg?t=20250319075826"
    },
    {
        "id": 14701,
        "name": "Zumo Tomate Brik CONSUM",
        "price": 1.05,
        "price_kilo": 1.05,
        "slug": "zumo-tomate-brik",
        "description": "Zumo Tomate Brik 1 L",
        "image": "https:\/\/cdn-consum.aktiosdigitalservices.com\/tol\/consum\/media\/product\/img\/300x300\/7265312.jpg?t=20241217081107"
    },
    {
        "id": 14702,
        "name": "Crema Pies Pharma con Urea KYREY PHARMA",
        "price": 1.2,
        "price_kilo": 0.96,
        "slug": "crema-pies-pharma-con-urea",
        "description": "Crema Pies Pharma con Urea 125 ml",
        "image": "https:\/\/cdn-consum.aktiosdigitalservices.com\/tol\/consum\/media\/product\/img\/300x300\/7266927.jpg?t=20241224080941"
    },
    {
        "id": 14703,
        "name": "Servilleta Cocktail 2 Capas 20x20 CONSUM",
        "price": 1.2,
        "price_kilo": 0.01,
        "slug": "servilleta-cocktail-2-capas-20x20",
        "description": "Servilleta Cocktail 2 Capas 20x20 100 U",
        "image": "https:\/\/cdn-consum.aktiosdigitalservices.com\/tol\/consum\/media\/product\/img\/300x300\/7269637.jpg?t=20241217081108"
    },
    {
        "id": 14710,
        "name": "Refresco Aloe Fresa Botella OKF",
        "price": 1.55,
        "price_kilo": 3.1,
        "slug": "refresco-aloe-fresa-botella",
        "description": "Refresco Aloe Fresa Botella 0,5 L",
        "image": "https:\/\/cdn-consum.aktiosdigitalservices.com\/tol\/consum\/media\/product\/img\/300x300\/7282445.jpg?t=20241217081114"
    },
    {
        "id": 14714,
        "name": "Palito Sobrasada 4 Unidades ",
        "price": 1.39,
        "price_kilo": 12.64,
        "slug": "palito-sobrasada-4-unidades",
        "description": "Palito Sobrasada 4 Unidades 110 Gr",
        "image": "https:\/\/cdn-consum.aktiosdigitalservices.com\/tol\/consum\/media\/product\/img\/300x300\/7282742.jpg?t=20250314121536"
    },
    {
        "id": 14737,
        "name": "Tarta Galleta Ar\u00e1ndanos Nata y Queso ",
        "price": 9.95,
        "price_kilo": 19.9,
        "slug": "tarta-galleta-arandanos-nata-y-queso",
        "description": "Tarta Galleta Ar\u00e1ndanos Nata y Queso 500 Gr",
        "image": "https:\/\/cdn-consum.aktiosdigitalservices.com\/tol\/consum\/media\/product\/img\/300x300\/7268253.jpg?t=20250312160501"
    },
    {
        "id": 14738,
        "name": "Discos Ovalados KYREY",
        "price": 1.2,
        "price_kilo": 0.02,
        "slug": "discos-ovalados",
        "description": "Discos Ovalados 80 U",
        "image": "https:\/\/cdn-consum.aktiosdigitalservices.com\/tol\/consum\/media\/product\/img\/300x300\/7271836.jpg?t=20241217081109"
    },
    {
        "id": 14739,
        "name": "Chicle Fresa sin Az\u00facar Paquete 32 Unidades CONSUM",
        "price": 1,
        "price_kilo": 2.22,
        "slug": "chicle-fresa-sin-azucar-paquete-32-unidades",
        "description": "Chicle Fresa sin Az\u00facar Paquete 32 Unidades 45 Gr",
        "image": "https:\/\/cdn-consum.aktiosdigitalservices.com\/tol\/consum\/media\/product\/img\/300x300\/7274863.jpg?t=20250311124632"
    },
    {
        "id": 14740,
        "name": "Chicle Menta sin Az\u00facar Paquete 32 Unidades CONSUM",
        "price": 1,
        "price_kilo": 2.22,
        "slug": "chicle-menta-sin-azucar-paquete-32-unidades",
        "description": "Chicle Menta sin Az\u00facar Paquete 32 Unidades 45 Gr",
        "image": "https:\/\/cdn-consum.aktiosdigitalservices.com\/tol\/consum\/media\/product\/img\/300x300\/7274868.jpg?t=20250312092756"
    },
    {
        "id": 14741,
        "name": "Chicle Hierbabuena sin Az\u00facar Paquete 32 U. CONSUM",
        "price": 1,
        "price_kilo": 2.22,
        "slug": "chicle-hierbabuena-sin-azucar-paquete-32-u",
        "description": "Chicle Hierbabuena sin Az\u00facar Paquete 32 U. 45 Gr",
        "image": "https:\/\/cdn-consum.aktiosdigitalservices.com\/tol\/consum\/media\/product\/img\/300x300\/7274871.jpg?t=20250311124638"
    },
    {
        "id": 14742,
        "name": "Chicle Menta Regaliz sin Az\u00facar Paquete 32 U. CONSUM",
        "price": 0.95,
        "price_kilo": 2.11,
        "slug": "chicle-menta-regaliz-sin-azucar-paquete-32-u",
        "description": "Chicle Menta Regaliz sin Az\u00facar Paquete 32 U. 45 Gr",
        "image": "https:\/\/cdn-consum.aktiosdigitalservices.com\/tol\/consum\/media\/product\/img\/300x300\/7274876.jpg?t=20250311124640"
    },
    {
        "id": 14758,
        "name": "Pan Rallado Estilo Japon\u00e9s Paquete FRUMEN",
        "price": 1.65,
        "price_kilo": 11,
        "slug": "pan-rallado-estilo-japones-paquete",
        "description": "Pan Rallado Estilo Japon\u00e9s Paquete 150 Gr",
        "image": "https:\/\/cdn-consum.aktiosdigitalservices.com\/tol\/consum\/media\/product\/img\/300x300\/7282239.jpg?t=20250228080246"
    },
    {
        "id": 14760,
        "name": "Pan Vitalite WASA",
        "price": 2.59,
        "price_kilo": 9.25,
        "slug": "pan-vitalite",
        "description": "Pan Vitalite 280 Gr",
        "image": "https:\/\/cdn-consum.aktiosdigitalservices.com\/tol\/consum\/media\/product\/img\/300x300\/7282494.jpg?t=20250318080245"
    },
    {
        "id": 14767,
        "name": "Cerveza Lata AMSTEL",
        "price": 0.74,
        "price_kilo": 2.24,
        "slug": "cerveza-lata",
        "description": "Cerveza Lata 0,33 L",
        "image": "https:\/\/cdn-consum.aktiosdigitalservices.com\/tol\/consum\/media\/product\/img\/300x300\/7283096.jpg?t=20250320080029"
    },
    {
        "id": 14770,
        "name": "Torcidas Regaliz Fresa Rellenas FINI",
        "price": 0.85,
        "price_kilo": 6.8,
        "slug": "torcidas-regaliz-fresa-rellenas",
        "description": "Torcidas Regaliz Fresa Rellenas 125 Gr",
        "image": "https:\/\/cdn-consum.aktiosdigitalservices.com\/tol\/consum\/media\/product\/img\/300x300\/7283971.jpg?t=20250311124706"
    },
    {
        "id": 14772,
        "name": "Snack Perros Dental Small DENTALIFE",
        "price": 1.99,
        "price_kilo": 17.3,
        "slug": "snack-perros-dental-small",
        "description": "Snack Perros Dental Small 115 Gr",
        "image": "https:\/\/cdn-consum.aktiosdigitalservices.com\/tol\/consum\/media\/product\/img\/300x300\/7284271.jpg?t=20250312092757"
    },
    {
        "id": 14775,
        "name": "Habas Granel ",
        "price": 3.99,
        "price_kilo": 3.99,
        "slug": "habas-granel",
        "description": "Habas Granel",
        "image": "https:\/\/cdn-consum.aktiosdigitalservices.com\/tol\/consum\/media\/product\/img\/300x300\/7213056.jpg?t=20250318080935"
    },
    {
        "id": 14777,
        "name": "Gamuzas Impregnadas CONSUM",
        "price": 1.6,
        "price_kilo": 0.08,
        "slug": "gamuzas-impregnadas",
        "description": "Gamuzas Impregnadas 20 U",
        "image": "https:\/\/cdn-consum.aktiosdigitalservices.com\/tol\/consum\/media\/product\/img\/300x300\/7259851.jpg?t=20241217081104"
    },
    {
        "id": 14778,
        "name": "Tamp\u00f3n con Aplicador Compacto S\u00faper KYREY",
        "price": 3.49,
        "price_kilo": 0.11,
        "slug": "tampon-con-aplicador-compacto-super",
        "description": "Tamp\u00f3n con Aplicador Compacto S\u00faper 32 U",
        "image": "https:\/\/cdn-consum.aktiosdigitalservices.com\/tol\/consum\/media\/product\/img\/300x300\/7269699.jpg?t=20241217081108"
    },
    {
        "id": 14779,
        "name": "Tamp\u00f3n con Aplicador Cart\u00f3n Regular KYREY",
        "price": 2.79,
        "price_kilo": 0.09,
        "slug": "tampon-con-aplicador-carton-regular",
        "description": "Tamp\u00f3n con Aplicador Cart\u00f3n Regular 30 U",
        "image": "https:\/\/cdn-consum.aktiosdigitalservices.com\/tol\/consum\/media\/product\/img\/300x300\/7269988.jpg?t=20241217081108"
    },
    {
        "id": 14781,
        "name": "Leche Condensada Entera CONSUM",
        "price": 2.1,
        "price_kilo": 5.68,
        "slug": "leche-condensada-entera",
        "description": "Leche Condensada Entera 370 Gr",
        "image": "https:\/\/cdn-consum.aktiosdigitalservices.com\/tol\/consum\/media\/product\/img\/300x300\/7274913.jpg?t=20250311105944"
    },
    {
        "id": 14789,
        "name": "Ambientador Freshmatic Aparato Difusor Nenuco AIR WICK",
        "price": 9.25,
        "price_kilo": 9.25,
        "slug": "ambientador-freshmatic-aparato-difusor-nenuco",
        "description": "Ambientador Freshmatic Aparato Difusor Nenuco 1 U",
        "image": "https:\/\/cdn-consum.aktiosdigitalservices.com\/tol\/consum\/media\/product\/img\/300x300\/7282549.jpg?t=20241217081114"
    },
    {
        "id": 14797,
        "name": "Vino Tinto Vendimia Selecci\u00f3n D.O.Rioja FAUST.RIVERO",
        "price": 5.45,
        "price_kilo": 7.27,
        "slug": "vino-tinto-vendimia-seleccion-dorioja",
        "description": "Vino Tinto Vendimia Selecci\u00f3n D.O.Rioja 0,75 L",
        "image": "https:\/\/cdn-consum.aktiosdigitalservices.com\/tol\/consum\/media\/product\/img\/300x300\/7282960.jpg?t=20250221080033"
    },
    {
        "id": 14804,
        "name": "Tortilla Nachips Bolsa OLD EL PASO",
        "price": 2.75,
        "price_kilo": 14.86,
        "slug": "tortilla-nachips-bolsa",
        "description": "Tortilla Nachips Bolsa 185 Gr",
        "image": "https:\/\/cdn-consum.aktiosdigitalservices.com\/tol\/consum\/media\/product\/img\/300x300\/7284206.jpg?t=20250206093125"
    },
    {
        "id": 14808,
        "name": "Mascarilla HB Keratina Cabello Liso FRUCTIS",
        "price": 5.2,
        "price_kilo": 1.63,
        "slug": "mascarilla-hb-keratina-cabello-liso",
        "description": "Mascarilla HB Keratina Cabello Liso 320 ml",
        "image": "https:\/\/cdn-consum.aktiosdigitalservices.com\/tol\/consum\/media\/product\/img\/300x300\/7284594.jpg?t=20250206093132"
    },
    {
        "id": 14817,
        "name": "H\u00edgado de Pato MARTIKO",
        "price": 11.75,
        "price_kilo": 87.04,
        "slug": "higado-de-pato",
        "description": "H\u00edgado de Pato 135 Gr",
        "image": "https:\/\/cdn-consum.aktiosdigitalservices.com\/tol\/consum\/media\/product\/img\/300x300\/7233604.jpg?t=20241217081052"
    },
    {
        "id": 14822,
        "name": "Refresco Lim\u00f3n Cero Botella CONSUM",
        "price": 0.95,
        "price_kilo": 0.48,
        "slug": "refresco-limon-cero-botella",
        "description": "Refresco Lim\u00f3n Cero Botella 2 L",
        "image": "https:\/\/cdn-consum.aktiosdigitalservices.com\/tol\/consum\/media\/product\/img\/300x300\/7260284.jpg?t=20250207080032"
    },
    {
        "id": 14823,
        "name": "Refresco Naranja Cero Botella CONSUM",
        "price": 0.95,
        "price_kilo": 0.48,
        "slug": "refresco-naranja-cero-botella",
        "description": "Refresco Naranja Cero Botella 2 L",
        "image": "https:\/\/cdn-consum.aktiosdigitalservices.com\/tol\/consum\/media\/product\/img\/300x300\/7260289.jpg?t=20250207080035"
    },
    {
        "id": 14831,
        "name": "Patatas Fritas Flor de Sal con Hierbas Arom\u00e1ticas CONSUM",
        "price": 1.99,
        "price_kilo": 13.27,
        "slug": "patatas-fritas-flor-de-sal-con-hierbas-aromaticas",
        "description": "Patatas Fritas Flor de Sal con Hierbas Arom\u00e1ticas 150 Gr",
        "image": "https:\/\/cdn-consum.aktiosdigitalservices.com\/tol\/consum\/media\/product\/img\/300x300\/7277259.jpg?t=20241217081111"
    },
    {
        "id": 14834,
        "name": "K\u00e9tchup 50% Menos Az\u00facar y Sal HEINZ",
        "price": 3.99,
        "price_kilo": 7.25,
        "slug": "ketchup-50-menos-azucar-y-sal",
        "description": "K\u00e9tchup 50% Menos Az\u00facar y Sal 550 Gr",
        "image": "https:\/\/cdn-consum.aktiosdigitalservices.com\/tol\/consum\/media\/product\/img\/300x300\/7282247.jpg?t=20250206093113"
    },
    {
        "id": 14839,
        "name": "Maxibon Mini Nata Pack de 6 Unidades NESTLE",
        "price": 5.99,
        "price_kilo": 19.58,
        "slug": "maxibon-mini-nata-pack-de-6-unidades",
        "description": "Maxibon Mini Nata Pack de 6 Unidades 306 Gr",
        "image": "https:\/\/cdn-consum.aktiosdigitalservices.com\/tol\/consum\/media\/product\/img\/300x300\/7282911.jpg?t=20250320080026"
    },
    {
        "id": 14843,
        "name": "Cono Nata-Chocolate X4 sin Gluten\/Lactosa ROYNE",
        "price": 4.35,
        "price_kilo": 13.59,
        "slug": "cono-nata-chocolate-x4-sin-gluten-lactosa",
        "description": "Cono Nata-Chocolate X4 sin Gluten\/Lactosa 320 Gr",
        "image": "https:\/\/cdn-consum.aktiosdigitalservices.com\/tol\/consum\/media\/product\/img\/300x300\/7283125.jpg?t=20250315075822"
    },
    {
        "id": 14844,
        "name": "Bomb\u00f3n Choco-Nata X4 s\/Az.A\u00f1adido\/Glut\/Lact ROYNE",
        "price": 4.59,
        "price_kilo": 12.75,
        "slug": "bombon-choco-nata-x4-s-azanadido-glut-lact",
        "description": "Bomb\u00f3n Choco-Nata X4 s\/Az.A\u00f1adido\/Glut\/Lact 360 Gr",
        "image": "https:\/\/cdn-consum.aktiosdigitalservices.com\/tol\/consum\/media\/product\/img\/300x300\/7283133.jpg?t=20250315075824"
    },
    {
        "id": 14852,
        "name": "Whisky Escoc\u00e9s H.QUEEN",
        "price": 13.5,
        "price_kilo": 13.5,
        "slug": "whisky-escoces",
        "description": "Whisky Escoc\u00e9s 1 L",
        "image": "https:\/\/cdn-consum.aktiosdigitalservices.com\/tol\/consum\/media\/product\/img\/300x300\/7284888.jpg?t=20241217081116"
    },
    {
        "id": 14853,
        "name": "Licor Crema de Arroz Con Fresas HUERTA ONDA",
        "price": 6.5,
        "price_kilo": 9.29,
        "slug": "licor-crema-de-arroz-con-fresas",
        "description": "Licor Crema de Arroz Con Fresas 0,7 L",
        "image": "https:\/\/cdn-consum.aktiosdigitalservices.com\/tol\/consum\/media\/product\/img\/300x300\/7284891.jpg?t=20241217081116"
    },
    {
        "id": 14862,
        "name": "Mousse de Caf\u00e9 Pack de 4 Unidades LA LECHERA",
        "price": 2.15,
        "price_kilo": 9.11,
        "slug": "mousse-de-cafe-pack-de-4-unidades",
        "description": "Mousse de Caf\u00e9 Pack de 4 Unidades 4 x 59 Gr",
        "image": "https:\/\/cdn-consum.aktiosdigitalservices.com\/tol\/consum\/media\/product\/img\/300x300\/48637.jpg?t=20250227085600"
    },
    {
        "id": 14869,
        "name": "Pizza Romana TARRADELLAS",
        "price": 3.19,
        "price_kilo": 7.78,
        "slug": "pizza-romana",
        "description": "Pizza Romana 410 Gr",
        "image": "https:\/\/cdn-consum.aktiosdigitalservices.com\/tol\/consum\/media\/product\/img\/300x300\/500587.jpg?t=20241217080950"
    },
    {
        "id": 14874,
        "name": "Cuajada Natural Azucarada Pack de 2 U DANONE",
        "price": 1.49,
        "price_kilo": 5.52,
        "slug": "cuajada-natural-azucarada-pack-de-2-u",
        "description": "Cuajada Natural Azucarada Pack de 2 U 2 x 135 Gr",
        "image": "https:\/\/cdn-consum.aktiosdigitalservices.com\/tol\/consum\/media\/product\/img\/300x300\/4226858.jpg?t=20241217080958"
    },
    {
        "id": 14878,
        "name": "Vino Rosado Garrafa VI\u00d1A CORBA",
        "price": 2.7,
        "price_kilo": 1.35,
        "slug": "vino-rosado-garrafa",
        "description": "Vino Rosado Garrafa 2 L",
        "image": "https:\/\/cdn-consum.aktiosdigitalservices.com\/tol\/consum\/media\/product\/img\/300x300\/7015485.jpg?t=20241217081001"
    },
    {
        "id": 14881,
        "name": "Delisandwich Cangrejo SERRANO",
        "price": 1.69,
        "price_kilo": 13,
        "slug": "delisandwich-cangrejo",
        "description": "Delisandwich Cangrejo 130 Gr",
        "image": "https:\/\/cdn-consum.aktiosdigitalservices.com\/tol\/consum\/media\/product\/img\/300x300\/7063142.jpg?t=20241217081012"
    },
    {
        "id": 14883,
        "name": "Bitter con Alcohol CAMPARI",
        "price": 15.5,
        "price_kilo": 22.14,
        "slug": "bitter-con-alcohol",
        "description": "Bitter con Alcohol 0,7 L",
        "image": "https:\/\/cdn-consum.aktiosdigitalservices.com\/tol\/consum\/media\/product\/img\/300x300\/7089803.jpg?t=20250319075801"
    },
    {
        "id": 14887,
        "name": "Salami Finas Hierbas Finas Lonchas SOL\u00c0",
        "price": 2.85,
        "price_kilo": 19,
        "slug": "salami-finas-hierbas-finas-lonchas",
        "description": "Salami Finas Hierbas Finas Lonchas 150 Gr",
        "image": "https:\/\/cdn-consum.aktiosdigitalservices.com\/tol\/consum\/media\/product\/img\/300x300\/7097459.jpg?t=20250227090651"
    },
    {
        "id": 14889,
        "name": "Galletas Mini de Cacao Rellenas de Crema OREO",
        "price": 1.99,
        "price_kilo": 12.44,
        "slug": "galletas-mini-de-cacao-rellenas-de-crema",
        "description": "Galletas Mini de Cacao Rellenas de Crema 160 Gr",
        "image": "https:\/\/cdn-consum.aktiosdigitalservices.com\/tol\/consum\/media\/product\/img\/300x300\/7104362.jpg?t=20250311104415"
    },
    {
        "id": 14890,
        "name": "Galleta Mini Pr\u00edncipe LU",
        "price": 1.99,
        "price_kilo": 12.44,
        "slug": "galleta-mini-principe",
        "description": "Galleta Mini Pr\u00edncipe 160 Gr",
        "image": "https:\/\/cdn-consum.aktiosdigitalservices.com\/tol\/consum\/media\/product\/img\/300x300\/7112605.jpg?t=20250311164542"
    },
    {
        "id": 14907,
        "name": "Ensalada de Patatas con  Allioli CHOVI",
        "price": 1.69,
        "price_kilo": 6.76,
        "slug": "ensalada-de-patatas-con-allioli",
        "description": "Ensalada de Patatas con  Allioli 250 Gr",
        "image": "https:\/\/cdn-consum.aktiosdigitalservices.com\/tol\/consum\/media\/product\/img\/300x300\/7191591.jpg?t=20241217081036"
    },
    {
        "id": 14937,
        "name": "Palito Maruca Ingl\u00e9s ANGOMAR",
        "price": 2.19,
        "price_kilo": 29.2,
        "slug": "palito-maruca-ingles",
        "description": "Palito Maruca Ingl\u00e9s 75 Gr",
        "image": "https:\/\/cdn-consum.aktiosdigitalservices.com\/tol\/consum\/media\/product\/img\/300x300\/7213411.jpg?t=20250220080303"
    },
    {
        "id": 14938,
        "name": "Anchoas en Salmuera BRUIMAR",
        "price": 4.7,
        "price_kilo": 22.38,
        "slug": "anchoas-en-salmuera",
        "description": "Anchoas en Salmuera 210 Gr",
        "image": "https:\/\/cdn-consum.aktiosdigitalservices.com\/tol\/consum\/media\/product\/img\/300x300\/7213887.jpg?t=20241217081044"
    },
    {
        "id": 14939,
        "name": "Philadelphia Light Tarrina PHILADELPHIA",
        "price": 3.25,
        "price_kilo": 9.28,
        "slug": "philadelphia-light-tarrina",
        "description": "Philadelphia Light Tarrina 350 Gr",
        "image": "https:\/\/cdn-consum.aktiosdigitalservices.com\/tol\/consum\/media\/product\/img\/300x300\/7214765.jpg?t=20250312160251"
    },
    {
        "id": 14948,
        "name": "Batido Cacao 0% Botella CACAOLAT",
        "price": 2.6,
        "price_kilo": 2.6,
        "slug": "batido-cacao-0-botella",
        "description": "Batido Cacao 0% Botella 1 L",
        "image": "https:\/\/cdn-consum.aktiosdigitalservices.com\/tol\/consum\/media\/product\/img\/300x300\/7221732.jpg?t=20250311105315"
    },
    {
        "id": 14954,
        "name": "Membrillo en Lonchas SANTA TERESA",
        "price": 3.25,
        "price_kilo": 21.67,
        "slug": "membrillo-en-lonchas",
        "description": "Membrillo en Lonchas 150 Gr",
        "image": "https:\/\/cdn-consum.aktiosdigitalservices.com\/tol\/consum\/media\/product\/img\/300x300\/7225019.jpg?t=20241217081048"
    },
    {
        "id": 14960,
        "name": "Helado de Fresa 460 Ml. HAAGEN DAZS",
        "price": 7.29,
        "price_kilo": 18.23,
        "slug": "helado-de-fresa-460-ml",
        "description": "Helado de Fresa 460 Ml. 400 Gr",
        "image": "https:\/\/cdn-consum.aktiosdigitalservices.com\/tol\/consum\/media\/product\/img\/300x300\/7231731.jpg?t=20250218080414"
    },
    {
        "id": 14980,
        "name": "Carrot Cake Tarta de Zanahoria ",
        "price": 11.5,
        "price_kilo": 14.94,
        "slug": "carrot-cake-tarta-de-zanahoria",
        "description": "Carrot Cake Tarta de Zanahoria 770 Gr",
        "image": "https:\/\/cdn-consum.aktiosdigitalservices.com\/tol\/consum\/media\/product\/img\/300x300\/7252641.jpg?t=20250101081419"
    },
    {
        "id": 14995,
        "name": "Tarrina de Lomo Lonchas ARCOS",
        "price": 6.59,
        "price_kilo": 26.36,
        "slug": "tarrina-de-lomo-lonchas",
        "description": "Tarrina de Lomo Lonchas 250 Gr",
        "image": "https:\/\/cdn-consum.aktiosdigitalservices.com\/tol\/consum\/media\/product\/img\/300x300\/7257645.jpg?t=20241217081103"
    },
    {
        "id": 15006,
        "name": "Vino Blanco Verdejo D.O.Valdepe\u00f1as VI\u00d1A ALBALI",
        "price": 2.99,
        "price_kilo": 3.99,
        "slug": "vino-blanco-verdejo-dovaldepenas",
        "description": "Vino Blanco Verdejo D.O.Valdepe\u00f1as 0,75 L",
        "image": "https:\/\/cdn-consum.aktiosdigitalservices.com\/tol\/consum\/media\/product\/img\/300x300\/7259963.jpg?t=20250227092250"
    },
    {
        "id": 15007,
        "name": "Queso Cheddar Lonchas ARLA",
        "price": 2.95,
        "price_kilo": 19.67,
        "slug": "queso-cheddar-lonchas",
        "description": "Queso Cheddar Lonchas 150 Gr",
        "image": "https:\/\/cdn-consum.aktiosdigitalservices.com\/tol\/consum\/media\/product\/img\/300x300\/7260649.jpg?t=20250206092754"
    },
    {
        "id": 15009,
        "name": "Servilleta 3 Capas Blanca 40x40 CONSUM",
        "price": 3.19,
        "price_kilo": 0.06,
        "slug": "servilleta-3-capas-blanca-40x40",
        "description": "Servilleta 3 Capas Blanca 40x40 50 U",
        "image": "https:\/\/cdn-consum.aktiosdigitalservices.com\/tol\/consum\/media\/product\/img\/300x300\/7262678.jpg?t=20241217081106"
    },
    {
        "id": 15017,
        "name": "Barrita con Fruta Para Periquitos BIOZOO",
        "price": 1.24,
        "price_kilo": 0.62,
        "slug": "barrita-con-fruta-para-periquitos",
        "description": "Barrita con Fruta Para Periquitos 2 U",
        "image": "https:\/\/cdn-consum.aktiosdigitalservices.com\/tol\/consum\/media\/product\/img\/300x300\/7265031.jpg?t=20241217081107"
    },
    {
        "id": 15018,
        "name": "Barrita Fruta Para Canarios BIOZOO",
        "price": 1.24,
        "price_kilo": 20.67,
        "slug": "barrita-fruta-para-canarios",
        "description": "Barrita Fruta Para Canarios 60 Gr",
        "image": "https:\/\/cdn-consum.aktiosdigitalservices.com\/tol\/consum\/media\/product\/img\/300x300\/7265044.jpg?t=20241217081107"
    },
    {
        "id": 15019,
        "name": "Barrita con Miel Para Periquitos BIOZOO",
        "price": 1.24,
        "price_kilo": 0.62,
        "slug": "barrita-con-miel-para-periquitos",
        "description": "Barrita con Miel Para Periquitos 2 U",
        "image": "https:\/\/cdn-consum.aktiosdigitalservices.com\/tol\/consum\/media\/product\/img\/300x300\/7265049.jpg?t=20241217081107"
    },
    {
        "id": 15020,
        "name": "Barrita con Miel Para Canarios BIOZOO",
        "price": 1.24,
        "price_kilo": 0.62,
        "slug": "barrita-con-miel-para-canarios",
        "description": "Barrita con Miel Para Canarios 2 U",
        "image": "https:\/\/cdn-consum.aktiosdigitalservices.com\/tol\/consum\/media\/product\/img\/300x300\/7265069.jpg?t=20250304115721"
    },
    {
        "id": 15024,
        "name": "Cappuccino Natural Soluble NESCAFE",
        "price": 4.8,
        "price_kilo": 19.2,
        "slug": "cappuccino-natural-soluble",
        "description": "Cappuccino Natural Soluble 250 Gr",
        "image": "https:\/\/cdn-consum.aktiosdigitalservices.com\/tol\/consum\/media\/product\/img\/300x300\/7266096.jpg?t=20250311133813"
    },
    {
        "id": 15030,
        "name": "Pechuga de Pavo Braseada Fin\u00edssimas CAMPOFR\u00cdO",
        "price": 1.95,
        "price_kilo": 16.96,
        "slug": "pechuga-de-pavo-braseada-finissimas",
        "description": "Pechuga de Pavo Braseada Fin\u00edssimas 115 Gr",
        "image": "https:\/\/cdn-consum.aktiosdigitalservices.com\/tol\/consum\/media\/product\/img\/300x300\/7268279.jpg?t=20250206092933"
    },
    {
        "id": 15034,
        "name": "Longaniza Extra Reserva Exentis CAN DURAN",
        "price": 2.69,
        "price_kilo": 33.63,
        "slug": "longaniza-extra-reserva-exentis",
        "description": "Longaniza Extra Reserva Exentis 80 Gr",
        "image": "https:\/\/cdn-consum.aktiosdigitalservices.com\/tol\/consum\/media\/product\/img\/300x300\/7268667.jpg?t=20241217081108"
    },
    {
        "id": 15036,
        "name": "Queso de Cava Barus Cu\u00f1a G.BAQUERO",
        "price": 5.35,
        "price_kilo": 21.4,
        "slug": "queso-de-cava-barus-cuna",
        "description": "Queso de Cava Barus Cu\u00f1a 250 Gr",
        "image": "https:\/\/cdn-consum.aktiosdigitalservices.com\/tol\/consum\/media\/product\/img\/300x300\/7269574.jpg?t=20250121080346"
    },
    {
        "id": 15041,
        "name": "Snack Cuero Perro Hueso Prensado 93 Gr BIOZOO",
        "price": 1.35,
        "price_kilo": 0.68,
        "slug": "snack-cuero-perro-hueso-prensado-93-gr",
        "description": "Snack Cuero Perro Hueso Prensado 93 Gr 2 U",
        "image": "https:\/\/cdn-consum.aktiosdigitalservices.com\/tol\/consum\/media\/product\/img\/300x300\/7270833.jpg?t=20241217081109"
    },
    {
        "id": 15042,
        "name": "Snack Cuero Perro Hueso Prensado 16 cm BIOZOO",
        "price": 1.35,
        "price_kilo": 1.35,
        "slug": "snack-cuero-perro-hueso-prensado-16-cm",
        "description": "Snack Cuero Perro Hueso Prensado 16 cm 1 U",
        "image": "https:\/\/cdn-consum.aktiosdigitalservices.com\/tol\/consum\/media\/product\/img\/300x300\/7270838.jpg?t=20250304115721"
    },
    {
        "id": 15044,
        "name": "Rosquilletas Planas con Pipas CONSUM",
        "price": 1.28,
        "price_kilo": 8,
        "slug": "rosquilletas-planas-con-pipas",
        "description": "Rosquilletas Planas con Pipas 2 x 80 Gr",
        "image": "https:\/\/cdn-consum.aktiosdigitalservices.com\/tol\/consum\/media\/product\/img\/300x300\/7271323.jpg?t=20250312092756"
    },
    {
        "id": 15049,
        "name": "Salsa M\u00f3dena y Miel FLORETTE",
        "price": 2.19,
        "price_kilo": 8.76,
        "slug": "salsa-modena-y-miel",
        "description": "Salsa M\u00f3dena y Miel 250 Gr",
        "image": "https:\/\/cdn-consum.aktiosdigitalservices.com\/tol\/consum\/media\/product\/img\/300x300\/7271984.jpg?t=20241217081109"
    },
    {
        "id": 15053,
        "name": "Galleta Cookies Rellena Sensations MILKA",
        "price": 3.65,
        "price_kilo": 23.4,
        "slug": "galleta-cookies-rellena-sensations",
        "description": "Galleta Cookies Rellena Sensations 156 Gr",
        "image": "https:\/\/cdn-consum.aktiosdigitalservices.com\/tol\/consum\/media\/product\/img\/300x300\/7272201.jpg?t=20250311105916"
    },
    {
        "id": 15057,
        "name": "Philadelphia Salm\u00f3n PHILADELPHIA",
        "price": 2.7,
        "price_kilo": 18,
        "slug": "philadelphia-salmon",
        "description": "Philadelphia Salm\u00f3n 150 Gr",
        "image": "https:\/\/cdn-consum.aktiosdigitalservices.com\/tol\/consum\/media\/product\/img\/300x300\/7272458.jpg?t=20250227092421"
    },
    {
        "id": 15058,
        "name": "Pizza R\u00fastica congelada Cuatro Quesos RUSTICA",
        "price": 4.9,
        "price_kilo": 8.83,
        "slug": "pizza-rustica-congelada-cuatro-quesos",
        "description": "Pizza R\u00fastica congelada Cuatro Quesos 555 Gr",
        "image": "https:\/\/cdn-consum.aktiosdigitalservices.com\/tol\/consum\/media\/product\/img\/300x300\/7272532.jpg?t=20250227092423"
    },
    {
        "id": 15071,
        "name": "Garbanzo Cocido Frasco LOZANO",
        "price": 1.19,
        "price_kilo": 2.98,
        "slug": "garbanzo-cocido-frasco",
        "description": "Garbanzo Cocido Frasco 400 Gr",
        "image": "https:\/\/cdn-consum.aktiosdigitalservices.com\/tol\/consum\/media\/product\/img\/300x300\/7274801.jpg?t=20250319075859"
    },
    {
        "id": 15072,
        "name": "Alubia Cocida Frasco LOZANO",
        "price": 1.19,
        "price_kilo": 2.98,
        "slug": "alubia-cocida-frasco",
        "description": "Alubia Cocida Frasco 400 Gr",
        "image": "https:\/\/cdn-consum.aktiosdigitalservices.com\/tol\/consum\/media\/product\/img\/300x300\/7274806.jpg?t=20250319075900"
    },
    {
        "id": 15101,
        "name": "Caf\u00e9 Largo Tassimo C\u00e1psulas MARCILLA",
        "price": 5.89,
        "price_kilo": 0.37,
        "slug": "cafe-largo-tassimo-capsulas",
        "description": "Caf\u00e9 Largo Tassimo C\u00e1psulas 16 U",
        "image": "https:\/\/cdn-consum.aktiosdigitalservices.com\/tol\/consum\/media\/product\/img\/300x300\/7277312.jpg?t=20250311105959"
    },
    {
        "id": 15102,
        "name": "Galleta Tostada sin Az\u00facares GULLON ZERO",
        "price": 2.59,
        "price_kilo": 6.48,
        "slug": "galleta-tostada-sin-azucares",
        "description": "Galleta Tostada sin Az\u00facares 400 Gr",
        "image": "https:\/\/cdn-consum.aktiosdigitalservices.com\/tol\/consum\/media\/product\/img\/300x300\/7277478.jpg?t=20250311110009"
    },
    {
        "id": 15107,
        "name": "Tarrito Solo Eco Pera, Pl\u00e1tano y Zanahoria HERO",
        "price": 1.5,
        "price_kilo": 12.5,
        "slug": "tarrito-solo-eco-pera-platano-y-zanahoria",
        "description": "Tarrito Solo Eco Pera, Pl\u00e1tano y Zanahoria 120 Gr",
        "image": "https:\/\/cdn-consum.aktiosdigitalservices.com\/tol\/consum\/media\/product\/img\/300x300\/7277713.jpg?t=20250313080424"
    },
    {
        "id": 15122,
        "name": "Arroz Caldoso y Meloso Paquete LA FALLERA",
        "price": 2.69,
        "price_kilo": 2.69,
        "slug": "arroz-caldoso-y-meloso-paquete",
        "description": "Arroz Caldoso y Meloso Paquete 1 Kg",
        "image": "https:\/\/cdn-consum.aktiosdigitalservices.com\/tol\/consum\/media\/product\/img\/300x300\/7279870.jpg?t=20250206093039"
    },
    {
        "id": 15126,
        "name": "Tira Adhesiva tejido el\u00e1stico PHARMADOCT",
        "price": 1.65,
        "price_kilo": 0.41,
        "slug": "tira-adhesiva-tejido-elastico",
        "description": "Tira Adhesiva tejido el\u00e1stico 4 U",
        "image": "https:\/\/cdn-consum.aktiosdigitalservices.com\/tol\/consum\/media\/product\/img\/300x300\/7280126.jpg?t=20241217081113"
    },
    {
        "id": 15127,
        "name": "Venda El\u00e1stica Adhesiva PHARMADOCT",
        "price": 2.15,
        "price_kilo": 2.15,
        "slug": "venda-elastica-adhesiva",
        "description": "Venda El\u00e1stica Adhesiva 1 U",
        "image": "https:\/\/cdn-consum.aktiosdigitalservices.com\/tol\/consum\/media\/product\/img\/300x300\/7280134.jpg?t=20241217081113"
    },
    {
        "id": 15129,
        "name": "Cerveza Reserva Roja Botella Cristal Pack-4 ALHAMBRA",
        "price": 5.99,
        "price_kilo": 4.54,
        "slug": "cerveza-reserva-roja-botella-cristal-pack-4",
        "description": "Cerveza Reserva Roja Botella Cristal Pack-4 4 x 0,33 L",
        "image": "https:\/\/cdn-consum.aktiosdigitalservices.com\/tol\/consum\/media\/product\/img\/300x300\/7280279.jpg?t=20250312125524"
    },
    {
        "id": 15131,
        "name": "Vino Blanco D.O.Alicante BAHIA DENIA",
        "price": 4.9,
        "price_kilo": 6.53,
        "slug": "vino-blanco-doalicante",
        "description": "Vino Blanco D.O.Alicante 0,75 L",
        "image": "https:\/\/cdn-consum.aktiosdigitalservices.com\/tol\/consum\/media\/product\/img\/300x300\/7280431.jpg?t=20241217081113"
    },
    {
        "id": 15141,
        "name": "Arroz Largo LA FALLERA",
        "price": 1.97,
        "price_kilo": 1.97,
        "slug": "arroz-largo",
        "description": "Arroz Largo 1 Kg",
        "image": "https:\/\/cdn-consum.aktiosdigitalservices.com\/tol\/consum\/media\/product\/img\/300x300\/7282205.jpg?t=20250311110043"
    },
    {
        "id": 15146,
        "name": "Pan Fibra WASA",
        "price": 2.45,
        "price_kilo": 10.65,
        "slug": "pan-fibra",
        "description": "Pan Fibra 230 Gr",
        "image": "https:\/\/cdn-consum.aktiosdigitalservices.com\/tol\/consum\/media\/product\/img\/300x300\/7282481.jpg?t=20250311110046"
    },
    {
        "id": 15156,
        "name": "Bizcochitos Tosta Rica Caja 5 Unidades CUETARA",
        "price": 2.99,
        "price_kilo": 23.92,
        "slug": "bizcochitos-tosta-rica-caja-5-unidades",
        "description": "Bizcochitos Tosta Rica Caja 5 Unidades 163 Gr",
        "image": "https:\/\/cdn-consum.aktiosdigitalservices.com\/tol\/consum\/media\/product\/img\/300x300\/7283554.jpg?t=20250313080431"
    },
    {
        "id": 15173,
        "name": "Tamp\u00f3n con Aplicador Compacto Regular KYREY",
        "price": 3.49,
        "price_kilo": 0.11,
        "slug": "tampon-con-aplicador-compacto-regular",
        "description": "Tamp\u00f3n con Aplicador Compacto Regular 32 U",
        "image": "https:\/\/cdn-consum.aktiosdigitalservices.com\/tol\/consum\/media\/product\/img\/300x300\/7269702.jpg?t=20241217081108"
    },
    {
        "id": 15174,
        "name": "Tamp\u00f3n con Aplicador Cart\u00f3n S\u00faper KYREY",
        "price": 2.79,
        "price_kilo": 0.09,
        "slug": "tampon-con-aplicador-carton-super",
        "description": "Tamp\u00f3n con Aplicador Cart\u00f3n S\u00faper 30 U",
        "image": "https:\/\/cdn-consum.aktiosdigitalservices.com\/tol\/consum\/media\/product\/img\/300x300\/7269991.jpg?t=20241217081108"
    },
    {
        "id": 15175,
        "name": "Cerveza Original Lata DESPERADOS",
        "price": 1,
        "price_kilo": 3.03,
        "slug": "cerveza-original-lata",
        "description": "Cerveza Original Lata 0,33 L",
        "image": "https:\/\/cdn-consum.aktiosdigitalservices.com\/tol\/consum\/media\/product\/img\/300x300\/7276186.jpg?t=20250312125519"
    },
    {
        "id": 15178,
        "name": "Iso Go! Naranja Botella CONSUM",
        "price": 1,
        "price_kilo": 0.67,
        "slug": "iso-go-naranja-botella",
        "description": "Iso Go! Naranja Botella 1,5 L",
        "image": "https:\/\/cdn-consum.aktiosdigitalservices.com\/tol\/consum\/media\/product\/img\/300x300\/7279461.jpg?t=20241217081113"
    },
    {
        "id": 15179,
        "name": "Compresa Alas Noche AUSONIA",
        "price": 1.85,
        "price_kilo": 0.21,
        "slug": "compresa-alas-noche",
        "description": "Compresa Alas Noche 9 U",
        "image": "https:\/\/cdn-consum.aktiosdigitalservices.com\/tol\/consum\/media\/product\/img\/300x300\/7281160.jpg?t=20241217081114"
    },
    {
        "id": 15180,
        "name": "Compresa S\u00faper Alas AUSONIA",
        "price": 1.85,
        "price_kilo": 0.15,
        "slug": "compresa-super-alas",
        "description": "Compresa S\u00faper Alas 12 U",
        "image": "https:\/\/cdn-consum.aktiosdigitalservices.com\/tol\/consum\/media\/product\/img\/300x300\/7281165.jpg?t=20241217081114"
    },
    {
        "id": 15181,
        "name": "Compota Manzana y Melocot\u00f3n Pack de 2 ANELA",
        "price": 1.4,
        "price_kilo": 7,
        "slug": "compota-manzana-y-melocoton-pack-de-2",
        "description": "Compota Manzana y Melocot\u00f3n Pack de 2 2 x 100 Gr",
        "image": "https:\/\/cdn-consum.aktiosdigitalservices.com\/tol\/consum\/media\/product\/img\/300x300\/7282015.jpg?t=20250311133846"
    },
    {
        "id": 15182,
        "name": "Queso Fundido Light Queso Azul 16 Porciones VACA QUE RIE",
        "price": 3.1,
        "price_kilo": 12.4,
        "slug": "queso-fundido-light-queso-azul-16-porciones",
        "description": "Queso Fundido Light Queso Azul 16 Porciones 250 Gr",
        "image": "https:\/\/cdn-consum.aktiosdigitalservices.com\/tol\/consum\/media\/product\/img\/300x300\/7282296.jpg?t=20250103081456"
    },
    {
        "id": 15190,
        "name": "Mascarilla HB Prote\u00edna Cabellos Rizados FRUCTIS",
        "price": 5.2,
        "price_kilo": 1.63,
        "slug": "mascarilla-hb-proteina-cabellos-rizados",
        "description": "Mascarilla HB Prote\u00edna Cabellos Rizados 320 ml",
        "image": "https:\/\/cdn-consum.aktiosdigitalservices.com\/tol\/consum\/media\/product\/img\/300x300\/7284581.jpg?t=20250311133856"
    },
    {
        "id": 15199,
        "name": "Horchata Maestro Botella CHUFI",
        "price": 1.99,
        "price_kilo": 1.99,
        "slug": "horchata-maestro-botella",
        "description": "Horchata Maestro Botella 1 L",
        "image": "https:\/\/cdn-consum.aktiosdigitalservices.com\/tol\/consum\/media\/product\/img\/300x300\/7285844.jpg?t=20250318080941"
    },
    {
        "id": 15203,
        "name": "Champ\u00fa Pure Fresh Coco Ra\u00edz Grasa Puntas Secas FRUCTIS",
        "price": 4.55,
        "price_kilo": 1.2,
        "slug": "champu-pure-fresh-coco-raiz-grasa-puntas-secas",
        "description": "Champ\u00fa Pure Fresh Coco Ra\u00edz Grasa Puntas Secas 380 ml",
        "image": "https:\/\/cdn-consum.aktiosdigitalservices.com\/tol\/consum\/media\/product\/img\/300x300\/7285943.jpg?t=20250213080107"
    },
    {
        "id": 15206,
        "name": "Fartons Hojaldrados Bandeja 4 Unidades POLO",
        "price": 1.65,
        "price_kilo": 10.31,
        "slug": "fartons-hojaldrados-bandeja-4-unidades",
        "description": "Fartons Hojaldrados Bandeja 4 Unidades 160 Gr",
        "image": "https:\/\/cdn-consum.aktiosdigitalservices.com\/tol\/consum\/media\/product\/img\/300x300\/7286438.jpg?t=20250320080033"
    },
    {
        "id": 15207,
        "name": "Licor Crema de Arroz con Cazalla 5FANECADES",
        "price": 9.5,
        "price_kilo": 13.57,
        "slug": "licor-crema-de-arroz-con-cazalla",
        "description": "Licor Crema de Arroz con Cazalla 0,7 L",
        "image": "https:\/\/cdn-consum.aktiosdigitalservices.com\/tol\/consum\/media\/product\/img\/300x300\/7286503.jpg?t=20250227092539"
    },
    {
        "id": 15208,
        "name": "Chapelas Cacao Pack 3 Unidades DULCESOL",
        "price": 1,
        "price_kilo": 7.41,
        "slug": "chapelas-cacao-pack-3-unidades",
        "description": "Chapelas Cacao Pack 3 Unidades 135 Gr",
        "image": "https:\/\/cdn-consum.aktiosdigitalservices.com\/tol\/consum\/media\/product\/img\/300x300\/7286516.jpg?t=20250319080110"
    },
    {
        "id": 15220,
        "name": "Tequila ROSE",
        "price": 19.9,
        "price_kilo": 28.43,
        "slug": "tequila",
        "description": "Tequila 0,7 L",
        "image": "https:\/\/cdn-consum.aktiosdigitalservices.com\/tol\/consum\/media\/product\/img\/300x300\/7256936.jpg?t=20241217081103"
    },
    {
        "id": 15237,
        "name": "Pasta Fresca Rellena de Pollo Asado RANA",
        "price": 2.7,
        "price_kilo": 10.8,
        "slug": "pasta-fresca-rellena-de-pollo-asado",
        "description": "Pasta Fresca Rellena de Pollo Asado 250 Gr",
        "image": "https:\/\/cdn-consum.aktiosdigitalservices.com\/tol\/consum\/media\/product\/img\/300x300\/7282007.jpg?t=20250312125528"
    },
    {
        "id": 15239,
        "name": "Molinillo Sal con Hierbas Tarro TOQUE",
        "price": 2.25,
        "price_kilo": 28.85,
        "slug": "molinillo-sal-con-hierbas-tarro",
        "description": "Molinillo Sal con Hierbas Tarro 78 Gr",
        "image": "https:\/\/cdn-consum.aktiosdigitalservices.com\/tol\/consum\/media\/product\/img\/300x300\/7282697.jpg?t=20250311133852"
    },
    {
        "id": 15241,
        "name": "Kit Kat White Pack de 3 NESTLE",
        "price": 2.69,
        "price_kilo": 21.61,
        "slug": "kit-kat-white-pack-de-3",
        "description": "Kit Kat White Pack de 3 3 x 41,5 Gr",
        "image": "https:\/\/cdn-consum.aktiosdigitalservices.com\/tol\/consum\/media\/product\/img\/300x300\/7283943.jpg?t=20250311133853"
    },
    {
        "id": 15254,
        "name": "Champ\u00fa Fortificante Fuerza y Brillo FRUCTIS",
        "price": 4.55,
        "price_kilo": 1.2,
        "slug": "champu-fortificante-fuerza-y-brillo",
        "description": "Champ\u00fa Fortificante Fuerza y Brillo 380 ml",
        "image": "https:\/\/cdn-consum.aktiosdigitalservices.com\/tol\/consum\/media\/product\/img\/300x300\/7285914.jpg?t=20250311133900"
    },
    {
        "id": 15266,
        "name": "Bebida de Almendra sin Az\u00facar ALMENDROLA",
        "price": 1.65,
        "price_kilo": 1.65,
        "slug": "bebida-de-almendra-sin-azucar",
        "description": "Bebida de Almendra sin Az\u00facar 1 L",
        "image": "https:\/\/cdn-consum.aktiosdigitalservices.com\/tol\/consum\/media\/product\/img\/300x300\/7286482.jpg?t=20250311110117"
    },
    {
        "id": 15270,
        "name": "Panquemado ",
        "price": 3.29,
        "price_kilo": 10.97,
        "slug": "panquemado",
        "description": "Panquemado 300 Gr",
        "image": "https:\/\/cdn-consum.aktiosdigitalservices.com\/tol\/consum\/media\/product\/img\/300x300\/7100832.jpg?t=20250311133259"
    },
    {
        "id": 15273,
        "name": "Jeringa Mata Hormigas ORION",
        "price": 5.25,
        "price_kilo": 5.25,
        "slug": "jeringa-mata-hormigas",
        "description": "Jeringa Mata Hormigas 1 U",
        "image": "https:\/\/cdn-consum.aktiosdigitalservices.com\/tol\/consum\/media\/product\/img\/300x300\/7193097.jpg?t=20250320075912"
    },
    {
        "id": 15274,
        "name": "Jeringa Mata Cucarachas ORION",
        "price": 5.25,
        "price_kilo": 5.25,
        "slug": "jeringa-mata-cucarachas",
        "description": "Jeringa Mata Cucarachas 1 U",
        "image": "https:\/\/cdn-consum.aktiosdigitalservices.com\/tol\/consum\/media\/product\/img\/300x300\/7193100.jpg?t=20250320075914"
    },
    {
        "id": 15275,
        "name": "After Shave Loci\u00f3n KYREY MEN",
        "price": 2.19,
        "price_kilo": 0.88,
        "slug": "after-shave-locion",
        "description": "After Shave Loci\u00f3n 250 ml",
        "image": "https:\/\/cdn-consum.aktiosdigitalservices.com\/tol\/consum\/media\/product\/img\/300x300\/7216070.jpg?t=20241217081045"
    },
    {
        "id": 15276,
        "name": "Marineras Merluza y Gambas ",
        "price": 3.1,
        "price_kilo": 19.38,
        "slug": "marineras-merluza-y-gambas",
        "description": "Marineras Merluza y Gambas 2 x 80 Gr",
        "image": "https:\/\/cdn-consum.aktiosdigitalservices.com\/tol\/consum\/media\/product\/img\/300x300\/7247005.jpg?t=20250301075847"
    },
    {
        "id": 15293,
        "name": "Chopped de Pavo Lonchas ELPOZO",
        "price": 2,
        "price_kilo": 8.89,
        "slug": "chopped-de-pavo-lonchas",
        "description": "Chopped de Pavo Lonchas 225 Gr",
        "image": "https:\/\/cdn-consum.aktiosdigitalservices.com\/tol\/consum\/media\/product\/img\/300x300\/7283521.jpg?t=20250227092529"
    },
    {
        "id": 15298,
        "name": "Tortitas de Arroz Chocolate con Leche BICENTURY",
        "price": 2.19,
        "price_kilo": 16.84,
        "slug": "tortitas-de-arroz-chocolate-con-leche",
        "description": "Tortitas de Arroz Chocolate con Leche 130 Gr",
        "image": "https:\/\/cdn-consum.aktiosdigitalservices.com\/tol\/consum\/media\/product\/img\/300x300\/7285062.jpg?t=20250311133858"
    },
    {
        "id": 15299,
        "name": "Rosquilletas con Anises Horno Tradicional VELARTE",
        "price": 1.09,
        "price_kilo": 12.82,
        "slug": "rosquilletas-con-anises-horno-tradicional",
        "description": "Rosquilletas con Anises Horno Tradicional 85 Gr",
        "image": "https:\/\/cdn-consum.aktiosdigitalservices.com\/tol\/consum\/media\/product\/img\/300x300\/7285112.jpg?t=20250312092757"
    },
    {
        "id": 15301,
        "name": "Aceite de Oliva Virgen Extra FINCA BADENE",
        "price": 7.94,
        "price_kilo": 15.88,
        "slug": "aceite-de-oliva-virgen-extra",
        "description": "Aceite de Oliva Virgen Extra 500 ml",
        "image": "https:\/\/cdn-consum.aktiosdigitalservices.com\/tol\/consum\/media\/product\/img\/300x300\/7285463.jpg?t=20250313080432"
    },
    {
        "id": 15306,
        "name": "Lomo Adobado Horno Artesano EL POZO",
        "price": 4.29,
        "price_kilo": 8.58,
        "slug": "lomo-adobado-horno-artesano",
        "description": "Lomo Adobado Horno Artesano 500 Gr",
        "image": "https:\/\/cdn-consum.aktiosdigitalservices.com\/tol\/consum\/media\/product\/img\/300x300\/7285906.jpg?t=20250318080250"
    },
    {
        "id": 15316,
        "name": "Soluci\u00f3n \u00danica M\u00e1s Portalentes SENTI-2",
        "price": 4,
        "price_kilo": 1.11,
        "slug": "solucion-unica-mas-portalentes",
        "description": "Soluci\u00f3n \u00danica M\u00e1s Portalentes 1 U",
        "image": "https:\/\/cdn-consum.aktiosdigitalservices.com\/tol\/consum\/media\/product\/img\/300x300\/7286610.jpg?t=20241217081117"
    },
    {
        "id": 15335,
        "name": "Champ\u00fa Nutri Rizos Cabello ondulado FRUCTIS",
        "price": 4.55,
        "price_kilo": 1.2,
        "slug": "champu-nutri-rizos-cabello-ondulado",
        "description": "Champ\u00fa Nutri Rizos Cabello ondulado 380 ml",
        "image": "https:\/\/cdn-consum.aktiosdigitalservices.com\/tol\/consum\/media\/product\/img\/300x300\/7285922.jpg?t=20250311133902"
    },
    {
        "id": 15344,
        "name": "Pescadilla ",
        "price": 2.99,
        "price_kilo": 9.95,
        "slug": "pescadilla",
        "description": "Pescadilla - Pieza de 300 gr. aproximadamente",
        "image": "https:\/\/cdn-consum.aktiosdigitalservices.com\/tol\/consum\/media\/product\/img\/300x300\/605667.jpg?t=20250322075709"
    },
    {
        "id": 15350,
        "name": "Caballa ",
        "price": 1.49,
        "price_kilo": 5.95,
        "slug": "caballa",
        "description": "Caballa",
        "image": "https:\/\/cdn-consum.aktiosdigitalservices.com\/tol\/consum\/media\/product\/img\/300x300\/7176910.jpg?t=20250321075824"
    },
    {
        "id": 15360,
        "name": "Comida H\u00fameda Gatos Mousse Salm\u00f3n Gamba VITALITY",
        "price": 0.52,
        "price_kilo": 6.12,
        "slug": "comida-humeda-gatos-mousse-salmon-gamba",
        "description": "Comida H\u00fameda Gatos Mousse Salm\u00f3n Gamba 85 Gr",
        "image": "https:\/\/cdn-consum.aktiosdigitalservices.com\/tol\/consum\/media\/product\/img\/300x300\/7258908.jpg?t=20241217081104"
    },
    {
        "id": 15361,
        "name": "Comida H\u00fameda Gatos Mousse At\u00fan VITALITY",
        "price": 0.52,
        "price_kilo": 6.12,
        "slug": "comida-humeda-gatos-mousse-atun",
        "description": "Comida H\u00fameda Gatos Mousse At\u00fan 85 Gr",
        "image": "https:\/\/cdn-consum.aktiosdigitalservices.com\/tol\/consum\/media\/product\/img\/300x300\/7258916.jpg?t=20250312092755"
    },
    {
        "id": 15362,
        "name": "Comida Seca Gatos Pescado BREKKIES",
        "price": 4.95,
        "price_kilo": 3.3,
        "slug": "comida-seca-gatos-pescado",
        "description": "Comida Seca Gatos Pescado 1,5 Kg",
        "image": "https:\/\/cdn-consum.aktiosdigitalservices.com\/tol\/consum\/media\/product\/img\/300x300\/7261241.jpg?t=20250304115721"
    },
    {
        "id": 15368,
        "name": "Descalcificador CONSUM",
        "price": 1.89,
        "price_kilo": 3.78,
        "slug": "descalcificador",
        "description": "Descalcificador 0,5 L",
        "image": "https:\/\/cdn-consum.aktiosdigitalservices.com\/tol\/consum\/media\/product\/img\/300x300\/7279367.jpg?t=20241217081113"
    },
    {
        "id": 15370,
        "name": "Queso Azul Vaca Oveja Porci\u00f3n PE\u00d1ASANTA",
        "price": 2.36,
        "price_kilo": 18.88,
        "slug": "queso-azul-vaca-oveja-porcion",
        "description": "Queso Azul Vaca Oveja Porci\u00f3n 125 Gr",
        "image": "https:\/\/cdn-consum.aktiosdigitalservices.com\/tol\/consum\/media\/product\/img\/300x300\/7281462.jpg?t=20250103081450"
    },
    {
        "id": 15372,
        "name": "Cepillo Dental El\u00e9ctrico Infantil MINIONS",
        "price": 9.49,
        "price_kilo": 9.49,
        "slug": "cepillo-dental-electrico-infantil",
        "description": "Cepillo Dental El\u00e9ctrico Infantil 1 U",
        "image": "https:\/\/cdn-consum.aktiosdigitalservices.com\/tol\/consum\/media\/product\/img\/300x300\/7282192.jpg?t=20250109101411"
    },
    {
        "id": 15373,
        "name": "Comida Seca Gato con Buey y Pollo FRISKIES",
        "price": 5.75,
        "price_kilo": 3.83,
        "slug": "comida-seca-gato-con-buey-y-pollo",
        "description": "Comida Seca Gato con Buey y Pollo 1,5 Kg",
        "image": "https:\/\/cdn-consum.aktiosdigitalservices.com\/tol\/consum\/media\/product\/img\/300x300\/7282317.jpg?t=20250227092519"
    },
    {
        "id": 15374,
        "name": "Cerveza Holandesa 0,0 Lata HEINEKEN",
        "price": 0.86,
        "price_kilo": 2.61,
        "slug": "cerveza-holandesa-00-lata",
        "description": "Cerveza Holandesa 0,0 Lata 0,33 L",
        "image": "https:\/\/cdn-consum.aktiosdigitalservices.com\/tol\/consum\/media\/product\/img\/300x300\/7284540.jpg?t=20250312092757"
    },
    {
        "id": 15389,
        "name": "Horchata de Chufa Brik OR XATA",
        "price": 1.35,
        "price_kilo": 1.35,
        "slug": "horchata-de-chufa-brik",
        "description": "Horchata de Chufa Brik 1 L",
        "image": "https:\/\/cdn-consum.aktiosdigitalservices.com\/tol\/consum\/media\/product\/img\/300x300\/7287147.jpg?t=20250311110128"
    },
    {
        "id": 15401,
        "name": "Zanahoria Rallada Bolsa FLORETTE",
        "price": 1.29,
        "price_kilo": 8.6,
        "slug": "zanahoria-rallada-bolsa",
        "description": "Zanahoria Rallada Bolsa 150 Gr",
        "image": "https:\/\/cdn-consum.aktiosdigitalservices.com\/tol\/consum\/media\/product\/img\/300x300\/7288645.jpg?t=20250204080925"
    },
    {
        "id": 15404,
        "name": "Leche Evaporada Pack de 3 BENESTARE",
        "price": 1.69,
        "price_kilo": 2.82,
        "slug": "leche-evaporada-pack-de-3",
        "description": "Leche Evaporada Pack de 3 3 x 200 ml",
        "image": "https:\/\/cdn-consum.aktiosdigitalservices.com\/tol\/consum\/media\/product\/img\/300x300\/7286466.jpg?t=20250311110114"
    },
    {
        "id": 15405,
        "name": "Snack para Gatos Mini Salm\u00f3n Pack VITAKRAFT",
        "price": 1.2,
        "price_kilo": 0.4,
        "slug": "snack-para-gatos-mini-salmon-pack",
        "description": "Snack para Gatos Mini Salm\u00f3n Pack 3 U",
        "image": "https:\/\/cdn-consum.aktiosdigitalservices.com\/tol\/consum\/media\/product\/img\/300x300\/7180433.jpg?t=20250313080207"
    },
    {
        "id": 15408,
        "name": "Estropajo Fibra Blanca con Esponja CONSUM",
        "price": 1,
        "price_kilo": 0.5,
        "slug": "estropajo-fibra-blanca-con-esponja",
        "description": "Estropajo Fibra Blanca con Esponja 2 U",
        "image": "https:\/\/cdn-consum.aktiosdigitalservices.com\/tol\/consum\/media\/product\/img\/300x300\/7257673.jpg?t=20241217081103"
    },
    {
        "id": 15410,
        "name": "Comida H\u00fameda Gatos Mousse de Buey VITALITY",
        "price": 0.52,
        "price_kilo": 6.12,
        "slug": "comida-humeda-gatos-mousse-de-buey",
        "description": "Comida H\u00fameda Gatos Mousse de Buey 85 Gr",
        "image": "https:\/\/cdn-consum.aktiosdigitalservices.com\/tol\/consum\/media\/product\/img\/300x300\/7258924.jpg?t=20250218081353"
    },
    {
        "id": 15411,
        "name": "Crema Untar NUTELLA",
        "price": 2.69,
        "price_kilo": 13.45,
        "slug": "crema-untar",
        "description": "Crema Untar 200 Gr",
        "image": "https:\/\/cdn-consum.aktiosdigitalservices.com\/tol\/consum\/media\/product\/img\/300x300\/7282593.jpg?t=20250312160535"
    },
    {
        "id": 15420,
        "name": "Champ\u00fa Liso y Brillo Alisador FRUCTIS",
        "price": 4.55,
        "price_kilo": 1.2,
        "slug": "champu-liso-y-brillo-alisador",
        "description": "Champ\u00fa Liso y Brillo Alisador 380 ml",
        "image": "https:\/\/cdn-consum.aktiosdigitalservices.com\/tol\/consum\/media\/product\/img\/300x300\/7285919.jpg?t=20250213080103"
    },
    {
        "id": 15427,
        "name": "Limpiador Manchas de Humedad CILLIT BANG",
        "price": 5.35,
        "price_kilo": 7.13,
        "slug": "limpiador-manchas-de-humedad",
        "description": "Limpiador Manchas de Humedad 0,75 L",
        "image": "https:\/\/cdn-consum.aktiosdigitalservices.com\/tol\/consum\/media\/product\/img\/300x300\/7286979.jpg?t=20250227092541"
    },
    {
        "id": 15430,
        "name": "Refresco Aloe Vera Botella OKF",
        "price": 1.55,
        "price_kilo": 3.1,
        "slug": "refresco-aloe-vera-botella",
        "description": "Refresco Aloe Vera Botella 0,5 L",
        "image": "https:\/\/cdn-consum.aktiosdigitalservices.com\/tol\/consum\/media\/product\/img\/300x300\/7287378.jpg?t=20241217081117"
    },
    {
        "id": 15433,
        "name": "Longaniza Extra ",
        "price": 0.38,
        "price_kilo": 7.69,
        "slug": "longaniza-extra",
        "description": "Longaniza Extra",
        "image": "https:\/\/cdn-consum.aktiosdigitalservices.com\/tol\/consum\/media\/product\/img\/300x300\/1716869.jpg?t=20250322075737"
    },
    {
        "id": 15435,
        "name": "Leche Sin Lactosa Entera CONSUM",
        "price": 1.01,
        "price_kilo": 1.01,
        "slug": "leche-sin-lactosa-entera",
        "description": "Leche Sin Lactosa Entera 1 L",
        "image": "https:\/\/cdn-consum.aktiosdigitalservices.com\/tol\/consum\/media\/product\/img\/300x300\/7260409.jpg?t=20250311105741"
    },
    {
        "id": 15436,
        "name": "Iso Go! C\u00edtrico Botella CONSUM",
        "price": 1,
        "price_kilo": 0.67,
        "slug": "iso-go-citrico-botella",
        "description": "Iso Go! C\u00edtrico Botella 1,5 L",
        "image": "https:\/\/cdn-consum.aktiosdigitalservices.com\/tol\/consum\/media\/product\/img\/300x300\/7279466.jpg?t=20241217081113"
    },
    {
        "id": 15438,
        "name": "Tarrina Yogurt F.Bosque 900 Ml. CONSUM",
        "price": 3.75,
        "price_kilo": 7.62,
        "slug": "tarrina-yogurt-fbosque-900-ml",
        "description": "Tarrina Yogurt F.Bosque 900 Ml. 492 Gr",
        "image": "https:\/\/cdn-consum.aktiosdigitalservices.com\/tol\/consum\/media\/product\/img\/300x300\/7279912.jpg?t=20241217081113"
    },
    {
        "id": 15440,
        "name": "Cerveza Artesana Botella TYRIS",
        "price": 1.55,
        "price_kilo": 4.7,
        "slug": "cerveza-artesana-botella",
        "description": "Cerveza Artesana Botella 0,33 L",
        "image": "https:\/\/cdn-consum.aktiosdigitalservices.com\/tol\/consum\/media\/product\/img\/300x300\/7284396.jpg?t=20250320080031"
    },
    {
        "id": 15448,
        "name": "Alcachofas en Tempura congeladas COCINARTE",
        "price": 1.89,
        "price_kilo": 7.56,
        "slug": "alcachofas-en-tempura-congeladas",
        "description": "Alcachofas en Tempura congeladas 250 Gr",
        "image": "https:\/\/cdn-consum.aktiosdigitalservices.com\/tol\/consum\/media\/product\/img\/300x300\/7287204.jpg?t=20241217081117"
    },
    {
        "id": 15449,
        "name": "Cereales Krave Chocolate-Avellana KELLOGG'S",
        "price": 3.59,
        "price_kilo": 8.76,
        "slug": "cereales-krave-chocolate-avellana",
        "description": "Cereales Krave Chocolate-Avellana 375 Gr",
        "image": "https:\/\/cdn-consum.aktiosdigitalservices.com\/tol\/consum\/media\/product\/img\/300x300\/7287238.jpg?t=20250311110130"
    },
    {
        "id": 15458,
        "name": "Batido Cacao Minibrik Pack de 3 CHOLECK",
        "price": 1.49,
        "price_kilo": 2.48,
        "slug": "batido-cacao-minibrik-pack-de-3",
        "description": "Batido Cacao Minibrik Pack de 3 3 x 200 ml",
        "image": "https:\/\/cdn-consum.aktiosdigitalservices.com\/tol\/consum\/media\/product\/img\/300x300\/7288673.jpg?t=20250320080045"
    },
    {
        "id": 15466,
        "name": "Baguettina sin Gluten - congelada ",
        "price": 1.19,
        "price_kilo": 11.9,
        "slug": "baguettina-sin-gluten---congelada",
        "description": "Baguettina sin Gluten 100 Gr - congelada",
        "image": "https:\/\/cdn-consum.aktiosdigitalservices.com\/tol\/consum\/media\/product\/img\/300x300\/7283633.jpg?t=20250103081458"
    },
    {
        "id": 15472,
        "name": "Champ\u00fa Adi\u00f3s Da\u00f1os Fortificante y reparador FRUCTIS",
        "price": 4.55,
        "price_kilo": 1.2,
        "slug": "champu-adios-danos-fortificante-y-reparador",
        "description": "Champ\u00fa Adi\u00f3s Da\u00f1os Fortificante y reparador 380 ml",
        "image": "https:\/\/cdn-consum.aktiosdigitalservices.com\/tol\/consum\/media\/product\/img\/300x300\/7285930.jpg?t=20250312092757"
    },
    {
        "id": 15474,
        "name": "Arroz Ecol\u00f3gico Paquete SOS",
        "price": 3.27,
        "price_kilo": 3.27,
        "slug": "arroz-ecologico-paquete",
        "description": "Arroz Ecol\u00f3gico Paquete 1 Kg",
        "image": "https:\/\/cdn-consum.aktiosdigitalservices.com\/tol\/consum\/media\/product\/img\/300x300\/7286040.jpg?t=20250103081520"
    },
    {
        "id": 15495,
        "name": "Caf\u00e9 Espresso Descafeinado C\u00e1psulas L'OR",
        "price": 3.89,
        "price_kilo": 0.39,
        "slug": "cafe-espresso-descafeinado-capsulas",
        "description": "Caf\u00e9 Espresso Descafeinado C\u00e1psulas 10 U",
        "image": "https:\/\/cdn-consum.aktiosdigitalservices.com\/tol\/consum\/media\/product\/img\/300x300\/7287774.jpg?t=20250311110133"
    },
    {
        "id": 15496,
        "name": "Caf\u00e9 Espresso Ristretto Descafeinado C\u00e1psulas L'OR",
        "price": 3.89,
        "price_kilo": 0.39,
        "slug": "cafe-espresso-ristretto-descafeinado-capsulas",
        "description": "Caf\u00e9 Espresso Ristretto Descafeinado C\u00e1psulas 10 U",
        "image": "https:\/\/cdn-consum.aktiosdigitalservices.com\/tol\/consum\/media\/product\/img\/300x300\/7287787.jpg?t=20250311110136"
    },
    {
        "id": 15497,
        "name": "Caf\u00e9 Espresso Ristretto C\u00e1psulas L'OR",
        "price": 3.89,
        "price_kilo": 0.39,
        "slug": "cafe-espresso-ristretto-capsulas",
        "description": "Caf\u00e9 Espresso Ristretto C\u00e1psulas 10 U",
        "image": "https:\/\/cdn-consum.aktiosdigitalservices.com\/tol\/consum\/media\/product\/img\/300x300\/7287808.jpg?t=20250311110139"
    },
    {
        "id": 15501,
        "name": "Chips de Ma\u00edz y Ch\u00eda con Sal Marina Mios! RISI",
        "price": 1.9,
        "price_kilo": 12.67,
        "slug": "chips-de-maiz-y-chia-con-sal-marina-mios",
        "description": "Chips de Ma\u00edz y Ch\u00eda con Sal Marina Mios! 150 Gr",
        "image": "https:\/\/cdn-consum.aktiosdigitalservices.com\/tol\/consum\/media\/product\/img\/300x300\/7287993.jpg?t=20250213080110"
    },
    {
        "id": 15506,
        "name": "Garbanzos Blancos GUTARRA",
        "price": 1.75,
        "price_kilo": 4.38,
        "slug": "garbanzos-blancos",
        "description": "Garbanzos Blancos Calidad Extra Frasco 400 Gr",
        "image": "https:\/\/cdn-consum.aktiosdigitalservices.com\/tol\/consum\/media\/product\/img\/300x300\/7288335.jpg?t=20250227092551"
    },
    {
        "id": 15508,
        "name": "Garbanzos con Zanahoria y Acelga GUTARRA",
        "price": 2.49,
        "price_kilo": 6.92,
        "slug": "garbanzos-con-zanahoria-y-acelga",
        "description": "Garbanzos con Zanahoria y Acelga 360 Gr",
        "image": "https:\/\/cdn-consum.aktiosdigitalservices.com\/tol\/consum\/media\/product\/img\/300x300\/7288348.jpg?t=20250226075901"
    },
    {
        "id": 15517,
        "name": "Caf\u00e9 Cortado Cremoso Tassimo MARCILLA",
        "price": 5.89,
        "price_kilo": 0.37,
        "slug": "cafe-cortado-cremoso-tassimo",
        "description": "Caf\u00e9 Cortado Cremoso Tassimo 16 U",
        "image": "https:\/\/cdn-consum.aktiosdigitalservices.com\/tol\/consum\/media\/product\/img\/300x300\/7288926.jpg?t=20250311110206"
    },
    {
        "id": 15522,
        "name": "Boquer\u00f3n ",
        "price": 6.95,
        "price_kilo": 6.95,
        "slug": "boqueron",
        "description": "Boquer\u00f3n - Todos los d\u00edas excepto Lunes",
        "image": "https:\/\/cdn-consum.aktiosdigitalservices.com\/tol\/consum\/media\/product\/img\/300x300\/225292.jpg?t=20250322075656"
    },
    {
        "id": 15523,
        "name": "Sardina ",
        "price": 6.95,
        "price_kilo": 6.95,
        "slug": "sardina",
        "description": "Sardina - Todos los d\u00edas excepto Lunes",
        "image": "https:\/\/cdn-consum.aktiosdigitalservices.com\/tol\/consum\/media\/product\/img\/300x300\/225334.jpg?t=20250322075657"
    },
    {
        "id": 15527,
        "name": "Filete de Bacalao ",
        "price": 7.4,
        "price_kilo": 15.9,
        "slug": "filete-de-bacalao",
        "description": "Filete de Bacalao - Pieza 465 g aprox.",
        "image": "https:\/\/cdn-consum.aktiosdigitalservices.com\/tol\/consum\/media\/product\/img\/300x300\/7108314.jpg?t=20250121080049"
    },
    {
        "id": 15544,
        "name": "Nesquik Shake para Beber NESTLE",
        "price": 1.49,
        "price_kilo": 8.28,
        "slug": "nesquik-shake-para-beber",
        "description": "Nesquik Shake para Beber 180 ml",
        "image": "https:\/\/cdn-consum.aktiosdigitalservices.com\/tol\/consum\/media\/product\/img\/300x300\/7288020.jpg?t=20250227092548"
    },
    {
        "id": 15545,
        "name": "Caff\u00e8 Latte Mr. Big Capuccino KAIKU",
        "price": 1.99,
        "price_kilo": 5.38,
        "slug": "caffe-latte-mr-big-capuccino",
        "description": "Caff\u00e8 Latte Mr. Big Capuccino 370 ml",
        "image": "https:\/\/cdn-consum.aktiosdigitalservices.com\/tol\/consum\/media\/product\/img\/300x300\/7288111.jpg?t=20250227092550"
    },
    {
        "id": 15550,
        "name": "Snack cereales Chocolate Negro BICENTURY",
        "price": 3.49,
        "price_kilo": 29.08,
        "slug": "snack-cereales-chocolate-negro",
        "description": "Snack cereales Chocolate Negro 120 Gr",
        "image": "https:\/\/cdn-consum.aktiosdigitalservices.com\/tol\/consum\/media\/product\/img\/300x300\/7288629.jpg?t=20250311133909"
    },
    {
        "id": 15551,
        "name": "Rabo de Cerdo Cocido FERGONVI",
        "price": 4.19,
        "price_kilo": 8.38,
        "slug": "rabo-de-cerdo-cocido",
        "description": "Rabo de Cerdo Cocido 500 Gr",
        "image": "https:\/\/cdn-consum.aktiosdigitalservices.com\/tol\/consum\/media\/product\/img\/300x300\/7288657.jpg?t=20241217081118"
    },
    {
        "id": 15558,
        "name": "Vermut Blanco CINZANO",
        "price": 7.99,
        "price_kilo": 7.99,
        "slug": "vermut-blanco",
        "description": "Vermut Blanco 1 L",
        "image": "https:\/\/cdn-consum.aktiosdigitalservices.com\/tol\/consum\/media\/product\/img\/300x300\/7289122.jpg?t=20250227092559"
    },
    {
        "id": 15559,
        "name": "Vermut Rojo CINZANO",
        "price": 7.99,
        "price_kilo": 7.99,
        "slug": "vermut-rojo",
        "description": "Vermut Rojo 1 L",
        "image": "https:\/\/cdn-consum.aktiosdigitalservices.com\/tol\/consum\/media\/product\/img\/300x300\/7289127.jpg?t=20250227092601"
    },
    {
        "id": 15566,
        "name": "Hojas de Lasa\u00f1a Frescas RANA",
        "price": 2.45,
        "price_kilo": 9.8,
        "slug": "hojas-de-lasana-frescas",
        "description": "Hojas de Lasa\u00f1a Frescas 250 Gr",
        "image": "https:\/\/cdn-consum.aktiosdigitalservices.com\/tol\/consum\/media\/product\/img\/300x300\/7199925.jpg?t=20250218080315"
    },
    {
        "id": 15574,
        "name": "Masa de Pizza Fin\u00edssima Maxi BUITONI",
        "price": 2.68,
        "price_kilo": 7.66,
        "slug": "masa-de-pizza-finissima-maxi",
        "description": "Masa de Pizza Fin\u00edssima Maxi 350 Gr",
        "image": "https:\/\/cdn-consum.aktiosdigitalservices.com\/tol\/consum\/media\/product\/img\/300x300\/7267607.jpg?t=20250312125502"
    },
    {
        "id": 15583,
        "name": "Galleta Digestive Chocolate con Leche CONSUM",
        "price": 1.4,
        "price_kilo": 4.67,
        "slug": "galleta-digestive-chocolate-con-leche",
        "description": "Galleta Digestive Chocolate con Leche 300 Gr",
        "image": "https:\/\/cdn-consum.aktiosdigitalservices.com\/tol\/consum\/media\/product\/img\/300x300\/7283039.jpg?t=20250311110053"
    },
    {
        "id": 15588,
        "name": "Snack de Ma\u00edz con Sabor a Mantequilla JUMPERS",
        "price": 1.4,
        "price_kilo": 14,
        "slug": "snack-de-maiz-con-sabor-a-mantequilla",
        "description": "Snack de Ma\u00edz con Sabor a Mantequilla 100 Gr",
        "image": "https:\/\/cdn-consum.aktiosdigitalservices.com\/tol\/consum\/media\/product\/img\/300x300\/7287985.jpg?t=20250312092757"
    },
    {
        "id": 15608,
        "name": "Snack cereales Chocolate con Leche BICENTURY",
        "price": 3.49,
        "price_kilo": 29.08,
        "slug": "snack-cereales-chocolate-con-leche",
        "description": "Snack cereales Chocolate con Leche 120 Gr",
        "image": "https:\/\/cdn-consum.aktiosdigitalservices.com\/tol\/consum\/media\/product\/img\/300x300\/7288652.jpg?t=20250311133913"
    },
    {
        "id": 15609,
        "name": "Mortadela Siciliana Lonchas ELPOZO",
        "price": 1.5,
        "price_kilo": 7.5,
        "slug": "mortadela-siciliana-lonchas",
        "description": "Mortadela Siciliana Lonchas 200 Gr",
        "image": "https:\/\/cdn-consum.aktiosdigitalservices.com\/tol\/consum\/media\/product\/img\/300x300\/7288954.jpg?t=20241217081118"
    },
    {
        "id": 15610,
        "name": "Mortadela con Aceitunas Lonchas ELPOZO",
        "price": 1.5,
        "price_kilo": 7.5,
        "slug": "mortadela-con-aceitunas-lonchas",
        "description": "Mortadela con Aceitunas Lonchas 200 Gr",
        "image": "https:\/\/cdn-consum.aktiosdigitalservices.com\/tol\/consum\/media\/product\/img\/300x300\/7288959.jpg?t=20250311133916"
    },
    {
        "id": 15611,
        "name": "Mortadela de Pavo Lonchas ELPOZO",
        "price": 2,
        "price_kilo": 8.89,
        "slug": "mortadela-de-pavo-lonchas",
        "description": "Mortadela de Pavo Lonchas 225 Gr",
        "image": "https:\/\/cdn-consum.aktiosdigitalservices.com\/tol\/consum\/media\/product\/img\/300x300\/7288962.jpg?t=20241217081118"
    },
    {
        "id": 15613,
        "name": "Filete de Caballa del Sur Frasco PESASUR",
        "price": 5.25,
        "price_kilo": 29.17,
        "slug": "filete-de-caballa-del-sur-frasco",
        "description": "Filete de Caballa del Sur Frasco 180 Gr",
        "image": "https:\/\/cdn-consum.aktiosdigitalservices.com\/tol\/consum\/media\/product\/img\/300x300\/7289130.jpg?t=20250227092602"
    },
    {
        "id": 15617,
        "name": "Ensalada Gourmet Completa FLORETTE",
        "price": 3.35,
        "price_kilo": 19.14,
        "slug": "ensalada-gourmet-completa",
        "description": "Ensalada Gourmet Completa 175 Gr",
        "image": "https:\/\/cdn-consum.aktiosdigitalservices.com\/tol\/consum\/media\/product\/img\/300x300\/7289619.jpg?t=20250317075809"
    },
    {
        "id": 15627,
        "name": "Aceite de Girasol Botella CONSUM",
        "price": 1.79,
        "price_kilo": 1.79,
        "slug": "aceite-de-girasol-botella",
        "description": "Aceite de Girasol Botella 1 L",
        "image": "https:\/\/cdn-consum.aktiosdigitalservices.com\/tol\/consum\/media\/product\/img\/300x300\/7285166.jpg?t=20250103081503"
    },
    {
        "id": 15639,
        "name": "Allioli Bolsa Monodosis CHOVI",
        "price": 1.89,
        "price_kilo": 13.13,
        "slug": "allioli-bolsa-monodosis",
        "description": "Allioli Bolsa Monodosis 8 x 18 Gr",
        "image": "https:\/\/cdn-consum.aktiosdigitalservices.com\/tol\/consum\/media\/product\/img\/300x300\/7289317.jpg?t=20250227092604"
    },
    {
        "id": 15643,
        "name": "Yakisoba Bag Classic Yatekomo YATEKOMO",
        "price": 1.49,
        "price_kilo": 16.02,
        "slug": "yakisoba-bag-classic-yatekomo",
        "description": "Yakisoba Bag Classic Yatekomo 93 Gr",
        "image": "https:\/\/cdn-consum.aktiosdigitalservices.com\/tol\/consum\/media\/product\/img\/300x300\/7289684.jpg?t=20250219080224"
    },
    {
        "id": 15650,
        "name": "Tomate Frito Brik Pack de 3 CONSUM",
        "price": 1.35,
        "price_kilo": 1.15,
        "slug": "tomate-frito-brik-pack-de-3",
        "description": "Tomate Frito Brik Pack de 3 3 x 390 Gr",
        "image": "https:\/\/cdn-consum.aktiosdigitalservices.com\/tol\/consum\/media\/product\/img\/300x300\/7290521.jpg?t=20241217081119"
    },
    {
        "id": 15653,
        "name": "Jam\u00f3n Cebo de Campo 50% Ib\u00e9rico 24 Meses MONTARAZ",
        "price": 64.5,
        "price_kilo": 64.5,
        "slug": "jamon-cebo-de-campo-50-iberico-24-meses",
        "description": "Jam\u00f3n Cebo de Campo 50% Ib\u00e9rico 24 Meses",
        "image": "https:\/\/cdn-consum.aktiosdigitalservices.com\/tol\/consum\/media\/product\/img\/300x300\/7003312.jpg?t=20250321075735"
    },
    {
        "id": 15654,
        "name": "Pechuga de Pavo ARGAL",
        "price": 14.9,
        "price_kilo": 14.9,
        "slug": "pechuga-de-pavo",
        "description": "Pechuga de Pavo",
        "image": "https:\/\/cdn-consum.aktiosdigitalservices.com\/tol\/consum\/media\/product\/img\/300x300\/7004443.jpg?t=20250321075736"
    },
    {
        "id": 15655,
        "name": "Jam\u00f3n Cocido Extra 92% Carne G.Selecci\u00f3n MONELLS",
        "price": 16.9,
        "price_kilo": 16.9,
        "slug": "jamon-cocido-extra-92-carne-gseleccion",
        "description": "Jam\u00f3n Cocido Extra 92% Carne G.Selecci\u00f3n",
        "image": "https:\/\/cdn-consum.aktiosdigitalservices.com\/tol\/consum\/media\/product\/img\/300x300\/7026958.jpg?t=20250321075737"
    },
    {
        "id": 15656,
        "name": "Jam\u00f3n Cocido Extra Bajo Grasa Reducido Sal BIENSTAR",
        "price": 12.55,
        "price_kilo": 12.55,
        "slug": "jamon-cocido-extra-bajo-grasa-reducido-sal",
        "description": "Jam\u00f3n Cocido Extra Bajo Grasa Reducido Sal",
        "image": "https:\/\/cdn-consum.aktiosdigitalservices.com\/tol\/consum\/media\/product\/img\/300x300\/7065956.jpg?t=20250318080933"
    },
    {
        "id": 15658,
        "name": "Jam\u00f3n Cocido Extra 92 % Carne BONNATUR",
        "price": 15.9,
        "price_kilo": 15.9,
        "slug": "jamon-cocido-extra-92-carne",
        "description": "Jam\u00f3n Cocido Extra 92 % Carne",
        "image": "https:\/\/cdn-consum.aktiosdigitalservices.com\/tol\/consum\/media\/product\/img\/300x300\/7169030.jpg?t=20250322075906"
    },
    {
        "id": 15659,
        "name": "Pavo Trufado C.SERRANO",
        "price": 10.9,
        "price_kilo": 10.9,
        "slug": "pavo-trufado",
        "description": "Pavo Trufado",
        "image": "https:\/\/cdn-consum.aktiosdigitalservices.com\/tol\/consum\/media\/product\/img\/300x300\/7169803.jpg?t=20250107075726"
    },
    {
        "id": 15662,
        "name": "Fiambre de Pechuga de Pavo MONELLS",
        "price": 12.5,
        "price_kilo": 12.5,
        "slug": "fiambre-de-pechuga-de-pavo",
        "description": "Fiambre de Pechuga de Pavo",
        "image": "https:\/\/cdn-consum.aktiosdigitalservices.com\/tol\/consum\/media\/product\/img\/300x300\/7194376.jpg?t=20250321075832"
    },
    {
        "id": 15663,
        "name": "Jam\u00f3n Cocido Artesano MONELLS",
        "price": 11.9,
        "price_kilo": 11.9,
        "slug": "jamon-cocido-artesano",
        "description": "Jam\u00f3n Cocido Artesano",
        "image": "https:\/\/cdn-consum.aktiosdigitalservices.com\/tol\/consum\/media\/product\/img\/300x300\/7194384.jpg?t=20250321075833"
    },
    {
        "id": 15667,
        "name": "Jam\u00f3n Gran Reserva 18 Meses Duroc LA HOGUERA",
        "price": 29.5,
        "price_kilo": 29.5,
        "slug": "jamon-gran-reserva-18-meses-duroc",
        "description": "Jam\u00f3n Gran Reserva 18 Meses Duroc",
        "image": "https:\/\/cdn-consum.aktiosdigitalservices.com\/tol\/consum\/media\/product\/img\/300x300\/7218063.jpg?t=20250321075846"
    },
    {
        "id": 15668,
        "name": "Jam\u00f3n Cebo 50% Ib\u00e9rico  24 Meses LEGADO",
        "price": 48.9,
        "price_kilo": 48.9,
        "slug": "jamon-cebo-50-iberico-24-meses",
        "description": "Jam\u00f3n Cebo 50% Ib\u00e9rico  24 Meses",
        "image": "https:\/\/cdn-consum.aktiosdigitalservices.com\/tol\/consum\/media\/product\/img\/300x300\/7227614.jpg?t=20250322075931"
    },
    {
        "id": 15675,
        "name": "Pechuga de Pavo Asada 90% Carne TELLO",
        "price": 22.5,
        "price_kilo": 22.5,
        "slug": "pechuga-de-pavo-asada-90-carne",
        "description": "Pechuga de Pavo Asada 90% Carne",
        "image": "https:\/\/cdn-consum.aktiosdigitalservices.com\/tol\/consum\/media\/product\/img\/300x300\/7248743.jpg?t=20250321075902"
    },
    {
        "id": 15687,
        "name": "Jam\u00f3n Gran Reserva 15 Meses Buenasierra ARGAL",
        "price": 23.9,
        "price_kilo": 23.9,
        "slug": "jamon-gran-reserva-15-meses-buenasierra",
        "description": "Jam\u00f3n Gran Reserva 15 Meses Buenasierra",
        "image": "https:\/\/cdn-consum.aktiosdigitalservices.com\/tol\/consum\/media\/product\/img\/300x300\/7283138.jpg?t=20250322075945"
    },
    {
        "id": 15691,
        "name": "Aceite de Oliva Suave CONSUM",
        "price": 4.65,
        "price_kilo": 4.65,
        "slug": "aceite-de-oliva-suave",
        "description": "Aceite de Oliva Suave 1 L",
        "image": "https:\/\/cdn-consum.aktiosdigitalservices.com\/tol\/consum\/media\/product\/img\/300x300\/7285240.jpg?t=20250311110110"
    },
    {
        "id": 15694,
        "name": "Loci\u00f3n de coco con aceite DOVE",
        "price": 4.99,
        "price_kilo": 1.25,
        "slug": "locion-de-coco-con-aceite",
        "description": "Loci\u00f3n de coco con aceite 400 ml",
        "image": "https:\/\/cdn-consum.aktiosdigitalservices.com\/tol\/consum\/media\/product\/img\/300x300\/7287386.jpg?t=20250312160550"
    },
    {
        "id": 15703,
        "name": "Snack Cereales Chocolate Blanco BICENTURY",
        "price": 3.49,
        "price_kilo": 29.08,
        "slug": "snack-cereales-chocolate-blanco",
        "description": "Snack Cereales Chocolate Blanco 120 Gr",
        "image": "https:\/\/cdn-consum.aktiosdigitalservices.com\/tol\/consum\/media\/product\/img\/300x300\/7288640.jpg?t=20250311133911"
    },
    {
        "id": 15745,
        "name": "Colonia Masculina N\u00aa2 Frescor Extremo V&L",
        "price": 12.95,
        "price_kilo": 8.63,
        "slug": "colonia-masculina-n2-frescor-extremo",
        "description": "Colonia Masculina N\u00aa2 Frescor Extremo 150 ml",
        "image": "https:\/\/cdn-consum.aktiosdigitalservices.com\/tol\/consum\/media\/product\/img\/300x300\/7289762.jpg?t=20250312160558"
    },
    {
        "id": 15748,
        "name": "Vino Tinto D.O.Valencia LES ALCUSSES",
        "price": 9.99,
        "price_kilo": 13.32,
        "slug": "vino-tinto-dovalencia",
        "description": "Vino Tinto D.O.Valencia 0,75 L",
        "image": "https:\/\/cdn-consum.aktiosdigitalservices.com\/tol\/consum\/media\/product\/img\/300x300\/7289929.jpg?t=20241217081118"
    },
    {
        "id": 15752,
        "name": "Alas Partidas de Pollo Certificado CONSUM",
        "price": 3.5,
        "price_kilo": 6.99,
        "slug": "alas-partidas-de-pollo-certificado",
        "description": "Alas Partidas de Pollo Certificado",
        "image": "https:\/\/cdn-consum.aktiosdigitalservices.com\/tol\/consum\/media\/product\/img\/300x300\/7290323.jpg?t=20250211080130"
    },
    {
        "id": 15754,
        "name": "Paleta Cebo de Campo 50% Raza Ib\u00e9rica MONTARAZ",
        "price": 6.35,
        "price_kilo": 79.38,
        "slug": "paleta-cebo-de-campo-50-raza-iberica",
        "description": "Paleta Cebo de Campo 50% Raza Ib\u00e9rica 80 Gr",
        "image": "https:\/\/cdn-consum.aktiosdigitalservices.com\/tol\/consum\/media\/product\/img\/300x300\/7290497.jpg?t=20250304111633"
    },
    {
        "id": 15755,
        "name": "Agua de Coco 100% Botella TESORO NATUR",
        "price": 1.99,
        "price_kilo": 3.98,
        "slug": "agua-de-coco-100-botella",
        "description": "Agua de Coco 100% Botella 0,5 L",
        "image": "https:\/\/cdn-consum.aktiosdigitalservices.com\/tol\/consum\/media\/product\/img\/300x300\/7290513.jpg?t=20250311164602"
    },
    {
        "id": 15763,
        "name": "Jud\u00eda Plana ",
        "price": 4.8,
        "price_kilo": 4.8,
        "slug": "judia-plana",
        "description": "Jud\u00eda Plana",
        "image": "https:\/\/cdn-consum.aktiosdigitalservices.com\/tol\/consum\/media\/product\/img\/300x300\/7291441.jpg?t=20250318080256"
    },
    {
        "id": 15767,
        "name": "Aceite de Girasol Botella CONSUM",
        "price": 8.7,
        "price_kilo": 1.74,
        "slug": "aceite-de-girasol-botella",
        "description": "Aceite de Girasol Botella 5 L",
        "image": "https:\/\/cdn-consum.aktiosdigitalservices.com\/tol\/consum\/media\/product\/img\/300x300\/7285179.jpg?t=20250103081506"
    },
    {
        "id": 15769,
        "name": "Pastillas Efervescentes Activ VITA PULS",
        "price": 2.55,
        "price_kilo": 0.13,
        "slug": "pastillas-efervescentes-activ",
        "description": "Pastillas Efervescentes Activ 20 U",
        "image": "https:\/\/cdn-consum.aktiosdigitalservices.com\/tol\/consum\/media\/product\/img\/300x300\/7286946.jpg?t=20241217081117"
    },
    {
        "id": 15784,
        "name": "Sepia Fara\u00f3nica Limpia congelada M.MORENO",
        "price": 5.98,
        "price_kilo": 14.95,
        "slug": "sepia-faraonica-limpia-congelada",
        "description": "Sepia Fara\u00f3nica Limpia congelada",
        "image": "https:\/\/cdn-consum.aktiosdigitalservices.com\/tol\/consum\/media\/product\/img\/300x300\/7289879.jpg?t=20250311164602"
    },
    {
        "id": 15799,
        "name": "Champ\u00fa Hidrataci\u00f3n TRESEMME",
        "price": 1.49,
        "price_kilo": 1.49,
        "slug": "champu-hidratacion",
        "description": "Champ\u00fa Hidrataci\u00f3n 100 ml",
        "image": "https:\/\/cdn-consum.aktiosdigitalservices.com\/tol\/consum\/media\/product\/img\/300x300\/7291198.jpg?t=20241217081119"
    },
    {
        "id": 15800,
        "name": "Acondicionador Hidrataci\u00f3n Intensa TRESEMME",
        "price": 1.49,
        "price_kilo": 1.49,
        "slug": "acondicionador-hidratacion-intensa",
        "description": "Acondicionador Hidrataci\u00f3n Intensa 100 ml",
        "image": "https:\/\/cdn-consum.aktiosdigitalservices.com\/tol\/consum\/media\/product\/img\/300x300\/7291206.jpg?t=20241217081119"
    },
    {
        "id": 15801,
        "name": "Crema Nutrici\u00f3n Intensa Piel Seca DOVE",
        "price": 1.49,
        "price_kilo": 1.99,
        "slug": "crema-nutricion-intensa-piel-seca",
        "description": "Crema Nutrici\u00f3n Intensa Piel Seca 75 ml",
        "image": "https:\/\/cdn-consum.aktiosdigitalservices.com\/tol\/consum\/media\/product\/img\/300x300\/7291219.jpg?t=20250227092619"
    },
    {
        "id": 15803,
        "name": "Leche Sin Lactosa Desnatada Botella PULEVA",
        "price": 1.32,
        "price_kilo": 1.32,
        "slug": "leche-sin-lactosa-desnatada-botella",
        "description": "Leche Sin Lactosa Desnatada Botella 1 L",
        "image": "https:\/\/cdn-consum.aktiosdigitalservices.com\/tol\/consum\/media\/product\/img\/300x300\/7291297.jpg?t=20250311110221"
    },
    {
        "id": 15804,
        "name": "Tortilla de Patata Fresca con Cebolla PALACIOS",
        "price": 3.99,
        "price_kilo": 6.14,
        "slug": "tortilla-de-patata-fresca-con-cebolla",
        "description": "Tortilla de Patata Fresca con Cebolla 650 Gr",
        "image": "https:\/\/cdn-consum.aktiosdigitalservices.com\/tol\/consum\/media\/product\/img\/300x300\/7291370.jpg?t=20250227092624"
    },
    {
        "id": 15805,
        "name": "Brownie Choco Pack 6 Unidades MILKA",
        "price": 3.8,
        "price_kilo": 25.33,
        "slug": "brownie-choco-pack-6-unidades",
        "description": "Brownie Choco Pack 6 Unidades 150 Gr",
        "image": "https:\/\/cdn-consum.aktiosdigitalservices.com\/tol\/consum\/media\/product\/img\/300x300\/7291578.jpg?t=20250313080443"
    },
    {
        "id": 15818,
        "name": "Salmorejo CONSUM",
        "price": 2.3,
        "price_kilo": 2.3,
        "slug": "salmorejo",
        "description": "Salmorejo 1 L",
        "image": "https:\/\/cdn-consum.aktiosdigitalservices.com\/tol\/consum\/media\/product\/img\/300x300\/7281525.jpg?t=20241217081114"
    },
    {
        "id": 15819,
        "name": "Limpiador Crema Multiusos CIF",
        "price": 2.99,
        "price_kilo": 3.99,
        "slug": "limpiador-crema-multiusos",
        "description": "Limpiador Crema Multiusos 750 ml",
        "image": "https:\/\/cdn-consum.aktiosdigitalservices.com\/tol\/consum\/media\/product\/img\/300x300\/7282101.jpg?t=20250206093106"
    },
    {
        "id": 15820,
        "name": "Aceite de Oliva Intenso CONSUM",
        "price": 4.65,
        "price_kilo": 4.65,
        "slug": "aceite-de-oliva-intenso",
        "description": "Aceite de Oliva Intenso 1 L",
        "image": "https:\/\/cdn-consum.aktiosdigitalservices.com\/tol\/consum\/media\/product\/img\/300x300\/7285190.jpg?t=20250311110107"
    },
    {
        "id": 15822,
        "name": "Refresco Cola Zero Zero Botella COCA-COLA",
        "price": 1.49,
        "price_kilo": 1.19,
        "slug": "refresco-cola-zero-zero-botella",
        "description": "Refresco Cola Zero Zero Botella 1,25 L",
        "image": "https:\/\/cdn-consum.aktiosdigitalservices.com\/tol\/consum\/media\/product\/img\/300x300\/7287915.jpg?t=20250320080041"
    },
    {
        "id": 15829,
        "name": "Gel Relajante HIDROGENESSE",
        "price": 2.45,
        "price_kilo": 0.31,
        "slug": "gel-relajante",
        "description": "Gel Relajante 800 ml",
        "image": "https:\/\/cdn-consum.aktiosdigitalservices.com\/tol\/consum\/media\/product\/img\/300x300\/7290260.jpg?t=20250311133918"
    },
    {
        "id": 15839,
        "name": "Leche Sin Lactosa Semidesnatada Botella PULEVA",
        "price": 1.38,
        "price_kilo": 1.38,
        "slug": "leche-sin-lactosa-semidesnatada-botella",
        "description": "Leche Sin Lactosa Semidesnatada Botella 1 L",
        "image": "https:\/\/cdn-consum.aktiosdigitalservices.com\/tol\/consum\/media\/product\/img\/300x300\/7291300.jpg?t=20250312092757"
    },
    {
        "id": 15843,
        "name": "Col\u00f3nia Dance SHAKIRA",
        "price": 9.95,
        "price_kilo": 19.9,
        "slug": "colonia-dance",
        "description": "Col\u00f3nia Dance 50 ml",
        "image": "https:\/\/cdn-consum.aktiosdigitalservices.com\/tol\/consum\/media\/product\/img\/300x300\/7291552.jpg?t=20250311164602"
    },
    {
        "id": 15845,
        "name": "Limonada Light Botella DON SIMON",
        "price": 1.15,
        "price_kilo": 0.77,
        "slug": "limonada-light-botella",
        "description": "Limonada Light Botella 1,5 L",
        "image": "https:\/\/cdn-consum.aktiosdigitalservices.com\/tol\/consum\/media\/product\/img\/300x300\/7291693.jpg?t=20241217081119"
    },
    {
        "id": 15848,
        "name": "Tortita Arroz y Quinoa Ecol\u00f3gica ECOCESTA",
        "price": 1.99,
        "price_kilo": 16.58,
        "slug": "tortita-arroz-y-quinoa-ecologica",
        "description": "Tortita Arroz y Quinoa Ecol\u00f3gica 120 Gr",
        "image": "https:\/\/cdn-consum.aktiosdigitalservices.com\/tol\/consum\/media\/product\/img\/300x300\/7291805.jpg?t=20250313080452"
    },
    {
        "id": 15850,
        "name": "Cerveza sin Gluten Lata DAURA",
        "price": 0.91,
        "price_kilo": 2.76,
        "slug": "cerveza-sin-gluten-lata",
        "description": "Cerveza sin Gluten Lata 0,33 L",
        "image": "https:\/\/cdn-consum.aktiosdigitalservices.com\/tol\/consum\/media\/product\/img\/300x300\/7291995.jpg?t=20250205080312"
    },
    {
        "id": 15851,
        "name": "Cerveza Tostada 0,0 Lata MAHOU",
        "price": 0.66,
        "price_kilo": 2,
        "slug": "cerveza-tostada-00-lata",
        "description": "Cerveza Tostada 0,0 Lata 0,33 L",
        "image": "https:\/\/cdn-consum.aktiosdigitalservices.com\/tol\/consum\/media\/product\/img\/300x300\/7292063.jpg?t=20250312125537"
    },
    {
        "id": 15864,
        "name": "Cerveza Tostada Botella TURIA",
        "price": 6.69,
        "price_kilo": 2.23,
        "slug": "cerveza-tostada-botella",
        "description": "Cerveza Tostada Botella 12 x 0,25 L",
        "image": "https:\/\/cdn-consum.aktiosdigitalservices.com\/tol\/consum\/media\/product\/img\/300x300\/7288520.jpg?t=20250227092554"
    },
    {
        "id": 15866,
        "name": "Refresco Lima-Lim\u00f3n Botella SPRITE",
        "price": 1.65,
        "price_kilo": 0.83,
        "slug": "refresco-lima-limon-botella",
        "description": "Refresco Lima-Lim\u00f3n Botella 2 L",
        "image": "https:\/\/cdn-consum.aktiosdigitalservices.com\/tol\/consum\/media\/product\/img\/300x300\/7289270.jpg?t=20250212080047"
    },
    {
        "id": 15869,
        "name": "Lavavajillas en Gel Excellence Lim\u00f3n SOMAT",
        "price": 10.69,
        "price_kilo": 0.21,
        "slug": "lavavajillas-en-gel-excellence-limon",
        "description": "Lavavajillas en Gel Excellence Lim\u00f3n 50 Lv",
        "image": "https:\/\/cdn-consum.aktiosdigitalservices.com\/tol\/consum\/media\/product\/img\/300x300\/7290109.jpg?t=20250227092607"
    },
    {
        "id": 15872,
        "name": "Iso Go! C\u00edtrico Lata CONSUM",
        "price": 0.45,
        "price_kilo": 1.36,
        "slug": "iso-go-citrico-lata",
        "description": "Iso Go! C\u00edtrico Lata 0,33 L",
        "image": "https:\/\/cdn-consum.aktiosdigitalservices.com\/tol\/consum\/media\/product\/img\/300x300\/7291016.jpg?t=20250311164602"
    },
    {
        "id": 15880,
        "name": "Colonia Femenina N\u00ba45 Mini CARAVAN",
        "price": 3.5,
        "price_kilo": 11.67,
        "slug": "colonia-femenina-n45-mini",
        "description": "Colonia Femenina N\u00ba45 Mini 30 ml",
        "image": "https:\/\/cdn-consum.aktiosdigitalservices.com\/tol\/consum\/media\/product\/img\/300x300\/7291867.jpg?t=20241217081119"
    },
    {
        "id": 15881,
        "name": "Coqueta Multicereales ",
        "price": 2.17,
        "price_kilo": 10.85,
        "slug": "coqueta-multicereales",
        "description": "Coqueta Multicereales 200 Gr",
        "image": "https:\/\/cdn-consum.aktiosdigitalservices.com\/tol\/consum\/media\/product\/img\/300x300\/7292043.jpg?t=20250321075920"
    },
    {
        "id": 15883,
        "name": "Vermut Blanco VITTORE",
        "price": 5.29,
        "price_kilo": 7.05,
        "slug": "vermut-blanco",
        "description": "Vermut Blanco 0,75 L",
        "image": "https:\/\/cdn-consum.aktiosdigitalservices.com\/tol\/consum\/media\/product\/img\/300x300\/7292089.jpg?t=20250311164602"
    },
    {
        "id": 15885,
        "name": "Refresco de Lima-Lim\u00f3n Zero Botella SPRITE",
        "price": 1.65,
        "price_kilo": 0.83,
        "slug": "refresco-de-lima-limon-zero-botella",
        "description": "Refresco de Lima-Lim\u00f3n Zero Botella 2 L",
        "image": "https:\/\/cdn-consum.aktiosdigitalservices.com\/tol\/consum\/media\/product\/img\/300x300\/7292303.jpg?t=20250227092635"
    },
    {
        "id": 15887,
        "name": "Sus\u00fa de Crema ",
        "price": 2.19,
        "price_kilo": 12.17,
        "slug": "susu-de-crema",
        "description": "Sus\u00fa de Crema 180 Gr",
        "image": "https:\/\/cdn-consum.aktiosdigitalservices.com\/tol\/consum\/media\/product\/img\/300x300\/7292894.jpg?t=20241217081120"
    },
    {
        "id": 15892,
        "name": "Melocot\u00f3n sin Az\u00facar Lata CONSUM",
        "price": 2.65,
        "price_kilo": 5.52,
        "slug": "melocoton-sin-azucar-lata",
        "description": "Melocot\u00f3n sin Az\u00facar Lata 480 Gr",
        "image": "https:\/\/cdn-consum.aktiosdigitalservices.com\/tol\/consum\/media\/product\/img\/300x300\/7260404.jpg?t=20250311133755"
    },
    {
        "id": 15894,
        "name": "Refresco Cola Botella COCA-COLA",
        "price": 1.49,
        "price_kilo": 1.19,
        "slug": "refresco-cola-botella",
        "description": "Refresco Cola Botella 1,25 L",
        "image": "https:\/\/cdn-consum.aktiosdigitalservices.com\/tol\/consum\/media\/product\/img\/300x300\/7287907.jpg?t=20250320080035"
    },
    {
        "id": 15895,
        "name": "Refresco Cola Zero Botella COCA-COLA",
        "price": 1.49,
        "price_kilo": 1.19,
        "slug": "refresco-cola-zero-botella",
        "description": "Refresco Cola Zero Botella 1,25 L",
        "image": "https:\/\/cdn-consum.aktiosdigitalservices.com\/tol\/consum\/media\/product\/img\/300x300\/7287923.jpg?t=20250320080043"
    },
    {
        "id": 15897,
        "name": "Gel Aloe Vera Puro AIRLESS",
        "price": 5.99,
        "price_kilo": 3,
        "slug": "gel-aloe-vera-puro",
        "description": "Gel Aloe Vera Puro 200 ml",
        "image": "https:\/\/cdn-consum.aktiosdigitalservices.com\/tol\/consum\/media\/product\/img\/300x300\/7288889.jpg?t=20241217081118"
    },
    {
        "id": 15900,
        "name": "Pan Perritos R\u00fasticos 4 Unidades ",
        "price": 1.41,
        "price_kilo": 6.41,
        "slug": "pan-perritos-rusticos-4-unidades",
        "description": "Pan Perritos R\u00fasticos 4 Unidades 220 Gr",
        "image": "https:\/\/cdn-consum.aktiosdigitalservices.com\/tol\/consum\/media\/product\/img\/300x300\/7290679.jpg?t=20250228080256"
    },
    {
        "id": 15903,
        "name": "Cerveza con Mojito Botella DESPERADOS",
        "price": 1.49,
        "price_kilo": 4.52,
        "slug": "cerveza-con-mojito-botella",
        "description": "Cerveza con Mojito Botella 0,33 L",
        "image": "https:\/\/cdn-consum.aktiosdigitalservices.com\/tol\/consum\/media\/product\/img\/300x300\/7291037.jpg?t=20250227092613"
    },
    {
        "id": 15904,
        "name": "Compresa Liberty Noche Alas EVAX",
        "price": 3.49,
        "price_kilo": 0.39,
        "slug": "compresa-liberty-noche-alas",
        "description": "Compresa Liberty Noche Alas 9 U",
        "image": "https:\/\/cdn-consum.aktiosdigitalservices.com\/tol\/consum\/media\/product\/img\/300x300\/7291743.jpg?t=20250313080446"
    },
    {
        "id": 15905,
        "name": "Vino Tinto Reserva D.O. Utiel Requena BARRICA 88",
        "price": 2.99,
        "price_kilo": 3.99,
        "slug": "vino-tinto-reserva-do-utiel-requena",
        "description": "Vino Tinto Reserva D.O. Utiel Requena 0,75 L",
        "image": "https:\/\/cdn-consum.aktiosdigitalservices.com\/tol\/consum\/media\/product\/img\/300x300\/7291826.jpg?t=20250312092758"
    },
    {
        "id": 15914,
        "name": "Pila Alcalina AAA BAT",
        "price": 3.35,
        "price_kilo": 0.21,
        "slug": "pila-alcalina-aaa",
        "description": "Pila Alcalina AAA 16 U",
        "image": "https:\/\/cdn-consum.aktiosdigitalservices.com\/tol\/consum\/media\/product\/img\/300x300\/7292436.jpg?t=20241217081120"
    },
    {
        "id": 15915,
        "name": "Pila Alcalina AA BAT",
        "price": 3.35,
        "price_kilo": 0.21,
        "slug": "pila-alcalina-aa",
        "description": "Pila Alcalina AA 16 U",
        "image": "https:\/\/cdn-consum.aktiosdigitalservices.com\/tol\/consum\/media\/product\/img\/300x300\/7292444.jpg?t=20241217081120"
    },
    {
        "id": 15920,
        "name": "Vino Blanco Verdejo Tierra de Castilla A.MERCIER",
        "price": 2.2,
        "price_kilo": 2.93,
        "slug": "vino-blanco-verdejo-tierra-de-castilla",
        "description": "Vino Blanco Verdejo Tierra de Castilla 0,75 L",
        "image": "https:\/\/cdn-consum.aktiosdigitalservices.com\/tol\/consum\/media\/product\/img\/300x300\/7293041.jpg?t=20250204080937"
    },
    {
        "id": 15921,
        "name": "Rollo Multiusos Jumbo SCOTTEX",
        "price": 3.45,
        "price_kilo": 3.45,
        "slug": "rollo-multiusos-jumbo",
        "description": "Rollo Multiusos Jumbo 1 U",
        "image": "https:\/\/cdn-consum.aktiosdigitalservices.com\/tol\/consum\/media\/product\/img\/300x300\/7293046.jpg?t=20250227092643"
    },
    {
        "id": 15925,
        "name": "Aceitunas Rellenas de Anchoa Suaves JOLCA",
        "price": 1.69,
        "price_kilo": 13,
        "slug": "aceitunas-rellenas-de-anchoa-suaves",
        "description": "Aceitunas Rellenas de Anchoa Suaves 130 Gr",
        "image": "https:\/\/cdn-consum.aktiosdigitalservices.com\/tol\/consum\/media\/product\/img\/300x300\/7289994.jpg?t=20250318080253"
    },
    {
        "id": 15927,
        "name": "Mantel L\u00e1minado Blanco 8metros x1.21 ",
        "price": 3.99,
        "price_kilo": 3.99,
        "slug": "mantel-laminado-blanco-8metros-x121",
        "description": "Mantel L\u00e1minado Blanco 8metros x1.21 1 U",
        "image": "https:\/\/cdn-consum.aktiosdigitalservices.com\/tol\/consum\/media\/product\/img\/300x300\/7290893.jpg?t=20241217081119"
    },
    {
        "id": 15936,
        "name": "Cerveza Holandesa 0,0 Botella HEINEKEN",
        "price": 3.59,
        "price_kilo": 2.39,
        "slug": "cerveza-holandesa-00-botella",
        "description": "Cerveza Holandesa 0,0 Botella 6 x 0,25 L",
        "image": "https:\/\/cdn-consum.aktiosdigitalservices.com\/tol\/consum\/media\/product\/img\/300x300\/7288558.jpg?t=20250227092555"
    },
    {
        "id": 15939,
        "name": "Aceite de Oliva Virgen CARBONELL",
        "price": 6.95,
        "price_kilo": 6.95,
        "slug": "aceite-de-oliva-virgen",
        "description": "Aceite de Oliva Virgen 1 L",
        "image": "https:\/\/cdn-consum.aktiosdigitalservices.com\/tol\/consum\/media\/product\/img\/300x300\/7291177.jpg?t=20250313080442"
    },
    {
        "id": 15940,
        "name": "Compresa Liberty Normal Alas EVAX",
        "price": 3.49,
        "price_kilo": 0.29,
        "slug": "compresa-liberty-normal-alas",
        "description": "Compresa Liberty Normal Alas 12 U",
        "image": "https:\/\/cdn-consum.aktiosdigitalservices.com\/tol\/consum\/media\/product\/img\/300x300\/7291750.jpg?t=20250313080448"
    },
    {
        "id": 15942,
        "name": "Colonia Femenina N\u00ba45 CARAVAN",
        "price": 10.95,
        "price_kilo": 7.3,
        "slug": "colonia-femenina-n45",
        "description": "Colonia Femenina N\u00ba45 150 ml",
        "image": "https:\/\/cdn-consum.aktiosdigitalservices.com\/tol\/consum\/media\/product\/img\/300x300\/7291842.jpg?t=20241217081119"
    },
    {
        "id": 15943,
        "name": "Colonia Femenina N\u00ba47 Mini CARAVAN",
        "price": 3.5,
        "price_kilo": 11.67,
        "slug": "colonia-femenina-n47-mini",
        "description": "Colonia Femenina N\u00ba47 Mini 30 ml",
        "image": "https:\/\/cdn-consum.aktiosdigitalservices.com\/tol\/consum\/media\/product\/img\/300x300\/7291870.jpg?t=20241217081119"
    },
    {
        "id": 15947,
        "name": "Salsa Napolitana Frasco BARILLA",
        "price": 2.99,
        "price_kilo": 7.48,
        "slug": "salsa-napolitana-frasco",
        "description": "Salsa Napolitana Frasco 400 Gr",
        "image": "https:\/\/cdn-consum.aktiosdigitalservices.com\/tol\/consum\/media\/product\/img\/300x300\/7292472.jpg?t=20250227092637"
    },
    {
        "id": 15949,
        "name": "Espuma Rizo Marcado GIORGI",
        "price": 2.15,
        "price_kilo": 2.15,
        "slug": "espuma-rizo-marcado",
        "description": "Espuma Rizo Marcado 100 ml",
        "image": "https:\/\/cdn-consum.aktiosdigitalservices.com\/tol\/consum\/media\/product\/img\/300x300\/7293066.jpg?t=20241217081120"
    },
    {
        "id": 15963,
        "name": "Batido de Chocolate sin Lactosa Pack de 6 PULEVA",
        "price": 2.99,
        "price_kilo": 2.49,
        "slug": "batido-de-chocolate-sin-lactosa-pack-de-6",
        "description": "Batido de Chocolate sin Lactosa Pack de 6 6 x 200 ml",
        "image": "https:\/\/cdn-consum.aktiosdigitalservices.com\/tol\/consum\/media\/product\/img\/300x300\/7293962.jpg?t=20250311110241"
    },
    {
        "id": 15978,
        "name": "Aceite de Semillas Botella CONSUM",
        "price": 9.59,
        "price_kilo": 1.92,
        "slug": "aceite-de-semillas-botella",
        "description": "Aceite de Semillas Botella 5 L",
        "image": "https:\/\/cdn-consum.aktiosdigitalservices.com\/tol\/consum\/media\/product\/img\/300x300\/7285278.jpg?t=20250128080114"
    },
    {
        "id": 15979,
        "name": "Refresco Cola Light Botella COCA-COLA",
        "price": 1.49,
        "price_kilo": 1.19,
        "slug": "refresco-cola-light-botella",
        "description": "Refresco Cola Light Botella 1,25 L",
        "image": "https:\/\/cdn-consum.aktiosdigitalservices.com\/tol\/consum\/media\/product\/img\/300x300\/7287910.jpg?t=20250320080038"
    },
    {
        "id": 15987,
        "name": "Mostaza Amarilla Bote HEINZ",
        "price": 2.49,
        "price_kilo": 10.38,
        "slug": "mostaza-amarilla-bote",
        "description": "Mostaza Amarilla Bote 240 Gr",
        "image": "https:\/\/cdn-consum.aktiosdigitalservices.com\/tol\/consum\/media\/product\/img\/300x300\/7290138.jpg?t=20250219080227"
    },
    {
        "id": 15994,
        "name": "Vino Tinto Monastrell-Peti D.O. Alicante CON UN PAR",
        "price": 6.59,
        "price_kilo": 8.79,
        "slug": "vino-tinto-monastrell-peti-do-alicante",
        "description": "Vino Tinto Monastrell-Peti D.O. Alicante 0,75 L",
        "image": "https:\/\/cdn-consum.aktiosdigitalservices.com\/tol\/consum\/media\/product\/img\/300x300\/7291839.jpg?t=20250220080519"
    },
    {
        "id": 15995,
        "name": "Colonia Femenina N\u00ba47 CARAVAN",
        "price": 10.95,
        "price_kilo": 7.3,
        "slug": "colonia-femenina-n47",
        "description": "Colonia Femenina N\u00ba47 150 ml",
        "image": "https:\/\/cdn-consum.aktiosdigitalservices.com\/tol\/consum\/media\/product\/img\/300x300\/7291854.jpg?t=20241217081119"
    },
    {
        "id": 15996,
        "name": "Limpiador Vitrocer\u00e1mica CONSUM",
        "price": 2,
        "price_kilo": 4,
        "slug": "limpiador-vitroceramica",
        "description": "Limpiador Vitrocer\u00e1mica 0,5 L",
        "image": "https:\/\/cdn-consum.aktiosdigitalservices.com\/tol\/consum\/media\/product\/img\/300x300\/7291941.jpg?t=20250312092758"
    },
    {
        "id": 16010,
        "name": "Aceite Oil&Go BB Hidrataci\u00f3n NAT.HONEY",
        "price": 1.65,
        "price_kilo": 1.65,
        "slug": "aceite-oilgo-bb-hidratacion",
        "description": "Aceite Oil&Go BB Hidrataci\u00f3n 100 ml",
        "image": "https:\/\/cdn-consum.aktiosdigitalservices.com\/tol\/consum\/media\/product\/img\/300x300\/7293798.jpg?t=20250215075838"
    },
    {
        "id": 16011,
        "name": "Queso Fundido Lonchas sin Lactosa EL CASERIO",
        "price": 2.45,
        "price_kilo": 13.24,
        "slug": "queso-fundido-lonchas-sin-lactosa",
        "description": "Queso Fundido Lonchas sin Lactosa 185 Gr",
        "image": "https:\/\/cdn-consum.aktiosdigitalservices.com\/tol\/consum\/media\/product\/img\/300x300\/7293814.jpg?t=20250103081600"
    },
    {
        "id": 16047,
        "name": "Curry Madr\u00e1s Intenso Frasco DUCROS",
        "price": 2.89,
        "price_kilo": 6.42,
        "slug": "curry-madras-intenso-frasco",
        "description": "Curry Madr\u00e1s Intenso Frasco 45 Gr",
        "image": "https:\/\/cdn-consum.aktiosdigitalservices.com\/tol\/consum\/media\/product\/img\/300x300\/7291065.jpg?t=20241217081119"
    },
    {
        "id": 16048,
        "name": "Pimienta Brasil Suave Frasco DUCROS",
        "price": 3.19,
        "price_kilo": 9.97,
        "slug": "pimienta-brasil-suave-frasco",
        "description": "Pimienta Brasil Suave Frasco 32 Gr",
        "image": "https:\/\/cdn-consum.aktiosdigitalservices.com\/tol\/consum\/media\/product\/img\/300x300\/7291073.jpg?t=20250311164602"
    },
    {
        "id": 16049,
        "name": "Laca Spray Formato Viaje NELLY",
        "price": 1.29,
        "price_kilo": 1.72,
        "slug": "laca-spray-formato-viaje",
        "description": "Laca Spray Formato Viaje 75 ml",
        "image": "https:\/\/cdn-consum.aktiosdigitalservices.com\/tol\/consum\/media\/product\/img\/300x300\/7291169.jpg?t=20241217081119"
    },
    {
        "id": 16052,
        "name": "Salchicha Doble Leche CAMPOFR\u00cdO",
        "price": 0.83,
        "price_kilo": 5.93,
        "slug": "salchicha-doble-leche",
        "description": "Salchicha Doble Leche 140 Gr",
        "image": "https:\/\/cdn-consum.aktiosdigitalservices.com\/tol\/consum\/media\/product\/img\/300x300\/7291722.jpg?t=20250227092627"
    },
    {
        "id": 16055,
        "name": "Compresa Liberty Super Alas EVAX",
        "price": 3.49,
        "price_kilo": 0.35,
        "slug": "compresa-liberty-super-alas",
        "description": "Compresa Liberty Super Alas 10 U",
        "image": "https:\/\/cdn-consum.aktiosdigitalservices.com\/tol\/consum\/media\/product\/img\/300x300\/7291771.jpg?t=20250313080450"
    },
    {
        "id": 16056,
        "name": "Tinte 5.3 Capuccino OLIA",
        "price": 8.35,
        "price_kilo": 8.35,
        "slug": "tinte-53-capuccino",
        "description": "Tinte 5.3 Capuccino 1 U",
        "image": "https:\/\/cdn-consum.aktiosdigitalservices.com\/tol\/consum\/media\/product\/img\/300x300\/7291834.jpg?t=20250312160602"
    },
    {
        "id": 16057,
        "name": "Desodorante Stick Natural Alumbre BIOGLOW",
        "price": 2.2,
        "price_kilo": 3.67,
        "slug": "desodorante-stick-natural-alumbre",
        "description": "Desodorante Stick Natural Alumbre 60 Gr",
        "image": "https:\/\/cdn-consum.aktiosdigitalservices.com\/tol\/consum\/media\/product\/img\/300x300\/7292097.jpg?t=20241217081120"
    },
    {
        "id": 16058,
        "name": "Berberechos al Natural Bote CABO PE\u00d1AS",
        "price": 5.29,
        "price_kilo": 58.78,
        "slug": "berberechos-al-natural-bote",
        "description": "Berberechos al Natural Bote 90 Gr",
        "image": "https:\/\/cdn-consum.aktiosdigitalservices.com\/tol\/consum\/media\/product\/img\/300x300\/7292357.jpg?t=20250313080454"
    },
    {
        "id": 16066,
        "name": "Burger de Pollo Certificado 2 Unidades CONSUM",
        "price": 2.85,
        "price_kilo": 11.88,
        "slug": "burger-de-pollo-certificado-2-unidades",
        "description": "Burger de Pollo Certificado 2 Unidades 240 Gr",
        "image": "https:\/\/cdn-consum.aktiosdigitalservices.com\/tol\/consum\/media\/product\/img\/300x300\/7293603.jpg?t=20241217081120"
    },
    {
        "id": 16070,
        "name": "Radiatori Paquete GAROFALO",
        "price": 1.79,
        "price_kilo": 3.58,
        "slug": "radiatori-paquete",
        "description": "Radiatori Paquete 500 Gr",
        "image": "https:\/\/cdn-consum.aktiosdigitalservices.com\/tol\/consum\/media\/product\/img\/300x300\/7293678.jpg?t=20250313080456"
    },
    {
        "id": 16071,
        "name": "Elicoidali Paquete GAROFALO",
        "price": 1.79,
        "price_kilo": 3.58,
        "slug": "elicoidali-paquete",
        "description": "Elicoidali Paquete 500 Gr",
        "image": "https:\/\/cdn-consum.aktiosdigitalservices.com\/tol\/consum\/media\/product\/img\/300x300\/7293681.jpg?t=20250313080458"
    },
    {
        "id": 16072,
        "name": "Leche Dise\u00f1adora Rizos FRUCTIS",
        "price": 4.85,
        "price_kilo": 2.43,
        "slug": "leche-disenadora-rizos",
        "description": "Leche Dise\u00f1adora Rizos 200 ml",
        "image": "https:\/\/cdn-consum.aktiosdigitalservices.com\/tol\/consum\/media\/product\/img\/300x300\/7293686.jpg?t=20250313080500"
    },
    {
        "id": 16075,
        "name": "Conguitos Bolsa LACASA",
        "price": 3.25,
        "price_kilo": 18.57,
        "slug": "conguitos-bolsa",
        "description": "Conguitos Bolsa 175 Gr",
        "image": "https:\/\/cdn-consum.aktiosdigitalservices.com\/tol\/consum\/media\/product\/img\/300x300\/7294101.jpg?t=20250311133922"
    },
    {
        "id": 16076,
        "name": "Queso Semicurado Light 16 Porciones VACA QUE RIE",
        "price": 3.1,
        "price_kilo": 12.4,
        "slug": "queso-semicurado-light-16-porciones",
        "description": "Queso Semicurado Light 16 Porciones 250 Gr",
        "image": "https:\/\/cdn-consum.aktiosdigitalservices.com\/tol\/consum\/media\/product\/img\/300x300\/7294148.jpg?t=20250103081602"
    },
    {
        "id": 16078,
        "name": "Mafalda Corta Paquete GAROFALO",
        "price": 1.79,
        "price_kilo": 3.58,
        "slug": "mafalda-corta-paquete",
        "description": "Mafalda Corta Paquete 500 Gr",
        "image": "https:\/\/cdn-consum.aktiosdigitalservices.com\/tol\/consum\/media\/product\/img\/300x300\/7294262.jpg?t=20250220080529"
    },
    {
        "id": 16081,
        "name": "Tagliatelle Nido Paquete GAROFALO",
        "price": 2.99,
        "price_kilo": 5.98,
        "slug": "tagliatelle-nido-paquete",
        "description": "Tagliatelle Nido Paquete 500 Gr",
        "image": "https:\/\/cdn-consum.aktiosdigitalservices.com\/tol\/consum\/media\/product\/img\/300x300\/7294275.jpg?t=20250313080504"
    },
    {
        "id": 16082,
        "name": "Spaghetti Paquete GAROFALO",
        "price": 1.79,
        "price_kilo": 3.58,
        "slug": "spaghetti-paquete",
        "description": "Spaghetti Paquete 500 Gr",
        "image": "https:\/\/cdn-consum.aktiosdigitalservices.com\/tol\/consum\/media\/product\/img\/300x300\/7294291.jpg?t=20250313080506"
    },
    {
        "id": 16084,
        "name": "Yogur Original con Fresas Pack 2 Und. DANONE",
        "price": 1.99,
        "price_kilo": 7.65,
        "slug": "yogur-original-con-fresas-pack-2-und",
        "description": "Yogur Original con Fresas Pack 2 Und. 2 x 130 Gr",
        "image": "https:\/\/cdn-consum.aktiosdigitalservices.com\/tol\/consum\/media\/product\/img\/300x300\/7294366.jpg?t=20250213080117"
    },
    {
        "id": 16085,
        "name": "Yogur Original Natural Azucarado Pack 2 Ud. DANONE",
        "price": 1.99,
        "price_kilo": 7.65,
        "slug": "yogur-original-natural-azucarado-pack-2-ud",
        "description": "Yogur Original Natural Azucarado Pack 2 Ud. 2 x 130 Gr",
        "image": "https:\/\/cdn-consum.aktiosdigitalservices.com\/tol\/consum\/media\/product\/img\/300x300\/7294382.jpg?t=20250213080119"
    },
    {
        "id": 16086,
        "name": "Yogur Original Natural Pack de 2 Unidades DANONE",
        "price": 1.99,
        "price_kilo": 7.65,
        "slug": "yogur-original-natural-pack-de-2-unidades",
        "description": "Yogur Original Natural Pack de 2 Unidades 2 x 130 Gr",
        "image": "https:\/\/cdn-consum.aktiosdigitalservices.com\/tol\/consum\/media\/product\/img\/300x300\/7294387.jpg?t=20250213080121"
    },
    {
        "id": 16087,
        "name": "Catalana Tradicional SALGOT",
        "price": 13.5,
        "price_kilo": 13.5,
        "slug": "catalana-tradicional",
        "description": "Catalana Tradicional",
        "image": "https:\/\/cdn-consum.aktiosdigitalservices.com\/tol\/consum\/media\/product\/img\/300x300\/7294411.jpg?t=20250322075947"
    },
    {
        "id": 16092,
        "name": "Antipolillas Trampa Alimentos 2 M\u00e1s 1Regalo POLIL",
        "price": 7.19,
        "price_kilo": 2.4,
        "slug": "antipolillas-trampa-alimentos-2-mas-1regalo",
        "description": "Antipolillas Trampa Alimentos 2 M\u00e1s 1Regalo 3 U",
        "image": "https:\/\/cdn-consum.aktiosdigitalservices.com\/tol\/consum\/media\/product\/img\/300x300\/7294747.jpg?t=20250313080510"
    },
    {
        "id": 16096,
        "name": "Leche Condensada Entera Sirvef\u00e1cil CONSUM",
        "price": 2.55,
        "price_kilo": 5.67,
        "slug": "leche-condensada-entera-sirvefacil",
        "description": "Leche Condensada Entera Sirvef\u00e1cil 450 Gr",
        "image": "https:\/\/cdn-consum.aktiosdigitalservices.com\/tol\/consum\/media\/product\/img\/300x300\/7274900.jpg?t=20250311105939"
    },
    {
        "id": 16097,
        "name": "Leche Condensada Desnatada Sirvef\u00e1cil CONSUM",
        "price": 2.55,
        "price_kilo": 5.67,
        "slug": "leche-condensada-desnatada-sirvefacil",
        "description": "Leche Condensada Desnatada Sirvef\u00e1cil 450 Gr",
        "image": "https:\/\/cdn-consum.aktiosdigitalservices.com\/tol\/consum\/media\/product\/img\/300x300\/7274905.jpg?t=20250311105942"
    },
    {
        "id": 16104,
        "name": "Mascarilla cabellos blancos NELLY",
        "price": 4.55,
        "price_kilo": 3.03,
        "slug": "mascarilla-cabellos-blancos",
        "description": "Mascarilla cabellos blancos 150 ml",
        "image": "https:\/\/cdn-consum.aktiosdigitalservices.com\/tol\/consum\/media\/product\/img\/300x300\/7291813.jpg?t=20241217081119"
    },
    {
        "id": 16105,
        "name": "Ambientador Pulverizador Frutos Rojos MYHOME",
        "price": 2.79,
        "price_kilo": 2.79,
        "slug": "ambientador-pulverizador-frutos-rojos",
        "description": "Ambientador Pulverizador Frutos Rojos 1 U",
        "image": "https:\/\/cdn-consum.aktiosdigitalservices.com\/tol\/consum\/media\/product\/img\/300x300\/7292360.jpg?t=20241217081120"
    },
    {
        "id": 16107,
        "name": "Toallitas Desodorantes SALUSTAR",
        "price": 1.15,
        "price_kilo": 0.08,
        "slug": "toallitas-desodorantes",
        "description": "Toallitas Desodorantes 15 U",
        "image": "https:\/\/cdn-consum.aktiosdigitalservices.com\/tol\/consum\/media\/product\/img\/300x300\/7294119.jpg?t=20250206093331"
    },
    {
        "id": 16112,
        "name": "T\u00e9 Lim\u00f3n Instant\u00e1neo Sin Az\u00facar 8 sobres LOADING",
        "price": 1.95,
        "price_kilo": 0.24,
        "slug": "te-limon-instantaneo-sin-azucar-8-sobres",
        "description": "T\u00e9 Lim\u00f3n Instant\u00e1neo Sin Az\u00facar 8 sobres 8 L",
        "image": "https:\/\/cdn-consum.aktiosdigitalservices.com\/tol\/consum\/media\/product\/img\/300x300\/7294606.jpg?t=20250227092658"
    },
    {
        "id": 16113,
        "name": "Refresco Fr. Rojos Instant\u00e1neo Sin Az\u00facar LOADING",
        "price": 1.95,
        "price_kilo": 0.24,
        "slug": "refresco-fr-rojos-instantaneo-sin-azucar",
        "description": "Refresco Fr. Rojos Instant\u00e1neo Sin Az\u00facar 8 L",
        "image": "https:\/\/cdn-consum.aktiosdigitalservices.com\/tol\/consum\/media\/product\/img\/300x300\/7294614.jpg?t=20250227092700"
    },
    {
        "id": 16117,
        "name": "Queso Oveja al Pedro Xim\u00e9nez CARMEN",
        "price": 4.45,
        "price_kilo": 22.25,
        "slug": "queso-oveja-al-pedro-ximenez",
        "description": "Queso Oveja al Pedro Xim\u00e9nez 200 Gr",
        "image": "https:\/\/cdn-consum.aktiosdigitalservices.com\/tol\/consum\/media\/product\/img\/300x300\/7294804.jpg?t=20250227092702"
    },
    {
        "id": 16118,
        "name": "Salchich\u00f3n de Toledo EMB. ESPA\u00d1A",
        "price": 4.95,
        "price_kilo": 19.04,
        "slug": "salchichon-de-toledo",
        "description": "Salchich\u00f3n de Toledo 260 Gr",
        "image": "https:\/\/cdn-consum.aktiosdigitalservices.com\/tol\/consum\/media\/product\/img\/300x300\/7294841.jpg?t=20241217081121"
    },
    {
        "id": 16122,
        "name": "Cereales Fitness Con Chocolate Negro NESTLE",
        "price": 3.5,
        "price_kilo": 9.33,
        "slug": "cereales-fitness-con-chocolate-negro",
        "description": "Cereales Fitness Con Chocolate Negro 375 Gr",
        "image": "https:\/\/cdn-consum.aktiosdigitalservices.com\/tol\/consum\/media\/product\/img\/300x300\/7294929.jpg?t=20250311110303"
    },
    {
        "id": 16132,
        "name": "Iso Go! Naranja Lata CONSUM",
        "price": 0.45,
        "price_kilo": 1.36,
        "slug": "iso-go-naranja-lata",
        "description": "Iso Go! Naranja Lata 0,33 L",
        "image": "https:\/\/cdn-consum.aktiosdigitalservices.com\/tol\/consum\/media\/product\/img\/300x300\/7279474.jpg?t=20241217081113"
    },
    {
        "id": 16133,
        "name": "Salsa Pesto CONSUM",
        "price": 1.95,
        "price_kilo": 10.54,
        "slug": "salsa-pesto",
        "description": "Salsa Pesto 185 Gr",
        "image": "https:\/\/cdn-consum.aktiosdigitalservices.com\/tol\/consum\/media\/product\/img\/300x300\/7283869.jpg?t=20250312092757"
    },
    {
        "id": 16134,
        "name": "Aceite de Semillas Botella CONSUM",
        "price": 1.99,
        "price_kilo": 1.99,
        "slug": "aceite-de-semillas-botella",
        "description": "Aceite de Semillas Botella 1 L",
        "image": "https:\/\/cdn-consum.aktiosdigitalservices.com\/tol\/consum\/media\/product\/img\/300x300\/7285273.jpg?t=20250312092757"
    },
    {
        "id": 16138,
        "name": "Garbanzo Pedrosillano Paquete LUENGO",
        "price": 1.83,
        "price_kilo": 3.66,
        "slug": "garbanzo-pedrosillano-paquete",
        "description": "Garbanzo Pedrosillano Paquete 500 Gr",
        "image": "https:\/\/cdn-consum.aktiosdigitalservices.com\/tol\/consum\/media\/product\/img\/300x300\/7289791.jpg?t=20250103081536"
    },
    {
        "id": 16139,
        "name": "Salsa C\u00e9sar Bote HEINZ",
        "price": 3.75,
        "price_kilo": 9.38,
        "slug": "salsa-cesar-bote",
        "description": "Salsa C\u00e9sar Bote 400 ml",
        "image": "https:\/\/cdn-consum.aktiosdigitalservices.com\/tol\/consum\/media\/product\/img\/300x300\/7289796.jpg?t=20250124075737"
    },
    {
        "id": 16140,
        "name": "Limpia Metales LUMINIA",
        "price": 3.69,
        "price_kilo": 7.38,
        "slug": "limpia-metales",
        "description": "Limpia Metales 500 ml",
        "image": "https:\/\/cdn-consum.aktiosdigitalservices.com\/tol\/consum\/media\/product\/img\/300x300\/7289932.jpg?t=20241217081118"
    },
    {
        "id": 16141,
        "name": "Guindilla Rubia Picante Toreras Frasco KIMBO",
        "price": 2.23,
        "price_kilo": 18.58,
        "slug": "guindilla-rubia-picante-toreras-frasco",
        "description": "Guindilla Rubia Picante Toreras Frasco 120 Gr",
        "image": "https:\/\/cdn-consum.aktiosdigitalservices.com\/tol\/consum\/media\/product\/img\/300x300\/7289973.jpg?t=20250220080509"
    },
    {
        "id": 16142,
        "name": "Salsa Bolo\u00f1esa Chorizo Frasco HIDA",
        "price": 2.59,
        "price_kilo": 7.4,
        "slug": "salsa-bolonesa-chorizo-frasco",
        "description": "Salsa Bolo\u00f1esa Chorizo Frasco 350 Gr",
        "image": "https:\/\/cdn-consum.aktiosdigitalservices.com\/tol\/consum\/media\/product\/img\/300x300\/7291086.jpg?t=20241217081119"
    },
    {
        "id": 16162,
        "name": "Caf\u00e9 Espresso Ristretto C\u00e1psulas L'OR",
        "price": 7.39,
        "price_kilo": 0.37,
        "slug": "cafe-espresso-ristretto-capsulas",
        "description": "Caf\u00e9 Espresso Ristretto C\u00e1psulas 20 U",
        "image": "https:\/\/cdn-consum.aktiosdigitalservices.com\/tol\/consum\/media\/product\/img\/300x300\/7293541.jpg?t=20250312160605"
    },
    {
        "id": 16163,
        "name": "Caf\u00e9 Espresso Ristretto Descafeinado C\u00e1psulas L'OR",
        "price": 7.39,
        "price_kilo": 0.37,
        "slug": "cafe-espresso-ristretto-descafeinado-capsulas",
        "description": "Caf\u00e9 Espresso Ristretto Descafeinado C\u00e1psulas 20 U",
        "image": "https:\/\/cdn-consum.aktiosdigitalservices.com\/tol\/consum\/media\/product\/img\/300x300\/7293546.jpg?t=20250312160608"
    },
    {
        "id": 16168,
        "name": "Pouche Solo Eco Pera, Pl\u00e1tano y Naranja HERO",
        "price": 1.35,
        "price_kilo": 13.5,
        "slug": "pouche-solo-eco-pera-platano-y-naranja",
        "description": "Pouche Solo Eco Pera, Pl\u00e1tano y Naranja 100 Gr",
        "image": "https:\/\/cdn-consum.aktiosdigitalservices.com\/tol\/consum\/media\/product\/img\/300x300\/7294189.jpg?t=20250311110256"
    },
    {
        "id": 16170,
        "name": "Harina Para Pizza Paquete HARIMSA",
        "price": 1.29,
        "price_kilo": 2.58,
        "slug": "harina-para-pizza-paquete",
        "description": "Harina Para Pizza Paquete 500 Gr",
        "image": "https:\/\/cdn-consum.aktiosdigitalservices.com\/tol\/consum\/media\/product\/img\/300x300\/7294317.jpg?t=20250109101756"
    },
    {
        "id": 16171,
        "name": "Cortau\u00f1as Manos BETER",
        "price": 2.15,
        "price_kilo": 2.15,
        "slug": "cortaunas-manos",
        "description": "Cortau\u00f1as Manos 1 U",
        "image": "https:\/\/cdn-consum.aktiosdigitalservices.com\/tol\/consum\/media\/product\/img\/300x300\/7294432.jpg?t=20241217081121"
    },
    {
        "id": 16172,
        "name": "Media Hogaza Integral de Espelta y Fibra ",
        "price": 2.6,
        "price_kilo": 8.67,
        "slug": "media-hogaza-integral-de-espelta-y-fibra",
        "description": "Media Hogaza Integral de Espelta y Fibra 300 Gr",
        "image": "https:\/\/cdn-consum.aktiosdigitalservices.com\/tol\/consum\/media\/product\/img\/300x300\/7294465.jpg?t=20250322075949"
    },
    {
        "id": 16178,
        "name": "Spray Bucal Sin alcohol FORAMEN",
        "price": 1.25,
        "price_kilo": 20.83,
        "slug": "spray-bucal-sin-alcohol",
        "description": "Spray Bucal Sin alcohol 6 ml",
        "image": "https:\/\/cdn-consum.aktiosdigitalservices.com\/tol\/consum\/media\/product\/img\/300x300\/7294528.jpg?t=20241217081121"
    },
    {
        "id": 16182,
        "name": "Cepillo Neum\u00e1tico Grande PONETTE",
        "price": 2.15,
        "price_kilo": 2.15,
        "slug": "cepillo-neumatico-grande",
        "description": "Cepillo Neum\u00e1tico Grande 1 U",
        "image": "https:\/\/cdn-consum.aktiosdigitalservices.com\/tol\/consum\/media\/product\/img\/300x300\/7294759.jpg?t=20241217081121"
    },
    {
        "id": 16183,
        "name": "Clip Negro PONETTE",
        "price": 1.69,
        "price_kilo": 0.08,
        "slug": "clip-negro",
        "description": "Clip Negro 20 U",
        "image": "https:\/\/cdn-consum.aktiosdigitalservices.com\/tol\/consum\/media\/product\/img\/300x300\/7294762.jpg?t=20241217081121"
    },
    {
        "id": 16185,
        "name": "Cuartos Traseros Pollo Familiar CONSUM",
        "price": 6.4,
        "price_kilo": 3.2,
        "slug": "cuartos-traseros-pollo-familiar",
        "description": "Cuartos Traseros Pollo Familiar",
        "image": "https:\/\/cdn-consum.aktiosdigitalservices.com\/tol\/consum\/media\/product\/img\/300x300\/7294861.jpg?t=20241217081121"
    },
    {
        "id": 16187,
        "name": "Tarta Mousse de Lim\u00f3n ",
        "price": 7.2,
        "price_kilo": 13.09,
        "slug": "tarta-mousse-de-limon",
        "description": "Tarta Mousse de Lim\u00f3n 550 Gr",
        "image": "https:\/\/cdn-consum.aktiosdigitalservices.com\/tol\/consum\/media\/product\/img\/300x300\/7294903.jpg?t=20250313080512"
    },
    {
        "id": 16188,
        "name": "Flakes de Avena OATIBIX",
        "price": 4.09,
        "price_kilo": 7.44,
        "slug": "flakes-de-avena",
        "description": "Flakes de Avena 550 Gr",
        "image": "https:\/\/cdn-consum.aktiosdigitalservices.com\/tol\/consum\/media\/product\/img\/300x300\/7294908.jpg?t=20250311110300"
    },
    {
        "id": 16197,
        "name": "T\u00f3nica Hibiscus Botell\u00edn Vidrio SCHWEPPES",
        "price": 1.78,
        "price_kilo": 8.9,
        "slug": "tonica-hibiscus-botellin-vidrio",
        "description": "T\u00f3nica Hibiscus Botell\u00edn Vidrio 0,2 L",
        "image": "https:\/\/cdn-consum.aktiosdigitalservices.com\/tol\/consum\/media\/product\/img\/300x300\/7295496.jpg?t=20250116080216"
    },
    {
        "id": 16201,
        "name": "Vermut Rojo VITTORE",
        "price": 5.29,
        "price_kilo": 7.05,
        "slug": "vermut-rojo",
        "description": "Vermut Rojo 0,75 L",
        "image": "https:\/\/cdn-consum.aktiosdigitalservices.com\/tol\/consum\/media\/product\/img\/300x300\/7292092.jpg?t=20250311164602"
    },
    {
        "id": 16206,
        "name": "Mini Galletas Dinosaurus a Cucharadas ARTIACH",
        "price": 2.99,
        "price_kilo": 9.34,
        "slug": "mini-galletas-dinosaurus-a-cucharadas",
        "description": "Mini Galletas Dinosaurus a Cucharadas 320 Gr",
        "image": "https:\/\/cdn-consum.aktiosdigitalservices.com\/tol\/consum\/media\/product\/img\/300x300\/7294945.jpg?t=20250312160611"
    },
    {
        "id": 16210,
        "name": "Queso Havarti Lonchas G.BAQUERO",
        "price": 1.45,
        "price_kilo": 18.13,
        "slug": "queso-havarti-lonchas",
        "description": "Queso Havarti Lonchas 80 Gr",
        "image": "https:\/\/cdn-consum.aktiosdigitalservices.com\/tol\/consum\/media\/product\/img\/300x300\/7295447.jpg?t=20250206093354"
    },
    {
        "id": 16213,
        "name": "Caf\u00e9 con Leche Botella PULEVA",
        "price": 2.19,
        "price_kilo": 2.19,
        "slug": "cafe-con-leche-botella",
        "description": "Caf\u00e9 con Leche Botella 1 L",
        "image": "https:\/\/cdn-consum.aktiosdigitalservices.com\/tol\/consum\/media\/product\/img\/300x300\/7295566.jpg?t=20250313080521"
    },
    {
        "id": 16224,
        "name": "Tortilla de Patata Fresca con Espinacas PALACIOS",
        "price": 2.99,
        "price_kilo": 9.97,
        "slug": "tortilla-de-patata-fresca-con-espinacas",
        "description": "Tortilla de Patata Fresca con Espinacas 300 Gr",
        "image": "https:\/\/cdn-consum.aktiosdigitalservices.com\/tol\/consum\/media\/product\/img\/300x300\/7295553.jpg?t=20250313080519"
    },
    {
        "id": 16236,
        "name": "Tiras de Pollo Asado LA BROCHE",
        "price": 2.49,
        "price_kilo": 19.92,
        "slug": "tiras-de-pollo-asado",
        "description": "Tiras de Pollo Asado 125 Gr",
        "image": "https:\/\/cdn-consum.aktiosdigitalservices.com\/tol\/consum\/media\/product\/img\/300x300\/7295165.jpg?t=20250206093350"
    },
    {
        "id": 16247,
        "name": "Bayeta Microfibra Colors VILEDA",
        "price": 2.99,
        "price_kilo": 0.75,
        "slug": "bayeta-microfibra-colors",
        "description": "Bayeta Microfibra Colors 4 U",
        "image": "https:\/\/cdn-consum.aktiosdigitalservices.com\/tol\/consum\/media\/product\/img\/300x300\/7295769.jpg?t=20250311164602"
    },
    {
        "id": 16253,
        "name": "S\u00e1ndwich Pavo y Queso con Espinacas VITAL",
        "price": 1.85,
        "price_kilo": 9.74,
        "slug": "sandwich-pavo-y-queso-con-espinacas",
        "description": "S\u00e1ndwich Pavo y Queso con Espinacas 190 Gr",
        "image": "https:\/\/cdn-consum.aktiosdigitalservices.com\/tol\/consum\/media\/product\/img\/300x300\/7296346.jpg?t=20250218081359"
    },
    {
        "id": 16256,
        "name": "Estropajo Fibra Verde CONSUM",
        "price": 1,
        "price_kilo": 0.25,
        "slug": "estropajo-fibra-verde",
        "description": "Estropajo Fibra Verde 4 U",
        "image": "https:\/\/cdn-consum.aktiosdigitalservices.com\/tol\/consum\/media\/product\/img\/300x300\/7260128.jpg?t=20250313080359"
    },
    {
        "id": 16268,
        "name": "Mini Croissant Mantequilla 6 Unidades ",
        "price": 1.18,
        "price_kilo": 9.83,
        "slug": "mini-croissant-mantequilla-6-unidades",
        "description": "Mini Croissant Mantequilla 6 Unidades 120 Gr",
        "image": "https:\/\/cdn-consum.aktiosdigitalservices.com\/tol\/consum\/media\/product\/img\/300x300\/7296028.jpg?t=20250313080524"
    },
    {
        "id": 16269,
        "name": "S\u00e1ndwich Jam\u00f3n York y Queso sin Corteza VITAL",
        "price": 1.85,
        "price_kilo": 12.33,
        "slug": "sandwich-jamon-york-y-queso-sin-corteza",
        "description": "S\u00e1ndwich Jam\u00f3n York y Queso sin Corteza 150 Gr",
        "image": "https:\/\/cdn-consum.aktiosdigitalservices.com\/tol\/consum\/media\/product\/img\/300x300\/7296320.jpg?t=20250218081359"
    },
    {
        "id": 16272,
        "name": "Desinfectante Textil Sin Lej\u00eda SANYTOL",
        "price": 2.95,
        "price_kilo": 5.9,
        "slug": "desinfectante-textil-sin-lejia",
        "description": "Desinfectante Textil Sin Lej\u00eda 500 ml",
        "image": "https:\/\/cdn-consum.aktiosdigitalservices.com\/tol\/consum\/media\/product\/img\/300x300\/7295228.jpg?t=20250227092707"
    },
    {
        "id": 16273,
        "name": "Vino Tinto Joven D.O.Ribera del Duero M.BERDUGO",
        "price": 6.39,
        "price_kilo": 8.52,
        "slug": "vino-tinto-joven-doribera-del-duero",
        "description": "Vino Tinto Joven D.O.Ribera del Duero 0,75 L",
        "image": "https:\/\/cdn-consum.aktiosdigitalservices.com\/tol\/consum\/media\/product\/img\/300x300\/7295751.jpg?t=20241217081121"
    },
    {
        "id": 16274,
        "name": "Pa\u00f1uelo Compacto Cuatro Capas CONSUM",
        "price": 1.15,
        "price_kilo": 0.12,
        "slug": "panuelo-compacto-cuatro-capas",
        "description": "Pa\u00f1uelo Compacto Cuatro Capas 10 U",
        "image": "https:\/\/cdn-consum.aktiosdigitalservices.com\/tol\/consum\/media\/product\/img\/300x300\/7290443.jpg?t=20250312092757"
    },
    {
        "id": 16275,
        "name": "Molinillo Pimienta Creaci\u00f3n DUCROS",
        "price": 3.99,
        "price_kilo": 11.74,
        "slug": "molinillo-pimienta-creacion",
        "description": "Molinillo Pimienta Creaci\u00f3n 34 Gr",
        "image": "https:\/\/cdn-consum.aktiosdigitalservices.com\/tol\/consum\/media\/product\/img\/300x300\/7290851.jpg?t=20250311164602"
    },
    {
        "id": 16279,
        "name": "Suavizante Concentrado Aroma Nenuco FLOR",
        "price": 4.89,
        "price_kilo": 0.06,
        "slug": "suavizante-concentrado-aroma-nenuco",
        "description": "Suavizante Concentrado Aroma Nenuco 72 Lv",
        "image": "https:\/\/cdn-consum.aktiosdigitalservices.com\/tol\/consum\/media\/product\/img\/300x300\/7294978.jpg?t=20250227092705"
    },
    {
        "id": 16281,
        "name": "Ambientador Sense&Sp. Recambio Ropa Limpia GLADE",
        "price": 3.59,
        "price_kilo": 3.59,
        "slug": "ambientador-sensesp-recambio-ropa-limpia",
        "description": "Ambientador Sense&Sp. Recambio Ropa Limpia 1 U",
        "image": "https:\/\/cdn-consum.aktiosdigitalservices.com\/tol\/consum\/media\/product\/img\/300x300\/7295004.jpg?t=20250313080514"
    },
    {
        "id": 16285,
        "name": "Tinte Color Sensation 7 GARNIER",
        "price": 3.9,
        "price_kilo": 3.9,
        "slug": "tinte-color-sensation-7",
        "description": "Tinte Color Sensation 7 1 U",
        "image": "https:\/\/cdn-consum.aktiosdigitalservices.com\/tol\/consum\/media\/product\/img\/300x300\/7296127.jpg?t=20250114084832"
    },
    {
        "id": 16286,
        "name": "Surtido Galletas CUETARA",
        "price": 5.6,
        "price_kilo": 13.33,
        "slug": "surtido-galletas",
        "description": "Surtido Galletas 420 Gr",
        "image": "https:\/\/cdn-consum.aktiosdigitalservices.com\/tol\/consum\/media\/product\/img\/300x300\/7296148.jpg?t=20250311133929"
    },
    {
        "id": 16287,
        "name": "Lentejas Verdina Calidad Extra Frasco GUTARRA",
        "price": 1.75,
        "price_kilo": 4.38,
        "slug": "lentejas-verdina-calidad-extra-frasco",
        "description": "Lentejas Verdina Calidad Extra Frasco 400 Gr",
        "image": "https:\/\/cdn-consum.aktiosdigitalservices.com\/tol\/consum\/media\/product\/img\/300x300\/7296189.jpg?t=20250227092714"
    },
    {
        "id": 16313,
        "name": "Mango Deshidratado Doypack PRUNITA",
        "price": 1.99,
        "price_kilo": 22.11,
        "slug": "mango-deshidratado-doypack",
        "description": "Mango Deshidratado Doypack 90 Gr",
        "image": "https:\/\/cdn-consum.aktiosdigitalservices.com\/tol\/consum\/media\/product\/img\/300x300\/7295462.jpg?t=20250311164602"
    },
    {
        "id": 16317,
        "name": "Salsa Soja Cl\u00e1sica KIKKOMAN",
        "price": 4.69,
        "price_kilo": 18.76,
        "slug": "salsa-soja-clasica",
        "description": "Salsa Soja Cl\u00e1sica 250 ml",
        "image": "https:\/\/cdn-consum.aktiosdigitalservices.com\/tol\/consum\/media\/product\/img\/300x300\/7296247.jpg?t=20241217081122"
    },
    {
        "id": 16324,
        "name": "Tomate Frito Oliva Brik Pack de 3 ORLANDO",
        "price": 2.85,
        "price_kilo": 4.48,
        "slug": "tomate-frito-oliva-brik-pack-de-3",
        "description": "Tomate Frito Oliva Brik Pack de 3 3 x 212 Gr",
        "image": "https:\/\/cdn-consum.aktiosdigitalservices.com\/tol\/consum\/media\/product\/img\/300x300\/7295137.jpg?t=20250206093348"
    },
    {
        "id": 16327,
        "name": "Barquillo Relleno B-Ready NUTELLA",
        "price": 2.59,
        "price_kilo": 19.62,
        "slug": "barquillo-relleno-b-ready",
        "description": "Barquillo Relleno B-Ready 132 Gr",
        "image": "https:\/\/cdn-consum.aktiosdigitalservices.com\/tol\/consum\/media\/product\/img\/300x300\/7296143.jpg?t=20250311133927"
    },
    {
        "id": 16333,
        "name": "Refresco Cola Zero Lima Lata PEPSI-COLA",
        "price": 0.5,
        "price_kilo": 1.51,
        "slug": "refresco-cola-zero-lima-lata",
        "description": "Refresco Cola Zero Lima Lata 0,33 L",
        "image": "https:\/\/cdn-consum.aktiosdigitalservices.com\/tol\/consum\/media\/product\/img\/300x300\/7296965.jpg?t=20250311133931"
    },
    {
        "id": 16335,
        "name": "Cortacallos PONETTE",
        "price": 2.65,
        "price_kilo": 2.65,
        "slug": "cortacallos",
        "description": "Cortacallos 1 U",
        "image": "https:\/\/cdn-consum.aktiosdigitalservices.com\/tol\/consum\/media\/product\/img\/300x300\/7297034.jpg?t=20241217081122"
    },
    {
        "id": 16336,
        "name": "Cepillo Raqueta PONETTE",
        "price": 3.15,
        "price_kilo": 3.15,
        "slug": "cepillo-raqueta",
        "description": "Cepillo Raqueta 1 U",
        "image": "https:\/\/cdn-consum.aktiosdigitalservices.com\/tol\/consum\/media\/product\/img\/300x300\/7297039.jpg?t=20241217081122"
    },
    {
        "id": 16339,
        "name": "Col Rizada Partida ",
        "price": 2.15,
        "price_kilo": 2.15,
        "slug": "col-rizada-partida",
        "description": "Col Rizada Partida",
        "image": "https:\/\/cdn-consum.aktiosdigitalservices.com\/tol\/consum\/media\/product\/img\/300x300\/7115830.jpg?t=20250322075847"
    },
    {
        "id": 16342,
        "name": "Repollo Liso Partido ",
        "price": 1.9,
        "price_kilo": 2,
        "slug": "repollo-liso-partido",
        "description": "Repollo Liso Partido",
        "image": "https:\/\/cdn-consum.aktiosdigitalservices.com\/tol\/consum\/media\/product\/img\/300x300\/7156334.jpg?t=20250322075901"
    },
    {
        "id": 16343,
        "name": "Calabaza Partida ",
        "price": 1.69,
        "price_kilo": 2.3,
        "slug": "calabaza-partida",
        "description": "Calabaza Partida",
        "image": "https:\/\/cdn-consum.aktiosdigitalservices.com\/tol\/consum\/media\/product\/img\/300x300\/7156339.jpg?t=20250322075903"
    },
    {
        "id": 16374,
        "name": "Passata de Tomate Pasta de Tomate. Frasco MUTTI",
        "price": 2.89,
        "price_kilo": 7.23,
        "slug": "passata-de-tomate-pasta-de-tomate-frasco",
        "description": "Passata de Tomate Pasta de Tomate. Frasco 400 Gr",
        "image": "https:\/\/cdn-consum.aktiosdigitalservices.com\/tol\/consum\/media\/product\/img\/300x300\/7296726.jpg?t=20241217081122"
    },
    {
        "id": 16375,
        "name": "Polpa di Pomodoro Tomate Triturado. Lata MUTTI",
        "price": 2.65,
        "price_kilo": 6.63,
        "slug": "polpa-di-pomodoro-tomate-triturado-lata",
        "description": "Polpa di Pomodoro Tomate Triturado. Lata 400 Gr",
        "image": "https:\/\/cdn-consum.aktiosdigitalservices.com\/tol\/consum\/media\/product\/img\/300x300\/7296739.jpg?t=20241217081122"
    },
    {
        "id": 16377,
        "name": "Zumo Veggie Calabaza Zanahoria-Mango-Manza JUVER",
        "price": 2.39,
        "price_kilo": 2.39,
        "slug": "zumo-veggie-calabaza-zanahoria-mango-manza",
        "description": "Zumo Veggie Calabaza Zanahoria-Mango-Manza 1 L",
        "image": "https:\/\/cdn-consum.aktiosdigitalservices.com\/tol\/consum\/media\/product\/img\/300x300\/7296940.jpg?t=20250116080218"
    },
    {
        "id": 16378,
        "name": "Zumo Veggie Remolacha Frutos Bosque-Zanahoria JUVER",
        "price": 2.39,
        "price_kilo": 2.39,
        "slug": "zumo-veggie-remolacha-frutos-bosque-zanahoria",
        "description": "Zumo Veggie Remolacha Frutos Bosque-Zanahoria 1 L",
        "image": "https:\/\/cdn-consum.aktiosdigitalservices.com\/tol\/consum\/media\/product\/img\/300x300\/7296945.jpg?t=20250116080221"
    },
    {
        "id": 16382,
        "name": "Preparado L\u00e1cteo con Fibra Brik PULEVA",
        "price": 1.55,
        "price_kilo": 1.55,
        "slug": "preparado-lacteo-con-fibra-brik",
        "description": "Preparado L\u00e1cteo con Fibra Brik 1 L",
        "image": "https:\/\/cdn-consum.aktiosdigitalservices.com\/tol\/consum\/media\/product\/img\/300x300\/7297351.jpg?t=20250313080526"
    },
    {
        "id": 16389,
        "name": "Sobaos Pack 14 Unidades CONSUM",
        "price": 1.1,
        "price_kilo": 3.93,
        "slug": "sobaos-pack-14-unidades",
        "description": "Sobaos Pack 14 Unidades 280 Gr",
        "image": "https:\/\/cdn-consum.aktiosdigitalservices.com\/tol\/consum\/media\/product\/img\/300x300\/7293483.jpg?t=20250311110232"
    },
    {
        "id": 16390,
        "name": "Chicle Senses Berry Party TRIDENT",
        "price": 1.25,
        "price_kilo": 5.43,
        "slug": "chicle-senses-berry-party",
        "description": "Chicle Senses Berry Party 23 Gr",
        "image": "https:\/\/cdn-consum.aktiosdigitalservices.com\/tol\/consum\/media\/product\/img\/300x300\/7293970.jpg?t=20250311124724"
    },
    {
        "id": 16409,
        "name": "Hogaza Integral RECONDO",
        "price": 1.99,
        "price_kilo": 8.3,
        "slug": "hogaza-integral",
        "description": "Hogaza Integral 240 Gr",
        "image": "https:\/\/cdn-consum.aktiosdigitalservices.com\/tol\/consum\/media\/product\/img\/300x300\/7297872.jpg?t=20250311110328"
    },
    {
        "id": 16413,
        "name": "Chicle Senses Sabor Tropical TRIDENT",
        "price": 1.25,
        "price_kilo": 5.43,
        "slug": "chicle-senses-sabor-tropical",
        "description": "Chicle Senses Sabor Tropical 23 Gr",
        "image": "https:\/\/cdn-consum.aktiosdigitalservices.com\/tol\/consum\/media\/product\/img\/300x300\/7294002.jpg?t=20250311124729"
    },
    {
        "id": 16417,
        "name": "Crema Regenerist Tres \u00c1reas D\u00eda OLAY",
        "price": 27.9,
        "price_kilo": 55.8,
        "slug": "crema-regenerist-tres-areas-dia",
        "description": "Crema Regenerist Tres \u00c1reas D\u00eda 50 ml",
        "image": "https:\/\/cdn-consum.aktiosdigitalservices.com\/tol\/consum\/media\/product\/img\/300x300\/7296387.jpg?t=20250311164602"
    },
    {
        "id": 16418,
        "name": "Recambio Ambientador Esential Mist Lavanda AIR WICK",
        "price": 6.99,
        "price_kilo": 6.99,
        "slug": "recambio-ambientador-esential-mist-lavanda",
        "description": "Recambio Ambientador Esential Mist Lavanda 1 U",
        "image": "https:\/\/cdn-consum.aktiosdigitalservices.com\/tol\/consum\/media\/product\/img\/300x300\/7297138.jpg?t=20250227092717"
    },
    {
        "id": 16420,
        "name": "Recambio Ambientador Esential Mist Citrus AIR WICK",
        "price": 6.99,
        "price_kilo": 6.99,
        "slug": "recambio-ambientador-esential-mist-citrus",
        "description": "Recambio Ambientador Esential Mist Citrus 1 U",
        "image": "https:\/\/cdn-consum.aktiosdigitalservices.com\/tol\/consum\/media\/product\/img\/300x300\/7297153.jpg?t=20250227092719"
    },
    {
        "id": 16421,
        "name": "Ambientador Essential M. Aparato Explosi\u00f3n C\u00edtrica AIR WICK",
        "price": 12.99,
        "price_kilo": 12.99,
        "slug": "ambientador-essential-m-aparato-explosion-citrica",
        "description": "Ambientador Essential M. Aparato Explosi\u00f3n C\u00edtrica 1 U",
        "image": "https:\/\/cdn-consum.aktiosdigitalservices.com\/tol\/consum\/media\/product\/img\/300x300\/7297158.jpg?t=20250227092721"
    },
    {
        "id": 16429,
        "name": "Cepillo Esqueleto Grande PONETTE",
        "price": 2.1,
        "price_kilo": 2.1,
        "slug": "cepillo-esqueleto-grande",
        "description": "Cepillo Esqueleto Grande 1 U",
        "image": "https:\/\/cdn-consum.aktiosdigitalservices.com\/tol\/consum\/media\/product\/img\/300x300\/7298172.jpg?t=20241217081122"
    },
    {
        "id": 16430,
        "name": "Cepillo Neum\u00e1tico Peque\u00f1o PONETTE",
        "price": 1.29,
        "price_kilo": 1.29,
        "slug": "cepillo-neumatico-pequeno",
        "description": "Cepillo Neum\u00e1tico Peque\u00f1o 1 U",
        "image": "https:\/\/cdn-consum.aktiosdigitalservices.com\/tol\/consum\/media\/product\/img\/300x300\/7298193.jpg?t=20241217081122"
    },
    {
        "id": 16443,
        "name": "Refresco T\u00e9 Lim\u00f3n Cero Botella CONSUM",
        "price": 1,
        "price_kilo": 0.67,
        "slug": "refresco-te-limon-cero-botella",
        "description": "Refresco T\u00e9 Lim\u00f3n Cero Botella 1,5 L",
        "image": "https:\/\/cdn-consum.aktiosdigitalservices.com\/tol\/consum\/media\/product\/img\/300x300\/7285158.jpg?t=20250312092757"
    },
    {
        "id": 16444,
        "name": "Refresco T\u00e9 Melocot\u00f3n Cero Lata CONSUM",
        "price": 0.45,
        "price_kilo": 1.36,
        "slug": "refresco-te-melocoton-cero-lata",
        "description": "Refresco T\u00e9 Melocot\u00f3n Cero Lata 0,33 L",
        "image": "https:\/\/cdn-consum.aktiosdigitalservices.com\/tol\/consum\/media\/product\/img\/300x300\/7286958.jpg?t=20241217081117"
    },
    {
        "id": 16446,
        "name": "Goma B\u00e1sica Peque\u00f1a 20 Unidades PONETTE",
        "price": 1.15,
        "price_kilo": 0.06,
        "slug": "goma-basica-pequena-20-unidades",
        "description": "Goma B\u00e1sica Peque\u00f1a 20 Unidades 20 U",
        "image": "https:\/\/cdn-consum.aktiosdigitalservices.com\/tol\/consum\/media\/product\/img\/300x300\/7297265.jpg?t=20241217081122"
    },
    {
        "id": 16447,
        "name": "Natillas con Sorpresa KIDS WORLD",
        "price": 1.19,
        "price_kilo": 17,
        "slug": "natillas-con-sorpresa",
        "description": "Natillas con Sorpresa 70 Gr",
        "image": "https:\/\/cdn-consum.aktiosdigitalservices.com\/tol\/consum\/media\/product\/img\/300x300\/7297567.jpg?t=20241217081122"
    },
    {
        "id": 16460,
        "name": "Snack para Gatos Catisfaction sabor Pollo MARS",
        "price": 1.99,
        "price_kilo": 33.17,
        "slug": "snack-para-gatos-catisfaction-sabor-pollo",
        "description": "Snack para Gatos Catisfaction sabor Pollo 60 Gr",
        "image": "https:\/\/cdn-consum.aktiosdigitalservices.com\/tol\/consum\/media\/product\/img\/300x300\/7298552.jpg?t=20250227092728"
    },
    {
        "id": 16467,
        "name": "Snacks para Perros Adventuros Nuggets ADVENTUROS",
        "price": 1.99,
        "price_kilo": 22.11,
        "slug": "snacks-para-perros-adventuros-nuggets",
        "description": "Snacks para Perros Adventuros Nuggets 90 Gr",
        "image": "https:\/\/cdn-consum.aktiosdigitalservices.com\/tol\/consum\/media\/product\/img\/300x300\/7251171.jpg?t=20250227092200"
    },
    {
        "id": 16470,
        "name": "Comida Seca Gatos Esterilizados VITALITY",
        "price": 3.4,
        "price_kilo": 2.27,
        "slug": "comida-seca-gatos-esterilizados",
        "description": "Comida Seca Gatos Esterilizados 1,5 Kg",
        "image": "https:\/\/cdn-consum.aktiosdigitalservices.com\/tol\/consum\/media\/product\/img\/300x300\/7259229.jpg?t=20250109100908"
    },
    {
        "id": 16472,
        "name": "Refresco T\u00e9 Lim\u00f3n Botella CONSUM",
        "price": 1,
        "price_kilo": 0.67,
        "slug": "refresco-te-limon-botella",
        "description": "Refresco T\u00e9 Lim\u00f3n Botella 1,5 L",
        "image": "https:\/\/cdn-consum.aktiosdigitalservices.com\/tol\/consum\/media\/product\/img\/300x300\/7287100.jpg?t=20241217081117"
    },
    {
        "id": 16473,
        "name": "Yogur Cremoso 00% Natural Edulcorado CONSUM",
        "price": 0.99,
        "price_kilo": 1.98,
        "slug": "yogur-cremoso-00-natural-edulcorado",
        "description": "Yogur Cremoso 00% Natural Edulcorado 4 x 125 Gr",
        "image": "https:\/\/cdn-consum.aktiosdigitalservices.com\/tol\/consum\/media\/product\/img\/300x300\/7288272.jpg?t=20241223080128"
    },
    {
        "id": 16487,
        "name": "U Snack Jam\u00f3n Serrano C.SERRANO",
        "price": 1.29,
        "price_kilo": 21.5,
        "slug": "u-snack-jamon-serrano",
        "description": "U Snack Jam\u00f3n Serrano 60 Gr",
        "image": "https:\/\/cdn-consum.aktiosdigitalservices.com\/tol\/consum\/media\/product\/img\/300x300\/7298818.jpg?t=20241217081122"
    },
    {
        "id": 16546,
        "name": "Sardinas en Aceite Oliva Lata CUCA",
        "price": 2.45,
        "price_kilo": 28.82,
        "slug": "sardinas-en-aceite-oliva-lata",
        "description": "Sardinas en Aceite Oliva Lata 85 Gr",
        "image": "https:\/\/cdn-consum.aktiosdigitalservices.com\/tol\/consum\/media\/product\/img\/300x300\/489070.jpg?t=20250227090015"
    },
    {
        "id": 16625,
        "name": "Cannelloni Canel\u00f3n Caja EL PAVO",
        "price": 1.25,
        "price_kilo": 10,
        "slug": "cannelloni-canelon-caja",
        "description": "Cannelloni Canel\u00f3n Caja 125 Gr",
        "image": "https:\/\/cdn-consum.aktiosdigitalservices.com\/tol\/consum\/media\/product\/img\/300x300\/7059850.jpg?t=20250221075821"
    },
    {
        "id": 16639,
        "name": "N\u00e9ctar Pi\u00f1a Pack de 3 GRANINI",
        "price": 1.69,
        "price_kilo": 2.82,
        "slug": "nectar-pina-pack-de-3",
        "description": "N\u00e9ctar Pi\u00f1a Pack de 3 3 x 0,2 L",
        "image": "https:\/\/cdn-consum.aktiosdigitalservices.com\/tol\/consum\/media\/product\/img\/300x300\/7068729.jpg?t=20250110075817"
    },
    {
        "id": 16640,
        "name": "Bebida a Base de Zumo de Melocot\u00f3n Tetrabrik GRANINI",
        "price": 1.69,
        "price_kilo": 2.82,
        "slug": "bebida-a-base-de-zumo-de-melocoton-tetrabrik",
        "description": "Bebida a Base de Zumo de Melocot\u00f3n Tetrabrik 3 x 0,2 L",
        "image": "https:\/\/cdn-consum.aktiosdigitalservices.com\/tol\/consum\/media\/product\/img\/300x300\/7068732.jpg?t=20250110075819"
    },
    {
        "id": 16669,
        "name": "Batido de Cacao Minibrik Pack de 6 CACAOLAT",
        "price": 3.6,
        "price_kilo": 3,
        "slug": "batido-de-cacao-minibrik-pack-de-6",
        "description": "Batido de Cacao Minibrik Pack de 6 6 x 200 ml",
        "image": "https:\/\/cdn-consum.aktiosdigitalservices.com\/tol\/consum\/media\/product\/img\/300x300\/7093552.jpg?t=20250312125110"
    },
    {
        "id": 16695,
        "name": "Palitos Aceite Oliva QUELY",
        "price": 0.69,
        "price_kilo": 13.8,
        "slug": "palitos-aceite-oliva",
        "description": "Palitos Aceite Oliva 50 Gr",
        "image": "https:\/\/cdn-consum.aktiosdigitalservices.com\/tol\/consum\/media\/product\/img\/300x300\/7113355.jpg?t=20250313080108"
    },
    {
        "id": 16709,
        "name": "Palitos Con Pipas QUELY",
        "price": 0.69,
        "price_kilo": 13.8,
        "slug": "palitos-con-pipas",
        "description": "Palitos Con Pipas 50 Gr",
        "image": "https:\/\/cdn-consum.aktiosdigitalservices.com\/tol\/consum\/media\/product\/img\/300x300\/7150084.jpg?t=20250313080127"
    },
    {
        "id": 16734,
        "name": "Salsa Brava Tarro D'ATENEA",
        "price": 1.89,
        "price_kilo": 6.3,
        "slug": "salsa-brava-tarro",
        "description": "Salsa Brava Tarro 300 Gr",
        "image": "https:\/\/cdn-consum.aktiosdigitalservices.com\/tol\/consum\/media\/product\/img\/300x300\/7183346.jpg?t=20241217081033"
    },
    {
        "id": 16747,
        "name": "Queso Feta D.O.P. Griego Leche de Oveja y Cabra HOTOS",
        "price": 3.85,
        "price_kilo": 19.25,
        "slug": "queso-feta-dop-griego-leche-de-oveja-y-cabra",
        "description": "Queso Feta D.O.P. Griego Leche de Oveja y Cabra 200 Gr",
        "image": "https:\/\/cdn-consum.aktiosdigitalservices.com\/tol\/consum\/media\/product\/img\/300x300\/7192735.jpg?t=20250204080446"
    },
    {
        "id": 16751,
        "name": "Coctel Frutos Secos sin C\u00e1scara FRIT RAVICH",
        "price": 1.49,
        "price_kilo": 8.76,
        "slug": "coctel-frutos-secos-sin-cascara",
        "description": "Coctel Frutos Secos sin C\u00e1scara 170 Gr",
        "image": "https:\/\/cdn-consum.aktiosdigitalservices.com\/tol\/consum\/media\/product\/img\/300x300\/7193972.jpg?t=20250313080231"
    },
    {
        "id": 16758,
        "name": "Caldo Paella F\u00e1cil Brik G.BLANCA",
        "price": 3.49,
        "price_kilo": 3.49,
        "slug": "caldo-paella-facil-brik",
        "description": "Caldo Paella F\u00e1cil Brik 1 L",
        "image": "https:\/\/cdn-consum.aktiosdigitalservices.com\/tol\/consum\/media\/product\/img\/300x300\/7198737.jpg?t=20250318080103"
    },
    {
        "id": 16761,
        "name": "Boletus Deshidratado Bandeja TREVIJANO",
        "price": 5.61,
        "price_kilo": 14.03,
        "slug": "boletus-deshidratado-bandeja",
        "description": "Boletus Deshidratado Bandeja 40 Gr",
        "image": "https:\/\/cdn-consum.aktiosdigitalservices.com\/tol\/consum\/media\/product\/img\/300x300\/7201747.jpg?t=20250312092752"
    },
    {
        "id": 16772,
        "name": "Cocktail Frutos Secos Top 5 FRIT RAVICH",
        "price": 2.75,
        "price_kilo": 16.18,
        "slug": "cocktail-frutos-secos-top-5",
        "description": "Cocktail Frutos Secos Top 5 170 Gr",
        "image": "https:\/\/cdn-consum.aktiosdigitalservices.com\/tol\/consum\/media\/product\/img\/300x300\/7207186.jpg?t=20250318080108"
    },
    {
        "id": 16801,
        "name": "Tiras de Pot\u00f3n ",
        "price": 9.95,
        "price_kilo": 9.95,
        "slug": "tiras-de-poton",
        "description": "Tiras de Pot\u00f3n",
        "image": "https:\/\/cdn-consum.aktiosdigitalservices.com\/tol\/consum\/media\/product\/img\/300x300\/7225584.jpg?t=20250318080130"
    },
    {
        "id": 16805,
        "name": "Yogur Natural Artesano EL PASTORET",
        "price": 2.51,
        "price_kilo": 5.02,
        "slug": "yogur-natural-artesano",
        "description": "Yogur Natural Artesano 500 Gr",
        "image": "https:\/\/cdn-consum.aktiosdigitalservices.com\/tol\/consum\/media\/product\/img\/300x300\/7228849.jpg?t=20241223080020"
    },
    {
        "id": 16814,
        "name": "Zumo de Manzana 100% Premium Pet GRANINI",
        "price": 3.09,
        "price_kilo": 3.09,
        "slug": "zumo-de-manzana-100-premium-pet",
        "description": "Zumo de Manzana 100% Premium Pet 1 L",
        "image": "https:\/\/cdn-consum.aktiosdigitalservices.com\/tol\/consum\/media\/product\/img\/300x300\/7241347.jpg?t=20250227092005"
    },
    {
        "id": 16843,
        "name": "Pan de Leche 8 Unidades PASQUIER",
        "price": 1.99,
        "price_kilo": 7.1,
        "slug": "pan-de-leche-8-unidades",
        "description": "Pan de Leche 8 Unidades 280 Gr",
        "image": "https:\/\/cdn-consum.aktiosdigitalservices.com\/tol\/consum\/media\/product\/img\/300x300\/7250645.jpg?t=20250313080350"
    },
    {
        "id": 16868,
        "name": "Tinte Negro 40\u00baC 2 Sobres IBERIA",
        "price": 2.99,
        "price_kilo": 1.5,
        "slug": "tinte-negro-40c-2-sobres",
        "description": "Tinte Negro 40\u00baC 2 Sobres 2 U",
        "image": "https:\/\/cdn-consum.aktiosdigitalservices.com\/tol\/consum\/media\/product\/img\/300x300\/7260545.jpg?t=20241217081104"
    },
    {
        "id": 16869,
        "name": "Tinte Azul Marino 40\u00baC 2 Sobres IBERIA",
        "price": 2.99,
        "price_kilo": 1.5,
        "slug": "tinte-azul-marino-40c-2-sobres",
        "description": "Tinte Azul Marino 40\u00baC 2 Sobres 2 U",
        "image": "https:\/\/cdn-consum.aktiosdigitalservices.com\/tol\/consum\/media\/product\/img\/300x300\/7260552.jpg?t=20241217081104"
    },
    {
        "id": 16877,
        "name": "Aditivo L\u00edquido Cortinas Luminosas IBERIA",
        "price": 1.89,
        "price_kilo": 1.89,
        "slug": "aditivo-liquido-cortinas-luminosas",
        "description": "Aditivo L\u00edquido Cortinas Luminosas 0,15 L",
        "image": "https:\/\/cdn-consum.aktiosdigitalservices.com\/tol\/consum\/media\/product\/img\/300x300\/7265655.jpg?t=20250312125455"
    },
    {
        "id": 16878,
        "name": "Quitamanchas Deste\u00f1idos IBERIA",
        "price": 3.99,
        "price_kilo": 1,
        "slug": "quitamanchas-destenidos",
        "description": "Quitamanchas Deste\u00f1idos 4 U",
        "image": "https:\/\/cdn-consum.aktiosdigitalservices.com\/tol\/consum\/media\/product\/img\/300x300\/7265684.jpg?t=20250311164600"
    },
    {
        "id": 16886,
        "name": "Jam\u00f3n Serrano Reserva Salamanca BOADAS",
        "price": 2.45,
        "price_kilo": 30.63,
        "slug": "jamon-serrano-reserva-salamanca",
        "description": "Jam\u00f3n Serrano Reserva Salamanca 80 Gr",
        "image": "https:\/\/cdn-consum.aktiosdigitalservices.com\/tol\/consum\/media\/product\/img\/300x300\/7268043.jpg?t=20250206092931"
    },
    {
        "id": 16888,
        "name": "Burger Cl\u00e1sica Vegetariana GARDEN GOURM",
        "price": 3.29,
        "price_kilo": 21.93,
        "slug": "burger-clasica-vegetariana",
        "description": "Burger Cl\u00e1sica Vegetariana 150 Gr",
        "image": "https:\/\/cdn-consum.aktiosdigitalservices.com\/tol\/consum\/media\/product\/img\/300x300\/7269954.jpg?t=20250109101156"
    },
    {
        "id": 16939,
        "name": "Iso Go! C\u00edtrico Cero Botella CONSUM",
        "price": 1,
        "price_kilo": 0.67,
        "slug": "iso-go-citrico-cero-botella",
        "description": "Iso Go! C\u00edtrico Cero Botella 1,5 L",
        "image": "https:\/\/cdn-consum.aktiosdigitalservices.com\/tol\/consum\/media\/product\/img\/300x300\/7284545.jpg?t=20241217081116"
    },
    {
        "id": 16940,
        "name": "Caldo Pollo Gourmet Brick G.BLANCA",
        "price": 2.99,
        "price_kilo": 2.99,
        "slug": "caldo-pollo-gourmet-brick",
        "description": "Caldo Pollo Gourmet Brick 1 L",
        "image": "https:\/\/cdn-consum.aktiosdigitalservices.com\/tol\/consum\/media\/product\/img\/300x300\/7285364.jpg?t=20250318080247"
    },
    {
        "id": 16952,
        "name": "Agua con Gas Botella VICHY",
        "price": 1.25,
        "price_kilo": 2.5,
        "slug": "agua-con-gas-botella",
        "description": "Agua con Gas Botella 0,5 L",
        "image": "https:\/\/cdn-consum.aktiosdigitalservices.com\/tol\/consum\/media\/product\/img\/300x300\/7290526.jpg?t=20250312092757"
    },
    {
        "id": 16961,
        "name": "Spaghetti Integral Caja BARILLA",
        "price": 1.99,
        "price_kilo": 3.98,
        "slug": "spaghetti-integral-caja",
        "description": "Spaghetti Integral Caja 500 Gr",
        "image": "https:\/\/cdn-consum.aktiosdigitalservices.com\/tol\/consum\/media\/product\/img\/300x300\/7292464.jpg?t=20250220080521"
    },
    {
        "id": 16967,
        "name": "Chicles Senses Sabor Hierbabuena TRIDENT",
        "price": 1.25,
        "price_kilo": 5.43,
        "slug": "chicles-senses-sabor-hierbabuena",
        "description": "Chicles Senses Sabor Hierbabuena 23 Gr",
        "image": "https:\/\/cdn-consum.aktiosdigitalservices.com\/tol\/consum\/media\/product\/img\/300x300\/7293991.jpg?t=20250311124726"
    },
    {
        "id": 16969,
        "name": "N\u00e9ctar Melocot\u00f3n Botella GRANINI",
        "price": 1.39,
        "price_kilo": 4.21,
        "slug": "nectar-melocoton-botella",
        "description": "N\u00e9ctar Melocot\u00f3n Botella 0,33 L",
        "image": "https:\/\/cdn-consum.aktiosdigitalservices.com\/tol\/consum\/media\/product\/img\/300x300\/7295426.jpg?t=20250312160614"
    },
    {
        "id": 16980,
        "name": "Cepillo Redondo Madera PONETTE",
        "price": 3.15,
        "price_kilo": 3.15,
        "slug": "cepillo-redondo-madera",
        "description": "Cepillo Redondo Madera 1 U",
        "image": "https:\/\/cdn-consum.aktiosdigitalservices.com\/tol\/consum\/media\/product\/img\/300x300\/7298300.jpg?t=20241217081122"
    },
    {
        "id": 16983,
        "name": "Banana ",
        "price": 0.3,
        "price_kilo": 1.5,
        "slug": "banana",
        "description": "Banana",
        "image": "https:\/\/cdn-consum.aktiosdigitalservices.com\/tol\/consum\/media\/product\/img\/300x300\/7243525.jpg?t=20250318080939"
    },
    {
        "id": 16984,
        "name": "Refresco T\u00e9 Lim\u00f3n Cero Lata CONSUM",
        "price": 0.45,
        "price_kilo": 1.36,
        "slug": "refresco-te-limon-cero-lata",
        "description": "Refresco T\u00e9 Lim\u00f3n Cero Lata 0,33 L",
        "image": "https:\/\/cdn-consum.aktiosdigitalservices.com\/tol\/consum\/media\/product\/img\/300x300\/7286953.jpg?t=20241217081117"
    },
    {
        "id": 16987,
        "name": "Torreznos de Soria LA HOGUERA",
        "price": 3.94,
        "price_kilo": 17.5,
        "slug": "torreznos-de-soria",
        "description": "Torreznos de Soria",
        "image": "https:\/\/cdn-consum.aktiosdigitalservices.com\/tol\/consum\/media\/product\/img\/300x300\/7297901.jpg?t=20250318080941"
    },
    {
        "id": 16997,
        "name": "Vino Tinto Roble D.O.Ribera del Duero CELESTE",
        "price": 9.5,
        "price_kilo": 12.67,
        "slug": "vino-tinto-roble-doribera-del-duero",
        "description": "Vino Tinto Roble D.O.Ribera del Duero 0,75 L",
        "image": "https:\/\/cdn-consum.aktiosdigitalservices.com\/tol\/consum\/media\/product\/img\/300x300\/7298797.jpg?t=20250311124739"
    },
    {
        "id": 17000,
        "name": "Vino Tinto Crianza D.O.Rioja LOPEZ HARO",
        "price": 8.15,
        "price_kilo": 10.87,
        "slug": "vino-tinto-crianza-dorioja",
        "description": "Vino Tinto Crianza D.O.Rioja 0,75 L",
        "image": "https:\/\/cdn-consum.aktiosdigitalservices.com\/tol\/consum\/media\/product\/img\/300x300\/7298958.jpg?t=20250304111741"
    },
    {
        "id": 17007,
        "name": "Galleta Digestive Avena Naranja GULLON",
        "price": 1.75,
        "price_kilo": 4.12,
        "slug": "galleta-digestive-avena-naranja",
        "description": "Galleta Digestive Avena Naranja 425 Gr",
        "image": "https:\/\/cdn-consum.aktiosdigitalservices.com\/tol\/consum\/media\/product\/img\/300x300\/7299758.jpg?t=20250311110341"
    },
    {
        "id": 17008,
        "name": "Leche Calcio sin Lactosa Semidesnatada Brik PULEVA",
        "price": 1.62,
        "price_kilo": 1.62,
        "slug": "leche-calcio-sin-lactosa-semidesnatada-brik",
        "description": "Leche Calcio sin Lactosa Semidesnatada Brik 1 L",
        "image": "https:\/\/cdn-consum.aktiosdigitalservices.com\/tol\/consum\/media\/product\/img\/300x300\/7299766.jpg?t=20250311110344"
    },
    {
        "id": 17014,
        "name": "Caldo de Cocido Brik Pack de 2 G.BLANCA",
        "price": 3.69,
        "price_kilo": 1.85,
        "slug": "caldo-de-cocido-brik-pack-de-2",
        "description": "Caldo de Cocido Brik Pack de 2 2 x 1 L",
        "image": "https:\/\/cdn-consum.aktiosdigitalservices.com\/tol\/consum\/media\/product\/img\/300x300\/7275811.jpg?t=20250312092756"
    },
    {
        "id": 17016,
        "name": "Refresco T\u00e9 Melocot\u00f3n Botella CONSUM",
        "price": 1,
        "price_kilo": 0.67,
        "slug": "refresco-te-melocoton-botella",
        "description": "Refresco T\u00e9 Melocot\u00f3n Botella 1,5 L",
        "image": "https:\/\/cdn-consum.aktiosdigitalservices.com\/tol\/consum\/media\/product\/img\/300x300\/7287113.jpg?t=20250312092757"
    },
    {
        "id": 17017,
        "name": "Pa\u00f1uelos Faciales Cuatro Capas CONSUM",
        "price": 2.35,
        "price_kilo": 0.03,
        "slug": "panuelos-faciales-cuatro-capas",
        "description": "Pa\u00f1uelos Faciales Cuatro Capas 80 U",
        "image": "https:\/\/cdn-consum.aktiosdigitalservices.com\/tol\/consum\/media\/product\/img\/300x300\/7287121.jpg?t=20250313080434"
    },
    {
        "id": 17020,
        "name": "Pa\u00f1uelo Compacto Mentol Cuatro Capas CONSUM",
        "price": 1.8,
        "price_kilo": 0.18,
        "slug": "panuelo-compacto-mentol-cuatro-capas",
        "description": "Pa\u00f1uelo Compacto Mentol Cuatro Capas 10 U",
        "image": "https:\/\/cdn-consum.aktiosdigitalservices.com\/tol\/consum\/media\/product\/img\/300x300\/7290448.jpg?t=20241217081119"
    },
    {
        "id": 17021,
        "name": "Pa\u00f1uelo Compacto Aloe Cuatro Capas CONSUM",
        "price": 1.79,
        "price_kilo": 0.18,
        "slug": "panuelo-compacto-aloe-cuatro-capas",
        "description": "Pa\u00f1uelo Compacto Aloe Cuatro Capas 10 U",
        "image": "https:\/\/cdn-consum.aktiosdigitalservices.com\/tol\/consum\/media\/product\/img\/300x300\/7290450.jpg?t=20241217081119"
    },
    {
        "id": 17032,
        "name": "Aceite de Orujo Botella GENIOLIVA",
        "price": 4.25,
        "price_kilo": 4.25,
        "slug": "aceite-de-orujo-botella",
        "description": "Aceite de Orujo Botella 1 L",
        "image": "https:\/\/cdn-consum.aktiosdigitalservices.com\/tol\/consum\/media\/product\/img\/300x300\/7296374.jpg?t=20250219080233"
    },
    {
        "id": 17044,
        "name": "Caramelo con Palo Relleno de Chicle KOJAK",
        "price": 2.15,
        "price_kilo": 20.48,
        "slug": "caramelo-con-palo-relleno-de-chicle",
        "description": "Caramelo con Palo Relleno de Chicle 105 Gr",
        "image": "https:\/\/cdn-consum.aktiosdigitalservices.com\/tol\/consum\/media\/product\/img\/300x300\/7297331.jpg?t=20250311124736"
    },
    {
        "id": 17046,
        "name": "Chocolate Blanco MILKYBAR",
        "price": 1.99,
        "price_kilo": 19.9,
        "slug": "chocolate-blanco",
        "description": "Chocolate Blanco 100 Gr",
        "image": "https:\/\/cdn-consum.aktiosdigitalservices.com\/tol\/consum\/media\/product\/img\/300x300\/7298078.jpg?t=20250311133934"
    },
    {
        "id": 17047,
        "name": "Peineta Afro PONETTE",
        "price": 2.15,
        "price_kilo": 2.15,
        "slug": "peineta-afro",
        "description": "Peineta Afro 1 U",
        "image": "https:\/\/cdn-consum.aktiosdigitalservices.com\/tol\/consum\/media\/product\/img\/300x300\/7298156.jpg?t=20241217081122"
    },
    {
        "id": 17048,
        "name": "Canel\u00f3n Precocinado Caja 18 Placas EL PAVO",
        "price": 1.51,
        "price_kilo": 12.08,
        "slug": "canelon-precocinado-caja-18-placas",
        "description": "Canel\u00f3n Precocinado Caja 18 Placas 125 Gr",
        "image": "https:\/\/cdn-consum.aktiosdigitalservices.com\/tol\/consum\/media\/product\/img\/300x300\/7298198.jpg?t=20250221080045"
    },
    {
        "id": 17049,
        "name": "Clip Rubio PONETTE",
        "price": 1.69,
        "price_kilo": 0.08,
        "slug": "clip-rubio",
        "description": "Clip Rubio 20 U",
        "image": "https:\/\/cdn-consum.aktiosdigitalservices.com\/tol\/consum\/media\/product\/img\/300x300\/7298339.jpg?t=20241217081122"
    },
    {
        "id": 17052,
        "name": "Galleta Mikado Chocolate Negro LU",
        "price": 2.25,
        "price_kilo": 30,
        "slug": "galleta-mikado-chocolate-negro",
        "description": "Galleta Mikado Chocolate Negro 75 Gr",
        "image": "https:\/\/cdn-consum.aktiosdigitalservices.com\/tol\/consum\/media\/product\/img\/300x300\/7298516.jpg?t=20250312160617"
    },
    {
        "id": 17057,
        "name": "Vino Tinto 12 Meses V.T.Castilla y Le\u00f3n YLLERA",
        "price": 5.99,
        "price_kilo": 7.99,
        "slug": "vino-tinto-12-meses-vtcastilla-y-leon",
        "description": "Vino Tinto 12 Meses V.T.Castilla y Le\u00f3n 0,75 L",
        "image": "https:\/\/cdn-consum.aktiosdigitalservices.com\/tol\/consum\/media\/product\/img\/300x300\/7298862.jpg?t=20250227092730"
    },
    {
        "id": 17058,
        "name": "Colonia Masculina N\u00ba57 CARAVAN",
        "price": 10.95,
        "price_kilo": 7.3,
        "slug": "colonia-masculina-n57",
        "description": "Colonia Masculina N\u00ba57 150 ml",
        "image": "https:\/\/cdn-consum.aktiosdigitalservices.com\/tol\/consum\/media\/product\/img\/300x300\/7298941.jpg?t=20250218081359"
    },
    {
        "id": 17062,
        "name": "Colonia Mujer N\u00ba23 CARAVAN",
        "price": 3.5,
        "price_kilo": 11.67,
        "slug": "colonia-mujer-n23",
        "description": "Colonia Mujer N\u00ba23 30 ml",
        "image": "https:\/\/cdn-consum.aktiosdigitalservices.com\/tol\/consum\/media\/product\/img\/300x300\/7299191.jpg?t=20250128080602"
    },
    {
        "id": 17063,
        "name": "Colonia Mujer N\u00ba26 Mini CARAVAN",
        "price": 3.5,
        "price_kilo": 11.67,
        "slug": "colonia-mujer-n26-mini",
        "description": "Colonia Mujer N\u00ba26 Mini 30 ml",
        "image": "https:\/\/cdn-consum.aktiosdigitalservices.com\/tol\/consum\/media\/product\/img\/300x300\/7299196.jpg?t=20250129080350"
    },
    {
        "id": 17064,
        "name": "Colonia Masculina N\u00ba 13 CARAVAN",
        "price": 3.5,
        "price_kilo": 11.67,
        "slug": "colonia-masculina-n-13",
        "description": "Colonia Masculina N\u00ba 13 30 ml",
        "image": "https:\/\/cdn-consum.aktiosdigitalservices.com\/tol\/consum\/media\/product\/img\/300x300\/7299204.jpg?t=20241217081123"
    },
    {
        "id": 17107,
        "name": "Brandada de Bacalao ANGOMAR",
        "price": 3.35,
        "price_kilo": 14.89,
        "slug": "brandada-de-bacalao",
        "description": "Brandada de Bacalao 225 Gr",
        "image": "https:\/\/cdn-consum.aktiosdigitalservices.com\/tol\/consum\/media\/product\/img\/300x300\/7215908.jpg?t=20250311124421"
    },
    {
        "id": 17108,
        "name": "Ajoarriero de Bacalao ANGOMAR",
        "price": 3.35,
        "price_kilo": 14.89,
        "slug": "ajoarriero-de-bacalao",
        "description": "Ajoarriero de Bacalao 225 Gr",
        "image": "https:\/\/cdn-consum.aktiosdigitalservices.com\/tol\/consum\/media\/product\/img\/300x300\/7215911.jpg?t=20250311124423"
    },
    {
        "id": 17138,
        "name": "Refresco T\u00e9 Verde Botella CONSUM",
        "price": 1,
        "price_kilo": 0.67,
        "slug": "refresco-te-verde-botella",
        "description": "Refresco T\u00e9 Verde Botella 1,5 L",
        "image": "https:\/\/cdn-consum.aktiosdigitalservices.com\/tol\/consum\/media\/product\/img\/300x300\/7287105.jpg?t=20241217081117"
    },
    {
        "id": 17143,
        "name": "Peine Grande PONETTE",
        "price": 1.19,
        "price_kilo": 1.19,
        "slug": "peine-grande",
        "description": "Peine Grande 1 U",
        "image": "https:\/\/cdn-consum.aktiosdigitalservices.com\/tol\/consum\/media\/product\/img\/300x300\/7298144.jpg?t=20241217081122"
    },
    {
        "id": 17149,
        "name": "Pinza Peque\u00f1a PONETTE",
        "price": 2.15,
        "price_kilo": 2.15,
        "slug": "pinza-pequena",
        "description": "Pinza Peque\u00f1a 1 U",
        "image": "https:\/\/cdn-consum.aktiosdigitalservices.com\/tol\/consum\/media\/product\/img\/300x300\/7299097.jpg?t=20241217081122"
    },
    {
        "id": 17163,
        "name": "Hummus con Berenjena DELITUSS",
        "price": 1.79,
        "price_kilo": 11.94,
        "slug": "hummus-con-berenjena",
        "description": "Hummus con Berenjena 150 Gr",
        "image": "https:\/\/cdn-consum.aktiosdigitalservices.com\/tol\/consum\/media\/product\/img\/300x300\/7299845.jpg?t=20250227092738"
    },
    {
        "id": 17164,
        "name": "Aceite de Girasol Alto Oleico CONSUM",
        "price": 2.29,
        "price_kilo": 2.29,
        "slug": "aceite-de-girasol-alto-oleico",
        "description": "Aceite de Girasol Alto Oleico 1 L",
        "image": "https:\/\/cdn-consum.aktiosdigitalservices.com\/tol\/consum\/media\/product\/img\/300x300\/7299873.jpg?t=20250128080136"
    },
    {
        "id": 17180,
        "name": "Huevo Codorniz Cart\u00f3n 18 Unidades MONTERDE",
        "price": 1.85,
        "price_kilo": 1.23,
        "slug": "huevo-codorniz-carton-18-unidades",
        "description": "Huevo Codorniz Cart\u00f3n 18 Unidades 1,5 Dc",
        "image": "https:\/\/cdn-consum.aktiosdigitalservices.com\/tol\/consum\/media\/product\/img\/300x300\/7300853.jpg?t=20250311110346"
    },
    {
        "id": 17200,
        "name": "Goma Met\u00e1lica Peque\u00f1a PONETTE",
        "price": 1.15,
        "price_kilo": 0.06,
        "slug": "goma-metalica-pequena",
        "description": "Goma Met\u00e1lica Peque\u00f1a 20 U",
        "image": "https:\/\/cdn-consum.aktiosdigitalservices.com\/tol\/consum\/media\/product\/img\/300x300\/7298321.jpg?t=20241217081122"
    },
    {
        "id": 17213,
        "name": "Tofu Bio VIVERA",
        "price": 3.45,
        "price_kilo": 8.63,
        "slug": "tofu-bio",
        "description": "Tofu Bio 400 Gr",
        "image": "https:\/\/cdn-consum.aktiosdigitalservices.com\/tol\/consum\/media\/product\/img\/300x300\/7300015.jpg?t=20250205080328"
    },
    {
        "id": 17215,
        "name": "N\u00e9ctar Pi\u00f1a Sin Az\u00facar A\u00f1adido Brik JUVER",
        "price": 2.85,
        "price_kilo": 2.38,
        "slug": "nectar-pina-sin-azucar-anadido-brik",
        "description": "N\u00e9ctar Pi\u00f1a Sin Az\u00facar A\u00f1adido Brik 6 x 0,2 L",
        "image": "https:\/\/cdn-consum.aktiosdigitalservices.com\/tol\/consum\/media\/product\/img\/300x300\/7300507.jpg?t=20250312160619"
    },
    {
        "id": 17222,
        "name": "Galletas Mini Simpson ARLUY",
        "price": 2.99,
        "price_kilo": 10.87,
        "slug": "galletas-mini-simpson",
        "description": "Galletas Mini Simpson 275 Gr",
        "image": "https:\/\/cdn-consum.aktiosdigitalservices.com\/tol\/consum\/media\/product\/img\/300x300\/7300965.jpg?t=20250311133941"
    },
    {
        "id": 17224,
        "name": "Dulce de Leche Lata LA LECHERA",
        "price": 3.59,
        "price_kilo": 9.04,
        "slug": "dulce-de-leche-lata",
        "description": "Dulce de Leche Lata 397 Gr",
        "image": "https:\/\/cdn-consum.aktiosdigitalservices.com\/tol\/consum\/media\/product\/img\/300x300\/7301133.jpg?t=20250313080531"
    },
    {
        "id": 17226,
        "name": "Chocolate Negro 85% sin Az\u00facar VALOR",
        "price": 3.25,
        "price_kilo": 32.5,
        "slug": "chocolate-negro-85-sin-azucar",
        "description": "Chocolate Negro 85% sin Az\u00facar 100 Gr",
        "image": "https:\/\/cdn-consum.aktiosdigitalservices.com\/tol\/consum\/media\/product\/img\/300x300\/7301237.jpg?t=20250311133942"
    },
    {
        "id": 17243,
        "name": "Sazonador Barbacoa Frasco DUCROS",
        "price": 2.89,
        "price_kilo": 6.57,
        "slug": "sazonador-barbacoa-frasco",
        "description": "Sazonador Barbacoa Frasco 44 Gr",
        "image": "https:\/\/cdn-consum.aktiosdigitalservices.com\/tol\/consum\/media\/product\/img\/300x300\/7290831.jpg?t=20250313080440"
    },
    {
        "id": 17246,
        "name": "Diadema Infantil PONETTE",
        "price": 1.99,
        "price_kilo": 1.99,
        "slug": "diadema-infantil",
        "description": "Diadema Infantil 1 U",
        "image": "https:\/\/cdn-consum.aktiosdigitalservices.com\/tol\/consum\/media\/product\/img\/300x300\/7297260.jpg?t=20241217081122"
    },
    {
        "id": 17251,
        "name": "Doble fuerza BELLA AURORA",
        "price": 11.5,
        "price_kilo": 38.33,
        "slug": "doble-fuerza",
        "description": "Doble fuerza 30 ml",
        "image": "https:\/\/cdn-consum.aktiosdigitalservices.com\/tol\/consum\/media\/product\/img\/300x300\/7298693.jpg?t=20250114084832"
    },
    {
        "id": 17255,
        "name": "Magnum Mini Intense Dark FRIGO",
        "price": 5.99,
        "price_kilo": 22.69,
        "slug": "magnum-mini-intense-dark",
        "description": "Magnum Mini Intense Dark 264 Gr",
        "image": "https:\/\/cdn-consum.aktiosdigitalservices.com\/tol\/consum\/media\/product\/img\/300x300\/7299238.jpg?t=20250218080652"
    },
    {
        "id": 17260,
        "name": "Tocino de Cielo Pack de 2 Unidades REINA",
        "price": 2.19,
        "price_kilo": 10.95,
        "slug": "tocino-de-cielo-pack-de-2-unidades",
        "description": "Tocino de Cielo Pack de 2 Unidades 2 x 100 Gr",
        "image": "https:\/\/cdn-consum.aktiosdigitalservices.com\/tol\/consum\/media\/product\/img\/300x300\/7299535.jpg?t=20250218080654"
    },
    {
        "id": 17275,
        "name": "Gel \u00cdntimo Delicado CHILLY",
        "price": 4.55,
        "price_kilo": 1.82,
        "slug": "gel-intimo-delicado",
        "description": "Gel \u00cdntimo Delicado 250 ml",
        "image": "https:\/\/cdn-consum.aktiosdigitalservices.com\/tol\/consum\/media\/product\/img\/300x300\/7300796.jpg?t=20250312160621"
    },
    {
        "id": 17282,
        "name": "Salchich\u00f3n Regio ARGAL",
        "price": 1.75,
        "price_kilo": 25,
        "slug": "salchichon-regio",
        "description": "Salchich\u00f3n Regio 70 Gr",
        "image": "https:\/\/cdn-consum.aktiosdigitalservices.com\/tol\/consum\/media\/product\/img\/300x300\/7301013.jpg?t=20241121100645"
    },
    {
        "id": 17284,
        "name": "Refresco Cola Zero Cherry Lata COCA-COLA",
        "price": 0.92,
        "price_kilo": 2.79,
        "slug": "refresco-cola-zero-cherry-lata",
        "description": "Refresco Cola Zero Cherry Lata 0,33 L",
        "image": "https:\/\/cdn-consum.aktiosdigitalservices.com\/tol\/consum\/media\/product\/img\/300x300\/7301104.jpg?t=20250227092740"
    },
    {
        "id": 17292,
        "name": "Crema Verduras Brik G.BLANCA",
        "price": 1.99,
        "price_kilo": 3.98,
        "slug": "crema-verduras-brik",
        "description": "Crema Verduras Brik 500 ml",
        "image": "https:\/\/cdn-consum.aktiosdigitalservices.com\/tol\/consum\/media\/product\/img\/300x300\/7301518.jpg?t=20241217081126"
    },
    {
        "id": 17294,
        "name": "Caramelo Lim\u00f3n y Melisa MENTOLIN",
        "price": 1.65,
        "price_kilo": 11,
        "slug": "caramelo-limon-y-melisa",
        "description": "Caramelo Lim\u00f3n y Melisa 150 Gr",
        "image": "https:\/\/cdn-consum.aktiosdigitalservices.com\/tol\/consum\/media\/product\/img\/300x300\/7301620.jpg?t=20250311124742"
    },
    {
        "id": 17346,
        "name": "Berberechos al Natural Pack 2 CABO PE\u00d1AS",
        "price": 5.69,
        "price_kilo": 45.16,
        "slug": "berberechos-al-natural-pack-2",
        "description": "Berberechos al Natural Pack 2 2 x 63 Gr",
        "image": "https:\/\/cdn-consum.aktiosdigitalservices.com\/tol\/consum\/media\/product\/img\/300x300\/7301435.jpg?t=20250311164603"
    },
    {
        "id": 17363,
        "name": "Patata Gallega Cachelo Malla ",
        "price": 5.29,
        "price_kilo": 1.76,
        "slug": "patata-gallega-cachelo-malla",
        "description": "Patata Gallega Cachelo Malla 3 Kg",
        "image": "https:\/\/cdn-consum.aktiosdigitalservices.com\/tol\/consum\/media\/product\/img\/300x300\/7302409.jpg?t=20250204080958"
    },
    {
        "id": 17364,
        "name": "Floretes Coliflor Bandeja ",
        "price": 1.59,
        "price_kilo": 3.18,
        "slug": "floretes-coliflor-bandeja",
        "description": "Floretes Coliflor Bandeja 500 Gr",
        "image": "https:\/\/cdn-consum.aktiosdigitalservices.com\/tol\/consum\/media\/product\/img\/300x300\/7302412.jpg?t=20250318080304"
    },
    {
        "id": 17365,
        "name": "Tomate Entero Lata CONSUM",
        "price": 1.35,
        "price_kilo": 2.81,
        "slug": "tomate-entero-lata",
        "description": "Tomate Entero Lata 480 Gr",
        "image": "https:\/\/cdn-consum.aktiosdigitalservices.com\/tol\/consum\/media\/product\/img\/300x300\/7027709.jpg?t=20250312092741"
    },
    {
        "id": 17366,
        "name": "Tomate Entero Lata CONSUM",
        "price": 0.8,
        "price_kilo": 3.33,
        "slug": "tomate-entero-lata",
        "description": "Tomate Entero Lata 240 Gr",
        "image": "https:\/\/cdn-consum.aktiosdigitalservices.com\/tol\/consum\/media\/product\/img\/300x300\/7027712.jpg?t=20241217081003"
    },
    {
        "id": 17374,
        "name": "Recambio El\u00e9ctrico 3 Evolution Aire Fresco AMBIPUR",
        "price": 5.99,
        "price_kilo": 5.99,
        "slug": "recambio-electrico-3-evolution-aire-fresco",
        "description": "Recambio El\u00e9ctrico 3 Evolution Aire Fresco 1 U",
        "image": "https:\/\/cdn-consum.aktiosdigitalservices.com\/tol\/consum\/media\/product\/img\/300x300\/7301286.jpg?t=20241217081123"
    },
    {
        "id": 17377,
        "name": "Snack Multicereales al Toque de Sal Marina SUNBITES",
        "price": 1.85,
        "price_kilo": 19.47,
        "slug": "snack-multicereales-al-toque-de-sal-marina",
        "description": "Snack Multicereales al Toque de Sal Marina 95 Gr",
        "image": "https:\/\/cdn-consum.aktiosdigitalservices.com\/tol\/consum\/media\/product\/img\/300x300\/7301810.jpg?t=20250227092744"
    },
    {
        "id": 17379,
        "name": "Recambio Ambientador El\u00e9ctrico Duplo Nenuco AIR WICK",
        "price": 9.49,
        "price_kilo": 4.75,
        "slug": "recambio-ambientador-electrico-duplo-nenuco",
        "description": "Recambio Ambientador El\u00e9ctrico Duplo Nenuco 2 U",
        "image": "https:\/\/cdn-consum.aktiosdigitalservices.com\/tol\/consum\/media\/product\/img\/300x300\/7200533.jpg?t=20250313080249"
    },
    {
        "id": 17383,
        "name": "Cerveza Botella Cristal Pack-12 E.GALICIA",
        "price": 8.04,
        "price_kilo": 2.68,
        "slug": "cerveza-botella-cristal-pack-12",
        "description": "Cerveza Botella Cristal Pack-12 12 x 0,25 L",
        "image": "https:\/\/cdn-consum.aktiosdigitalservices.com\/tol\/consum\/media\/product\/img\/300x300\/7288504.jpg?t=20250208075822"
    },
    {
        "id": 17405,
        "name": "Preservativos Natural HAPPYSEX",
        "price": 2.95,
        "price_kilo": 0.25,
        "slug": "preservativos-natural",
        "description": "Preservativos Natural 12 U",
        "image": "https:\/\/cdn-consum.aktiosdigitalservices.com\/tol\/consum\/media\/product\/img\/300x300\/7301583.jpg?t=20250114084833"
    },
    {
        "id": 17412,
        "name": "Queso de Oveja A\u00f1ejo Leche Cruda CARMEN",
        "price": 4.45,
        "price_kilo": 22.25,
        "slug": "queso-de-oveja-anejo-leche-cruda",
        "description": "Queso de Oveja A\u00f1ejo Leche Cruda 200 Gr",
        "image": "https:\/\/cdn-consum.aktiosdigitalservices.com\/tol\/consum\/media\/product\/img\/300x300\/7302052.jpg?t=20250103081637"
    },
    {
        "id": 17415,
        "name": "Surtido Mermelada HELIOS",
        "price": 2.35,
        "price_kilo": 11.75,
        "slug": "surtido-mermelada",
        "description": "Surtido Mermelada 200 Gr",
        "image": "https:\/\/cdn-consum.aktiosdigitalservices.com\/tol\/consum\/media\/product\/img\/300x300\/7302263.jpg?t=20250311110406"
    },
    {
        "id": 17422,
        "name": "Frambuesa Bandeja ",
        "price": 2.99,
        "price_kilo": 17.59,
        "slug": "frambuesa-bandeja",
        "description": "Frambuesa Bandeja 170 Gr",
        "image": "https:\/\/cdn-consum.aktiosdigitalservices.com\/tol\/consum\/media\/product\/img\/300x300\/7302693.jpg?t=20250312125548"
    },
    {
        "id": 17430,
        "name": "Pinza Grande PONETTE",
        "price": 2.15,
        "price_kilo": 2.15,
        "slug": "pinza-grande",
        "description": "Pinza Grande 1 U",
        "image": "https:\/\/cdn-consum.aktiosdigitalservices.com\/tol\/consum\/media\/product\/img\/300x300\/7300403.jpg?t=20241217081123"
    },
    {
        "id": 17432,
        "name": "Harina Integral de Avena Paquete HARIMSA",
        "price": 1.83,
        "price_kilo": 4.58,
        "slug": "harina-integral-de-avena-paquete",
        "description": "Harina Integral de Avena Paquete 400 Gr",
        "image": "https:\/\/cdn-consum.aktiosdigitalservices.com\/tol\/consum\/media\/product\/img\/300x300\/7301096.jpg?t=20250109101926"
    },
    {
        "id": 17441,
        "name": "Contorno Ojos Ecol\u00f3gico FEEL FREE",
        "price": 3.25,
        "price_kilo": 16.25,
        "slug": "contorno-ojos-ecologico",
        "description": "Contorno Ojos Ecol\u00f3gico 20 ml",
        "image": "https:\/\/cdn-consum.aktiosdigitalservices.com\/tol\/consum\/media\/product\/img\/300x300\/7301500.jpg?t=20241224080946"
    },
    {
        "id": 17443,
        "name": "Vino Blanco Con Barrica D.O.Rioja LOPEZ HARO",
        "price": 4.49,
        "price_kilo": 5.98,
        "slug": "vino-blanco-con-barrica-dorioja",
        "description": "Vino Blanco Con Barrica D.O.Rioja 0,75 L",
        "image": "https:\/\/cdn-consum.aktiosdigitalservices.com\/tol\/consum\/media\/product\/img\/300x300\/7301690.jpg?t=20250227092742"
    },
    {
        "id": 17449,
        "name": "Caramelo Eucaliptus MENTOLIN",
        "price": 1.65,
        "price_kilo": 11,
        "slug": "caramelo-eucaliptus",
        "description": "Caramelo Eucaliptus 150 Gr",
        "image": "https:\/\/cdn-consum.aktiosdigitalservices.com\/tol\/consum\/media\/product\/img\/300x300\/7302151.jpg?t=20250312092758"
    },
    {
        "id": 17453,
        "name": "Detergente L\u00edquido P.Delicadas M\u00e1quina NORIT",
        "price": 3.99,
        "price_kilo": 0.11,
        "slug": "detergente-liquido-pdelicadas-maquina",
        "description": "Detergente L\u00edquido P.Delicadas M\u00e1quina 37 Lv",
        "image": "https:\/\/cdn-consum.aktiosdigitalservices.com\/tol\/consum\/media\/product\/img\/300x300\/7302359.jpg?t=20241217081127"
    },
    {
        "id": 17454,
        "name": "Crema Regenerist Tres \u00c1reas Noche OLAY",
        "price": 27.9,
        "price_kilo": 55.8,
        "slug": "crema-regenerist-tres-areas-noche",
        "description": "Crema Regenerist Tres \u00c1reas Noche 50 ml",
        "image": "https:\/\/cdn-consum.aktiosdigitalservices.com\/tol\/consum\/media\/product\/img\/300x300\/7302479.jpg?t=20250311164603"
    },
    {
        "id": 17495,
        "name": "Membrillo Bio SANTA TERESA",
        "price": 4.59,
        "price_kilo": 15.83,
        "slug": "membrillo-bio",
        "description": "Membrillo Bio 290 Gr",
        "image": "https:\/\/cdn-consum.aktiosdigitalservices.com\/tol\/consum\/media\/product\/img\/300x300\/7302057.jpg?t=20241217081126"
    },
    {
        "id": 17498,
        "name": "Detergente L\u00edquido Prendas Delicadas Beb\u00e9 NORIT",
        "price": 3.99,
        "price_kilo": 0.12,
        "slug": "detergente-liquido-prendas-delicadas-bebe",
        "description": "Detergente L\u00edquido Prendas Delicadas Beb\u00e9 32 Lv",
        "image": "https:\/\/cdn-consum.aktiosdigitalservices.com\/tol\/consum\/media\/product\/img\/300x300\/7302362.jpg?t=20241217081127"
    },
    {
        "id": 17499,
        "name": "Refresco Cola Zero Sin Cafe\u00edna Lata PEPSI-COLA",
        "price": 0.5,
        "price_kilo": 1.51,
        "slug": "refresco-cola-zero-sin-cafeina-lata",
        "description": "Refresco Cola Zero Sin Cafe\u00edna Lata 0,33 L",
        "image": "https:\/\/cdn-consum.aktiosdigitalservices.com\/tol\/consum\/media\/product\/img\/300x300\/7302602.jpg?t=20250311133947"
    },
    {
        "id": 17512,
        "name": "Whisky Malta 12 A\u00f1os GLENFIDDICH",
        "price": 41.5,
        "price_kilo": 59.29,
        "slug": "whisky-malta-12-anos",
        "description": "Whisky Malta 12 A\u00f1os 0,7 L",
        "image": "https:\/\/cdn-consum.aktiosdigitalservices.com\/tol\/consum\/media\/product\/img\/300x300\/7302388.jpg?t=20250311164603"
    },
    {
        "id": 17518,
        "name": "Chocolate con Leche para Postres NESTLE",
        "price": 3.69,
        "price_kilo": 21.71,
        "slug": "chocolate-con-leche-para-postres",
        "description": "Chocolate con Leche para Postres 170 Gr",
        "image": "https:\/\/cdn-consum.aktiosdigitalservices.com\/tol\/consum\/media\/product\/img\/300x300\/7302859.jpg?t=20250311133951"
    },
    {
        "id": 17520,
        "name": "Yogur de Oveja con Confitura Ar\u00e1ndanos DONCEL",
        "price": 1.69,
        "price_kilo": 12.07,
        "slug": "yogur-de-oveja-con-confitura-arandanos",
        "description": "Yogur de Oveja con Confitura Ar\u00e1ndanos 140 Gr",
        "image": "https:\/\/cdn-consum.aktiosdigitalservices.com\/tol\/consum\/media\/product\/img\/300x300\/7302867.jpg?t=20250227092749"
    },
    {
        "id": 17525,
        "name": "Bebida Multifrutas Brik BAHAMAS",
        "price": 1.25,
        "price_kilo": 0.63,
        "slug": "bebida-multifrutas-brik",
        "description": "Bebida Multifrutas Brik 2 L",
        "image": "https:\/\/cdn-consum.aktiosdigitalservices.com\/tol\/consum\/media\/product\/img\/300x300\/7302904.jpg?t=20241217081127"
    },
    {
        "id": 17530,
        "name": "Vino Tinto Petit Verdot D.O.Valencia MURVIEDRO",
        "price": 3.89,
        "price_kilo": 5.19,
        "slug": "vino-tinto-petit-verdot-dovalencia",
        "description": "Vino Tinto Petit Verdot D.O.Valencia 0,75 L",
        "image": "https:\/\/cdn-consum.aktiosdigitalservices.com\/tol\/consum\/media\/product\/img\/300x300\/7302995.jpg?t=20250220080546"
    },
    {
        "id": 17543,
        "name": "Rana Peque\u00f1a 6 unidades PONETTE",
        "price": 0.99,
        "price_kilo": 0.17,
        "slug": "rana-pequena-6-unidades",
        "description": "Rana Peque\u00f1a 6 unidades 6 U",
        "image": "https:\/\/cdn-consum.aktiosdigitalservices.com\/tol\/consum\/media\/product\/img\/300x300\/7300457.jpg?t=20241217081123"
    },
    {
        "id": 17544,
        "name": "Almendra C\u00e1scara Blanda Cruda Granel ",
        "price": 10.15,
        "price_kilo": 10.15,
        "slug": "almendra-cascara-blanda-cruda-granel",
        "description": "Almendra C\u00e1scara Blanda Cruda Granel",
        "image": "https:\/\/cdn-consum.aktiosdigitalservices.com\/tol\/consum\/media\/product\/img\/300x300\/7300671.jpg?t=20250311164603"
    },
    {
        "id": 17558,
        "name": "Postre Manzana y Mango Pack de 2 ANELA",
        "price": 1.4,
        "price_kilo": 7,
        "slug": "postre-manzana-y-mango-pack-de-2",
        "description": "Postre Manzana y Mango Pack de 2 2 x 100 Gr",
        "image": "https:\/\/cdn-consum.aktiosdigitalservices.com\/tol\/consum\/media\/product\/img\/300x300\/7302847.jpg?t=20250311133949"
    },
    {
        "id": 17560,
        "name": "Arroz Integral con Ch\u00eda y Quinoa BRILLANTE",
        "price": 1.49,
        "price_kilo": 5.96,
        "slug": "arroz-integral-con-chia-y-quinoa",
        "description": "Arroz Integral con Ch\u00eda y Quinoa 2 x 125 Gr",
        "image": "https:\/\/cdn-consum.aktiosdigitalservices.com\/tol\/consum\/media\/product\/img\/300x300\/7302990.jpg?t=20241217081127"
    },
    {
        "id": 17561,
        "name": "Pipas XXL Bolsa EL MANISERO",
        "price": 1.95,
        "price_kilo": 13,
        "slug": "pipas-xxl-bolsa",
        "description": "Pipas XXL Bolsa 150 Gr",
        "image": "https:\/\/cdn-consum.aktiosdigitalservices.com\/tol\/consum\/media\/product\/img\/300x300\/7303006.jpg?t=20250312092758"
    },
    {
        "id": 17562,
        "name": "Pipas Oro Bolsa EL MANISERO",
        "price": 1.85,
        "price_kilo": 12.33,
        "slug": "pipas-oro-bolsa",
        "description": "Pipas Oro Bolsa 150 Gr",
        "image": "https:\/\/cdn-consum.aktiosdigitalservices.com\/tol\/consum\/media\/product\/img\/300x300\/7303014.jpg?t=20250122075951"
    },
    {
        "id": 17577,
        "name": "Detergente L\u00edquido Prendas Delicadas Mano NORIT",
        "price": 3.99,
        "price_kilo": 0.09,
        "slug": "detergente-liquido-prendas-delicadas-mano",
        "description": "Detergente L\u00edquido Prendas Delicadas Mano 45 Lv",
        "image": "https:\/\/cdn-consum.aktiosdigitalservices.com\/tol\/consum\/media\/product\/img\/300x300\/7302354.jpg?t=20241217081127"
    },
    {
        "id": 17579,
        "name": "Nata Montada Spray Bote PULEVA",
        "price": 2.25,
        "price_kilo": 9,
        "slug": "nata-montada-spray-bote",
        "description": "Nata Montada Spray Bote 250 Gr",
        "image": "https:\/\/cdn-consum.aktiosdigitalservices.com\/tol\/consum\/media\/product\/img\/300x300\/7261378.jpg?t=20250318080939"
    },
    {
        "id": 17580,
        "name": "Bebida de Soja sin Az\u00facares A\u00f1adidos Brik CONSUM ECO",
        "price": 1.35,
        "price_kilo": 1.35,
        "slug": "bebida-de-soja-sin-azucares-anadidos-brik",
        "description": "Bebida de Soja sin Az\u00facares A\u00f1adidos Brik 1 L",
        "image": "https:\/\/cdn-consum.aktiosdigitalservices.com\/tol\/consum\/media\/product\/img\/300x300\/7288384.jpg?t=20250311110141"
    },
    {
        "id": 17581,
        "name": "Bebida de Avena Brik CONSUM ECO",
        "price": 1.49,
        "price_kilo": 1.49,
        "slug": "bebida-de-avena-brik",
        "description": "Bebida de Avena Brik 1 L",
        "image": "https:\/\/cdn-consum.aktiosdigitalservices.com\/tol\/consum\/media\/product\/img\/300x300\/7288397.jpg?t=20250311110144"
    },
    {
        "id": 17582,
        "name": "Peine Cola de Rat\u00f3n PONETTE",
        "price": 1.19,
        "price_kilo": 1.19,
        "slug": "peine-cola-de-raton",
        "description": "Peine Cola de Rat\u00f3n 1 U",
        "image": "https:\/\/cdn-consum.aktiosdigitalservices.com\/tol\/consum\/media\/product\/img\/300x300\/7294445.jpg?t=20241217081121"
    },
    {
        "id": 17583,
        "name": "Suizos con Mantequilla ",
        "price": 1.25,
        "price_kilo": 12.5,
        "slug": "suizos-con-mantequilla",
        "description": "Suizos con Mantequilla 100 Gr",
        "image": "https:\/\/cdn-consum.aktiosdigitalservices.com\/tol\/consum\/media\/product\/img\/300x300\/7297617.jpg?t=20250318080300"
    },
    {
        "id": 17584,
        "name": "Encendedor Cocina FLAM UP",
        "price": 2.57,
        "price_kilo": 2.57,
        "slug": "encendedor-cocina",
        "description": "Encendedor Cocina 1 U",
        "image": "https:\/\/cdn-consum.aktiosdigitalservices.com\/tol\/consum\/media\/product\/img\/300x300\/7299001.jpg?t=20250318080941"
    },
    {
        "id": 17585,
        "name": "Peine Liendrera PONETTE",
        "price": 2.15,
        "price_kilo": 2.15,
        "slug": "peine-liendrera",
        "description": "Peine Liendrera 1 U",
        "image": "https:\/\/cdn-consum.aktiosdigitalservices.com\/tol\/consum\/media\/product\/img\/300x300\/7299159.jpg?t=20241217081122"
    },
    {
        "id": 17586,
        "name": "Comida H\u00fameda para Gatos Selecci\u00f3n Pescados SHEBA",
        "price": 3.29,
        "price_kilo": 9.68,
        "slug": "comida-humeda-para-gatos-seleccion-pescados",
        "description": "Comida H\u00fameda para Gatos Selecci\u00f3n Pescados en Salsa Multipack 4x85g",
        "image": "https:\/\/cdn-consum.aktiosdigitalservices.com\/tol\/consum\/media\/product\/img\/300x300\/7300239.jpg?t=20250313080529"
    },
    {
        "id": 17587,
        "name": "Rana Grande 6 unidades PONETTE",
        "price": 1.99,
        "price_kilo": 0.33,
        "slug": "rana-grande-6-unidades",
        "description": "Rana Grande 6 unidades 6 U",
        "image": "https:\/\/cdn-consum.aktiosdigitalservices.com\/tol\/consum\/media\/product\/img\/300x300\/7300452.jpg?t=20250311164603"
    },
    {
        "id": 17588,
        "name": "Preservativos Sensible HAPPYSEX",
        "price": 3.19,
        "price_kilo": 0.27,
        "slug": "preservativos-sensible",
        "description": "Preservativos Sensible 12 U",
        "image": "https:\/\/cdn-consum.aktiosdigitalservices.com\/tol\/consum\/media\/product\/img\/300x300\/7301588.jpg?t=20241217081126"
    },
    {
        "id": 17590,
        "name": "Recambio Cortacallos PONETTE",
        "price": 0.99,
        "price_kilo": 0.99,
        "slug": "recambio-cortacallos",
        "description": "Recambio Cortacallos 1 U",
        "image": "https:\/\/cdn-consum.aktiosdigitalservices.com\/tol\/consum\/media\/product\/img\/300x300\/7303050.jpg?t=20241217081127"
    },
    {
        "id": 17595,
        "name": "Nata Montada Spray Ligera Bote ASTURIANA",
        "price": 2.75,
        "price_kilo": 10,
        "slug": "nata-montada-spray-ligera-bote",
        "description": "Nata Montada Spray Ligera Bote 275 Gr",
        "image": "https:\/\/cdn-consum.aktiosdigitalservices.com\/tol\/consum\/media\/product\/img\/300x300\/7303654.jpg?t=20250311164603"
    },
    {
        "id": 17597,
        "name": "Agua Mineral Natural Botella CABREIROA",
        "price": 0.75,
        "price_kilo": 0.75,
        "slug": "agua-mineral-natural-botella",
        "description": "Agua Mineral Natural Botella 1 L",
        "image": "https:\/\/cdn-consum.aktiosdigitalservices.com\/tol\/consum\/media\/product\/img\/300x300\/7303712.jpg?t=20250312092758"
    },
    {
        "id": 17608,
        "name": "Superalimentos 5 semillas FLORETTE",
        "price": 1.89,
        "price_kilo": 18.9,
        "slug": "superalimentos-5-semillas",
        "description": "Superalimentos 5 semillas 100 Gr",
        "image": "https:\/\/cdn-consum.aktiosdigitalservices.com\/tol\/consum\/media\/product\/img\/300x300\/7302987.jpg?t=20241217081127"
    },
    {
        "id": 17610,
        "name": "Pandorino Cacao Pack 4 Unidades DULCESOL",
        "price": 1,
        "price_kilo": 7.41,
        "slug": "pandorino-cacao-pack-4-unidades",
        "description": "Pandorino Cacao Pack 4 Unidades 135 Gr",
        "image": "https:\/\/cdn-consum.aktiosdigitalservices.com\/tol\/consum\/media\/product\/img\/300x300\/7303464.jpg?t=20250312092758"
    },
    {
        "id": 17633,
        "name": "Hermetic Twist c\/rosca 1000 ml  Pack de 2 uds FRES-CO",
        "price": 2.05,
        "price_kilo": 1.03,
        "slug": "hermetic-twist-c-rosca-1000-ml-pack-de-2-uds",
        "description": "Hermetic Twist c\/rosca 1000 ml  Pack de 2 uds 2 x 1 U",
        "image": "https:\/\/cdn-consum.aktiosdigitalservices.com\/tol\/consum\/media\/product\/img\/300x300\/7303233.jpg?t=20250225080347"
    },
    {
        "id": 17640,
        "name": "Yogur Griego Oikos con Caramelo  P-2 ud DANONE",
        "price": 1.99,
        "price_kilo": 9.05,
        "slug": "yogur-griego-oikos-con-caramelo-p-2-ud",
        "description": "Yogur Griego Oikos con Caramelo  P-2 ud 2 x 110 Gr",
        "image": "https:\/\/cdn-consum.aktiosdigitalservices.com\/tol\/consum\/media\/product\/img\/300x300\/7303485.jpg?t=20250213080132"
    },
    {
        "id": 17647,
        "name": "Yogur Griego Oikos Natural Pack 4 Unidades DANONE",
        "price": 2.79,
        "price_kilo": 6.34,
        "slug": "yogur-griego-oikos-natural-pack-4-unidades",
        "description": "Yogur Griego Oikos Natural Pack 4 Unidades 4 x 110 Gr",
        "image": "https:\/\/cdn-consum.aktiosdigitalservices.com\/tol\/consum\/media\/product\/img\/300x300\/7303522.jpg?t=20250312125551"
    },
    {
        "id": 17648,
        "name": "Yogur Griego Oikos Natural Azucarado DANONE",
        "price": 2.79,
        "price_kilo": 6.34,
        "slug": "yogur-griego-oikos-natural-azucarado",
        "description": "Yogur Griego Oikos Natural Azucarado 4 x 110 Gr",
        "image": "https:\/\/cdn-consum.aktiosdigitalservices.com\/tol\/consum\/media\/product\/img\/300x300\/7303527.jpg?t=20250312125554"
    },
    {
        "id": 17652,
        "name": "Barra de Pan Masa Madre ",
        "price": 0.83,
        "price_kilo": 3.53,
        "slug": "barra-de-pan-masa-madre",
        "description": "Barra de Pan Masa Madre 235 Gr",
        "image": "https:\/\/cdn-consum.aktiosdigitalservices.com\/tol\/consum\/media\/product\/img\/300x300\/7303899.jpg?t=20250318080309"
    },
    {
        "id": 17655,
        "name": "Pan Rebanado con Alto Contenido en Prote\u00ednas ",
        "price": 1.88,
        "price_kilo": 6.27,
        "slug": "pan-rebanado-con-alto-contenido-en-proteinas",
        "description": "Pan Rebanado con Alto Contenido en Prote\u00ednas 300 Gr",
        "image": "https:\/\/cdn-consum.aktiosdigitalservices.com\/tol\/consum\/media\/product\/img\/300x300\/7304629.jpg?t=20250304111825"
    },
    {
        "id": 17657,
        "name": "Tomate Rama Mini Ecol\u00f3gico ",
        "price": 2.09,
        "price_kilo": 8.36,
        "slug": "tomate-rama-mini-ecologico",
        "description": "Tomate Rama Mini Ecol\u00f3gico 250 Gr",
        "image": "https:\/\/cdn-consum.aktiosdigitalservices.com\/tol\/consum\/media\/product\/img\/300x300\/7304645.jpg?t=20250218080705"
    },
    {
        "id": 17660,
        "name": "Leche Entera Ecol\u00f3gica CONSUM ECO",
        "price": 1.27,
        "price_kilo": 1.27,
        "slug": "leche-entera-ecologica",
        "description": "Leche Entera Ecol\u00f3gica 1 L",
        "image": "https:\/\/cdn-consum.aktiosdigitalservices.com\/tol\/consum\/media\/product\/img\/300x300\/7290901.jpg?t=20250312092757"
    },
    {
        "id": 17661,
        "name": "Leche Semidesnatada Ecol\u00f3gica CONSUM ECO",
        "price": 1.27,
        "price_kilo": 1.27,
        "slug": "leche-semidesnatada-ecologica",
        "description": "Leche Semidesnatada Ecol\u00f3gica 1 L",
        "image": "https:\/\/cdn-consum.aktiosdigitalservices.com\/tol\/consum\/media\/product\/img\/300x300\/7290914.jpg?t=20250311110217"
    },
    {
        "id": 17662,
        "name": "Detergente C\u00e1psulas Eco CONSUM ECO",
        "price": 4.99,
        "price_kilo": 0.25,
        "slug": "detergente-capsulas-eco",
        "description": "Detergente C\u00e1psulas Eco 20 Lv",
        "image": "https:\/\/cdn-consum.aktiosdigitalservices.com\/tol\/consum\/media\/product\/img\/300x300\/7295355.jpg?t=20241224080944"
    },
    {
        "id": 17665,
        "name": "Crema de Cacao 0% Az\u00facar NOCILLA",
        "price": 2.55,
        "price_kilo": 14.17,
        "slug": "crema-de-cacao-0-azucar",
        "description": "Crema de Cacao 0% Az\u00facar 180 Gr",
        "image": "https:\/\/cdn-consum.aktiosdigitalservices.com\/tol\/consum\/media\/product\/img\/300x300\/7303287.jpg?t=20250311133953"
    },
    {
        "id": 17666,
        "name": "Bolitas de Carne Cerdo y Ternera CONSUM",
        "price": 2.85,
        "price_kilo": 12.67,
        "slug": "bolitas-de-carne-cerdo-y-ternera",
        "description": "Bolitas de Carne Cerdo y Ternera 225 Gr",
        "image": "https:\/\/cdn-consum.aktiosdigitalservices.com\/tol\/consum\/media\/product\/img\/300x300\/7303436.jpg?t=20241217081127"
    },
    {
        "id": 17668,
        "name": "Queso Burgo de Arias Cabra ARIAS",
        "price": 4.15,
        "price_kilo": 19.76,
        "slug": "queso-burgo-de-arias-cabra",
        "description": "Queso Burgo de Arias Cabra 3 x 70 Gr",
        "image": "https:\/\/cdn-consum.aktiosdigitalservices.com\/tol\/consum\/media\/product\/img\/300x300\/7303790.jpg?t=20250312160628"
    },
    {
        "id": 17674,
        "name": "Alubia Cocida Origen 100% Nacional LUENGO",
        "price": 1.49,
        "price_kilo": 3.73,
        "slug": "alubia-cocida-origen-100-nacional",
        "description": "Alubia Cocida Origen 100% Nacional 400 Gr",
        "image": "https:\/\/cdn-consum.aktiosdigitalservices.com\/tol\/consum\/media\/product\/img\/300x300\/7304207.jpg?t=20250219080247"
    },
    {
        "id": 17675,
        "name": "\u00d1ora Molida Tarro SABATER",
        "price": 2.35,
        "price_kilo": 7.83,
        "slug": "nora-molida-tarro",
        "description": "\u00d1ora Molida Tarro 30 Gr",
        "image": "https:\/\/cdn-consum.aktiosdigitalservices.com\/tol\/consum\/media\/product\/img\/300x300\/7304228.jpg?t=20250104075941"
    },
    {
        "id": 17705,
        "name": "Lenteja Cocida Origen Frasco LUENGO",
        "price": 1.49,
        "price_kilo": 3.73,
        "slug": "lenteja-cocida-origen-frasco",
        "description": "Lenteja Cocida Origen Frasco 400 Gr",
        "image": "https:\/\/cdn-consum.aktiosdigitalservices.com\/tol\/consum\/media\/product\/img\/300x300\/7304210.jpg?t=20250219080249"
    },
    {
        "id": 17706,
        "name": "\u00d1oras Secas Caja SABATER",
        "price": 1.99,
        "price_kilo": 9.95,
        "slug": "noras-secas-caja",
        "description": "\u00d1oras Secas Caja 20 Gr",
        "image": "https:\/\/cdn-consum.aktiosdigitalservices.com\/tol\/consum\/media\/product\/img\/300x300\/7304215.jpg?t=20250103081650"
    },
    {
        "id": 17716,
        "name": "Cerveza Tostada Lata ADLERBRAU",
        "price": 0.5,
        "price_kilo": 1.52,
        "slug": "cerveza-tostada-lata",
        "description": "Cerveza Tostada Lata 0,33 L",
        "image": "https:\/\/cdn-consum.aktiosdigitalservices.com\/tol\/consum\/media\/product\/img\/300x300\/7305097.jpg?t=20241228075749"
    },
    {
        "id": 17724,
        "name": "Preparado para Tortitas ROYAL",
        "price": 1.45,
        "price_kilo": 12.08,
        "slug": "preparado-para-tortitas",
        "description": "Preparado para Tortitas 120 Gr",
        "image": "https:\/\/cdn-consum.aktiosdigitalservices.com\/tol\/consum\/media\/product\/img\/300x300\/7305514.jpg?t=20250313080533"
    },
    {
        "id": 17728,
        "name": "Pasta Fresca Rellena Jam\u00f3n y Queso RANA",
        "price": 2.7,
        "price_kilo": 10.8,
        "slug": "pasta-fresca-rellena-jamon-y-queso",
        "description": "Pasta Fresca Rellena Jam\u00f3n y Queso 250 Gr",
        "image": "https:\/\/cdn-consum.aktiosdigitalservices.com\/tol\/consum\/media\/product\/img\/300x300\/7178064.jpg?t=20250312125243"
    },
    {
        "id": 17729,
        "name": "Pechuga de Pavo con Toque Braseado CAMPOFR\u00cdO",
        "price": 13.49,
        "price_kilo": 13.49,
        "slug": "pechuga-de-pavo-con-toque-braseado",
        "description": "Pechuga de Pavo con Toque Braseado",
        "image": "https:\/\/cdn-consum.aktiosdigitalservices.com\/tol\/consum\/media\/product\/img\/300x300\/7200665.jpg?t=20250322075924"
    },
    {
        "id": 17730,
        "name": "Friegasuelos Eco CONSUM ECO",
        "price": 1.65,
        "price_kilo": 1.1,
        "slug": "friegasuelos-eco",
        "description": "Friegasuelos Eco 1,5 L",
        "image": "https:\/\/cdn-consum.aktiosdigitalservices.com\/tol\/consum\/media\/product\/img\/300x300\/7295363.jpg?t=20241217081121"
    },
    {
        "id": 17731,
        "name": "Crepes CREAPAN",
        "price": 2.39,
        "price_kilo": 5.9,
        "slug": "crepes",
        "description": "Crepes 405 Gr",
        "image": "https:\/\/cdn-consum.aktiosdigitalservices.com\/tol\/consum\/media\/product\/img\/300x300\/7301831.jpg?t=20250312125545"
    },
    {
        "id": 17734,
        "name": "Tomate Frito Casero Frasco SOLIS",
        "price": 2.49,
        "price_kilo": 4.53,
        "slug": "tomate-frito-casero-frasco",
        "description": "Tomate Frito Casero Frasco 550 Gr",
        "image": "https:\/\/cdn-consum.aktiosdigitalservices.com\/tol\/consum\/media\/product\/img\/300x300\/7303670.jpg?t=20250318080307"
    },
    {
        "id": 17739,
        "name": "Caf\u00e9 Espresso Colombia C\u00e1psulas L'OR",
        "price": 4.39,
        "price_kilo": 0.44,
        "slug": "cafe-espresso-colombia-capsulas",
        "description": "Caf\u00e9 Espresso Colombia C\u00e1psulas 10 U",
        "image": "https:\/\/cdn-consum.aktiosdigitalservices.com\/tol\/consum\/media\/product\/img\/300x300\/7304111.jpg?t=20250311110423"
    },
    {
        "id": 17747,
        "name": "Brochetas de Pollo al Piment\u00f3n CONSUM",
        "price": 3.35,
        "price_kilo": 10.47,
        "slug": "brochetas-de-pollo-al-pimenton",
        "description": "Brochetas de Pollo al Piment\u00f3n 320 Gr",
        "image": "https:\/\/cdn-consum.aktiosdigitalservices.com\/tol\/consum\/media\/product\/img\/300x300\/7304587.jpg?t=20250318080311"
    },
    {
        "id": 17758,
        "name": "Mascarilla Dream Long ELVIVE",
        "price": 4.5,
        "price_kilo": 1.45,
        "slug": "mascarilla-dream-long",
        "description": "Mascarilla Dream Long 310 ml",
        "image": "https:\/\/cdn-consum.aktiosdigitalservices.com\/tol\/consum\/media\/product\/img\/300x300\/7305134.jpg?t=20250312160631"
    },
    {
        "id": 17760,
        "name": "Chocolate 90% Cacao Excellence LINDT",
        "price": 4.49,
        "price_kilo": 44.9,
        "slug": "chocolate-90-cacao-excellence",
        "description": "Chocolate 90% Cacao Excellence 100 Gr",
        "image": "https:\/\/cdn-consum.aktiosdigitalservices.com\/tol\/consum\/media\/product\/img\/300x300\/7305159.jpg?t=20250311133956"
    },
    {
        "id": 17761,
        "name": "Champ\u00fa Dream Long ELVIVE",
        "price": 4.75,
        "price_kilo": 1.25,
        "slug": "champu-dream-long",
        "description": "Champ\u00fa Dream Long 380 ml",
        "image": "https:\/\/cdn-consum.aktiosdigitalservices.com\/tol\/consum\/media\/product\/img\/300x300\/7305175.jpg?t=20250312160633"
    },
    {
        "id": 17762,
        "name": "Crema Aceto Bals\u00e1mico Di M\u00f3dena FERRARINI",
        "price": 3.25,
        "price_kilo": 13,
        "slug": "crema-aceto-balsamico-di-modena",
        "description": "Crema Aceto Bals\u00e1mico Di M\u00f3dena 250 ml",
        "image": "https:\/\/cdn-consum.aktiosdigitalservices.com\/tol\/consum\/media\/product\/img\/300x300\/7305183.jpg?t=20250109102034"
    },
    {
        "id": 17763,
        "name": "Champ\u00fa Aloe Hydra B Cabello deshidratado FRUCTIS",
        "price": 4.55,
        "price_kilo": 1.2,
        "slug": "champu-aloe-hydra-b-cabello-deshidratado",
        "description": "Champ\u00fa Aloe Hydra B Cabello deshidratado 380 ml",
        "image": "https:\/\/cdn-consum.aktiosdigitalservices.com\/tol\/consum\/media\/product\/img\/300x300\/7305188.jpg?t=20250213080136"
    },
    {
        "id": 17773,
        "name": "Fideos de Colores MOLINO REAL",
        "price": 1.09,
        "price_kilo": 18.17,
        "slug": "fideos-de-colores",
        "description": "Fideos de Colores 60 Gr",
        "image": "https:\/\/cdn-consum.aktiosdigitalservices.com\/tol\/consum\/media\/product\/img\/300x300\/7305456.jpg?t=20250311110438"
    },
    {
        "id": 17774,
        "name": "N\u00e9ctar Maracuy\u00e1 Sin Az\u00facar A\u00f1adido Brik JUVER",
        "price": 2.05,
        "price_kilo": 2.05,
        "slug": "nectar-maracuya-sin-azucar-anadido-brik",
        "description": "N\u00e9ctar Maracuy\u00e1 Sin Az\u00facar A\u00f1adido Brik 1 L",
        "image": "https:\/\/cdn-consum.aktiosdigitalservices.com\/tol\/consum\/media\/product\/img\/300x300\/7305519.jpg?t=20250312160635"
    },
    {
        "id": 17775,
        "name": "Fideos de Chocolate MOLINO REAL",
        "price": 1.09,
        "price_kilo": 19.82,
        "slug": "fideos-de-chocolate",
        "description": "Fideos de Chocolate 55 Gr",
        "image": "https:\/\/cdn-consum.aktiosdigitalservices.com\/tol\/consum\/media\/product\/img\/300x300\/7305522.jpg?t=20250311110444"
    },
    {
        "id": 17776,
        "name": "Cereales Frosties KELLOGG'S",
        "price": 3.49,
        "price_kilo": 8.73,
        "slug": "cereales-frosties",
        "description": "Cereales Frosties 400 Gr",
        "image": "https:\/\/cdn-consum.aktiosdigitalservices.com\/tol\/consum\/media\/product\/img\/300x300\/7305530.jpg?t=20250313080537"
    },
    {
        "id": 17777,
        "name": "Carne Pimiento Choricero Frasco LEYENDA",
        "price": 1.99,
        "price_kilo": 11.06,
        "slug": "carne-pimiento-choricero-frasco",
        "description": "Carne Pimiento Choricero Frasco 180 Gr",
        "image": "https:\/\/cdn-consum.aktiosdigitalservices.com\/tol\/consum\/media\/product\/img\/300x300\/7305584.jpg?t=20250214075914"
    },
    {
        "id": 17785,
        "name": "Ensalada C\u00e9sar Light Completa FLORETTE",
        "price": 3.35,
        "price_kilo": 16.75,
        "slug": "ensalada-cesar-light-completa",
        "description": "Ensalada C\u00e9sar Light Completa 200 Gr",
        "image": "https:\/\/cdn-consum.aktiosdigitalservices.com\/tol\/consum\/media\/product\/img\/300x300\/7306616.jpg?t=20250311110458"
    },
    {
        "id": 17786,
        "name": "Esp\u00e1rrago Grueso ",
        "price": 3.99,
        "price_kilo": 13.3,
        "slug": "esparrago-grueso",
        "description": "Esp\u00e1rrago Grueso 300 Gr",
        "image": "https:\/\/cdn-consum.aktiosdigitalservices.com\/tol\/consum\/media\/product\/img\/300x300\/7306629.jpg?t=20250204081019"
    },
    {
        "id": 17787,
        "name": "Costilla de Cerdo ",
        "price": 1.24,
        "price_kilo": 8.29,
        "slug": "costilla-de-cerdo",
        "description": "Costilla de Cerdo",
        "image": "https:\/\/cdn-consum.aktiosdigitalservices.com\/tol\/consum\/media\/product\/img\/300x300\/3167954.jpg?t=20250322075749"
    },
    {
        "id": 17798,
        "name": "Bebida de Almendras 0% Az\u00facar Brik CONSUM",
        "price": 1.3,
        "price_kilo": 1.3,
        "slug": "bebida-de-almendras-0-azucar-brik",
        "description": "Bebida de Almendras 0% Az\u00facar Brik 1 L",
        "image": "https:\/\/cdn-consum.aktiosdigitalservices.com\/tol\/consum\/media\/product\/img\/300x300\/7288405.jpg?t=20250311110147"
    },
    {
        "id": 17802,
        "name": "Raticida Cebo Fresco CUCHOL",
        "price": 2.6,
        "price_kilo": 17.33,
        "slug": "raticida-cebo-fresco",
        "description": "Raticida Cebo Fresco 150 Gr",
        "image": "https:\/\/cdn-consum.aktiosdigitalservices.com\/tol\/consum\/media\/product\/img\/300x300\/7302698.jpg?t=20241217081127"
    },
    {
        "id": 17811,
        "name": "Mermelada de Fresa HERO",
        "price": 2.09,
        "price_kilo": 6.34,
        "slug": "mermelada-de-fresa",
        "description": "Mermelada de Fresa 330 Gr",
        "image": "https:\/\/cdn-consum.aktiosdigitalservices.com\/tol\/consum\/media\/product\/img\/300x300\/7305204.jpg?t=20250311110432"
    },
    {
        "id": 17815,
        "name": "Callos a la Madrile\u00f1a Lata LITORAL",
        "price": 4.75,
        "price_kilo": 12.84,
        "slug": "callos-a-la-madrilena-lata",
        "description": "Callos a la Madrile\u00f1a Lata 380 Gr",
        "image": "https:\/\/cdn-consum.aktiosdigitalservices.com\/tol\/consum\/media\/product\/img\/300x300\/7305378.jpg?t=20250109102050"
    },
    {
        "id": 17823,
        "name": "Espinaca Maxi Bolsa FLORETTE",
        "price": 2.55,
        "price_kilo": 5.67,
        "slug": "espinaca-maxi-bolsa",
        "description": "Espinaca Maxi Bolsa 450 Gr",
        "image": "https:\/\/cdn-consum.aktiosdigitalservices.com\/tol\/consum\/media\/product\/img\/300x300\/7306637.jpg?t=20250317075812"
    },
    {
        "id": 17826,
        "name": "Jud\u00eda Ferraura ",
        "price": 3.19,
        "price_kilo": 15.95,
        "slug": "judia-ferraura",
        "description": "Jud\u00eda Ferraura 200 Gr",
        "image": "https:\/\/cdn-consum.aktiosdigitalservices.com\/tol\/consum\/media\/product\/img\/300x300\/7307015.jpg?t=20250204081021"
    },
    {
        "id": 17834,
        "name": "Guisantes Medianos Lata Pack de 3 CONSUM",
        "price": 2,
        "price_kilo": 5.13,
        "slug": "guisantes-medianos-lata-pack-de-3",
        "description": "Guisantes Medianos Lata Pack de 3 3 x 130 Gr",
        "image": "https:\/\/cdn-consum.aktiosdigitalservices.com\/tol\/consum\/media\/product\/img\/300x300\/7301711.jpg?t=20250319075907"
    },
    {
        "id": 17857,
        "name": "Colonia Hombre DON ALGODON",
        "price": 13.85,
        "price_kilo": 6.93,
        "slug": "colonia-hombre",
        "description": "Colonia Hombre 200 ml",
        "image": "https:\/\/cdn-consum.aktiosdigitalservices.com\/tol\/consum\/media\/product\/img\/300x300\/7304405.jpg?t=20241217081129"
    },
    {
        "id": 17858,
        "name": "Colonia Mujer DON ALGODON",
        "price": 13.85,
        "price_kilo": 6.93,
        "slug": "colonia-mujer",
        "description": "Colonia Mujer 200 ml",
        "image": "https:\/\/cdn-consum.aktiosdigitalservices.com\/tol\/consum\/media\/product\/img\/300x300\/7304426.jpg?t=20241217081129"
    },
    {
        "id": 17859,
        "name": "Mascarilla Peel Off carb\u00f3n ACTY MASK",
        "price": 1.35,
        "price_kilo": 1.35,
        "slug": "mascarilla-peel-off-carbon",
        "description": "Mascarilla Peel Off carb\u00f3n 1 U",
        "image": "https:\/\/cdn-consum.aktiosdigitalservices.com\/tol\/consum\/media\/product\/img\/300x300\/7304566.jpg?t=20241217081129"
    },
    {
        "id": 17860,
        "name": "Crema facial SPF 50 Anti-Manchas BELLA AURORA",
        "price": 19.5,
        "price_kilo": 39,
        "slug": "crema-facial-spf-50-anti-manchas",
        "description": "Crema facial SPF 50 Anti-Manchas 50 ml",
        "image": "https:\/\/cdn-consum.aktiosdigitalservices.com\/tol\/consum\/media\/product\/img\/300x300\/7305100.jpg?t=20241217081129"
    },
    {
        "id": 17863,
        "name": "Aceto Bals\u00e1mico Di M\u00f3dena FERRARINI",
        "price": 2.15,
        "price_kilo": 8.6,
        "slug": "aceto-balsamico-di-modena",
        "description": "Aceto Bals\u00e1mico Di M\u00f3dena 250 ml",
        "image": "https:\/\/cdn-consum.aktiosdigitalservices.com\/tol\/consum\/media\/product\/img\/300x300\/7305162.jpg?t=20241217081129"
    },
    {
        "id": 17869,
        "name": "Baguette Sin Gluten SCH\u00c4R",
        "price": 2.19,
        "price_kilo": 12.51,
        "slug": "baguette-sin-gluten",
        "description": "Baguette Sin Gluten 175 Gr",
        "image": "https:\/\/cdn-consum.aktiosdigitalservices.com\/tol\/consum\/media\/product\/img\/300x300\/7305535.jpg?t=20250311110452"
    },
    {
        "id": 17871,
        "name": "Cider Manzana L.MANZANAS",
        "price": 1.19,
        "price_kilo": 4.76,
        "slug": "cider-manzana",
        "description": "Cider Manzana 0,25 L",
        "image": "https:\/\/cdn-consum.aktiosdigitalservices.com\/tol\/consum\/media\/product\/img\/300x300\/7305597.jpg?t=20250227092816"
    },
    {
        "id": 17872,
        "name": "Cider Red Berries L.MANZANAS",
        "price": 1.19,
        "price_kilo": 4.76,
        "slug": "cider-red-berries",
        "description": "Cider Red Berries 0,25 L",
        "image": "https:\/\/cdn-consum.aktiosdigitalservices.com\/tol\/consum\/media\/product\/img\/300x300\/7305600.jpg?t=20250227092818"
    },
    {
        "id": 17873,
        "name": "Comida H\u00fameda Gatos Pollo GOURMET",
        "price": 0.89,
        "price_kilo": 10.47,
        "slug": "comida-humeda-gatos-pollo",
        "description": "Comida H\u00fameda Gatos Pollo 85 Gr",
        "image": "https:\/\/cdn-consum.aktiosdigitalservices.com\/tol\/consum\/media\/product\/img\/300x300\/7305717.jpg?t=20250207080109"
    },
    {
        "id": 17874,
        "name": "Pastilla Jab\u00f3n Almendras 3x90 PALMOLIVE",
        "price": 2.4,
        "price_kilo": 0.8,
        "slug": "pastilla-jabon-almendras-3x90",
        "description": "Pastilla Jab\u00f3n Almendras 3x90 3 U",
        "image": "https:\/\/cdn-consum.aktiosdigitalservices.com\/tol\/consum\/media\/product\/img\/300x300\/7305910.jpg?t=20250312160640"
    },
    {
        "id": 17875,
        "name": "Patata Frita Viruta m\u00e1s Ketchup Tarrina ARGENTE",
        "price": 2.4,
        "price_kilo": 13.71,
        "slug": "patata-frita-viruta-mas-ketchup-tarrina",
        "description": "Patata Frita Viruta m\u00e1s Ketchup Tarrina 175 Gr",
        "image": "https:\/\/cdn-consum.aktiosdigitalservices.com\/tol\/consum\/media\/product\/img\/300x300\/7306298.jpg?t=20250318080313"
    },
    {
        "id": 17876,
        "name": "Edamame Lata Pack de 2 BONDUELLE",
        "price": 2.59,
        "price_kilo": 19.92,
        "slug": "edamame-lata-pack-de-2",
        "description": "Edamame Lata Pack de 2 2 x 65 Gr",
        "image": "https:\/\/cdn-consum.aktiosdigitalservices.com\/tol\/consum\/media\/product\/img\/300x300\/7306723.jpg?t=20250318080315"
    },
    {
        "id": 17878,
        "name": "Ginebra C\u00edtrica PREMIUM 38",
        "price": 7.49,
        "price_kilo": 10.7,
        "slug": "ginebra-citrica",
        "description": "Ginebra C\u00edtrica 0,7 L",
        "image": "https:\/\/cdn-consum.aktiosdigitalservices.com\/tol\/consum\/media\/product\/img\/300x300\/7306913.jpg?t=20250319075909"
    },
    {
        "id": 17880,
        "name": "Pi\u00f1a Colada CALIBRE 38",
        "price": 5.8,
        "price_kilo": 8.29,
        "slug": "pina-colada",
        "description": "Pi\u00f1a Colada 0,7 L",
        "image": "https:\/\/cdn-consum.aktiosdigitalservices.com\/tol\/consum\/media\/product\/img\/300x300\/7307234.jpg?t=20250311164605"
    },
    {
        "id": 17885,
        "name": "Gorro de Ducha PONETTE",
        "price": 2.75,
        "price_kilo": 2.75,
        "slug": "gorro-de-ducha",
        "description": "Gorro de Ducha 1 U",
        "image": "https:\/\/cdn-consum.aktiosdigitalservices.com\/tol\/consum\/media\/product\/img\/300x300\/7300478.jpg?t=20241217081123"
    },
    {
        "id": 17886,
        "name": "Ma\u00edz Dulce Lata Pack de 3 CONSUM",
        "price": 1.6,
        "price_kilo": 3.81,
        "slug": "maiz-dulce-lata-pack-de-3",
        "description": "Ma\u00edz Dulce Lata Pack de 3 3 x 140 Gr",
        "image": "https:\/\/cdn-consum.aktiosdigitalservices.com\/tol\/consum\/media\/product\/img\/300x300\/7301708.jpg?t=20250221080047"
    },
    {
        "id": 17895,
        "name": "S\u00e1ndwich Nata sin Az\u00facar ROYNE",
        "price": 4.35,
        "price_kilo": 14.5,
        "slug": "sandwich-nata-sin-azucar",
        "description": "S\u00e1ndwich Nata sin Az\u00facar 300 Gr",
        "image": "https:\/\/cdn-consum.aktiosdigitalservices.com\/tol\/consum\/media\/product\/img\/300x300\/7304558.jpg?t=20250315075828"
    },
    {
        "id": 17896,
        "name": "Bastoncillos Cosm\u00e9ticos BEL",
        "price": 1.35,
        "price_kilo": 1.35,
        "slug": "bastoncillos-cosmeticos",
        "description": "Bastoncillos Cosm\u00e9ticos 1 U",
        "image": "https:\/\/cdn-consum.aktiosdigitalservices.com\/tol\/consum\/media\/product\/img\/300x300\/7304561.jpg?t=20250214075911"
    },
    {
        "id": 17901,
        "name": "Aceituna Morada Cornicabra Tarro BERNAL",
        "price": 1.79,
        "price_kilo": 9.94,
        "slug": "aceituna-morada-cornicabra-tarro",
        "description": "Aceituna Morada Cornicabra Tarro 180 Gr",
        "image": "https:\/\/cdn-consum.aktiosdigitalservices.com\/tol\/consum\/media\/product\/img\/300x300\/7305253.jpg?t=20250312092758"
    },
    {
        "id": 17904,
        "name": "Smacks Trigo Inflado KELLOGG'S",
        "price": 3.49,
        "price_kilo": 8.73,
        "slug": "smacks-trigo-inflado",
        "description": "Smacks Trigo Inflado 400 Gr",
        "image": "https:\/\/cdn-consum.aktiosdigitalservices.com\/tol\/consum\/media\/product\/img\/300x300\/7305527.jpg?t=20250313080535"
    },
    {
        "id": 17905,
        "name": "Crema De Alicia Brick KNORR",
        "price": 2.29,
        "price_kilo": 4.58,
        "slug": "crema-de-alicia-brick",
        "description": "Crema De Alicia Brick 500 ml",
        "image": "https:\/\/cdn-consum.aktiosdigitalservices.com\/tol\/consum\/media\/product\/img\/300x300\/7305576.jpg?t=20241217081130"
    },
    {
        "id": 17912,
        "name": "Copos de Ma\u00edz Tostado Ecol\u00f3gico ECOCESTA",
        "price": 3.59,
        "price_kilo": 8.98,
        "slug": "copos-de-maiz-tostado-ecologico",
        "description": "Copos de Ma\u00edz Tostado Ecol\u00f3gico 400 Gr",
        "image": "https:\/\/cdn-consum.aktiosdigitalservices.com\/tol\/consum\/media\/product\/img\/300x300\/7306702.jpg?t=20250313080539"
    },
    {
        "id": 17921,
        "name": "Minibabybel Enrollado 5 Unidades MINIBABYBEL",
        "price": 2.59,
        "price_kilo": 30.47,
        "slug": "minibabybel-enrollado-5-unidades",
        "description": "Minibabybel Enrollado 5 Unidades 85 Gr",
        "image": "https:\/\/cdn-consum.aktiosdigitalservices.com\/tol\/consum\/media\/product\/img\/300x300\/7307312.jpg?t=20250227092834"
    },
    {
        "id": 17924,
        "name": "Pi\u00f1a Colada sin Alcohol CALIBRE 38",
        "price": 4,
        "price_kilo": 5.71,
        "slug": "pina-colada-sin-alcohol",
        "description": "Pi\u00f1a Colada sin Alcohol 0,7 L",
        "image": "https:\/\/cdn-consum.aktiosdigitalservices.com\/tol\/consum\/media\/product\/img\/300x300\/7307648.jpg?t=20250213080149"
    },
    {
        "id": 17926,
        "name": "Postre de Soja con Fruta Panach\u00e9 de frutas CONSUM",
        "price": 1.85,
        "price_kilo": 4.63,
        "slug": "postre-de-soja-con-fruta-panache-de-frutas",
        "description": "Postre de Soja con Fruta Panach\u00e9 de frutas 4 x 100 Gr",
        "image": "https:\/\/cdn-consum.aktiosdigitalservices.com\/tol\/consum\/media\/product\/img\/300x300\/7288280.jpg?t=20250109101614"
    },
    {
        "id": 17927,
        "name": "Recambio Lavanda Un Toque 2 m\u00e1s 1 Regalo GLADE",
        "price": 6.95,
        "price_kilo": 2.32,
        "slug": "recambio-lavanda-un-toque-2-mas-1-regalo",
        "description": "Recambio Lavanda Un Toque 2 m\u00e1s 1 Regalo 3 U",
        "image": "https:\/\/cdn-consum.aktiosdigitalservices.com\/tol\/consum\/media\/product\/img\/300x300\/7295249.jpg?t=20250313080516"
    },
    {
        "id": 17929,
        "name": "Recambio Marine Un Toque 2 m\u00e1s 1 Regalo GLADE",
        "price": 6.95,
        "price_kilo": 2.32,
        "slug": "recambio-marine-un-toque-2-mas-1-regalo",
        "description": "Recambio Marine Un Toque 2 m\u00e1s 1 Regalo 3 U",
        "image": "https:\/\/cdn-consum.aktiosdigitalservices.com\/tol\/consum\/media\/product\/img\/300x300\/7295256.jpg?t=20250313080517"
    },
    {
        "id": 17939,
        "name": "Mermelada Melocot\u00f3n HERO",
        "price": 2.09,
        "price_kilo": 6.34,
        "slug": "mermelada-melocoton",
        "description": "Mermelada Melocot\u00f3n 330 Gr",
        "image": "https:\/\/cdn-consum.aktiosdigitalservices.com\/tol\/consum\/media\/product\/img\/300x300\/7305212.jpg?t=20250311110435"
    },
    {
        "id": 17951,
        "name": "Crema Solar Facial FP 50 Antiedad Antimanchas NIVEA",
        "price": 11.99,
        "price_kilo": 23.98,
        "slug": "crema-solar-facial-fp-50-antiedad-antimanchas",
        "description": "Crema Solar Facial FP 50 Antiedad Antimanchas 50 ml",
        "image": "https:\/\/cdn-consum.aktiosdigitalservices.com\/tol\/consum\/media\/product\/img\/300x300\/7306579.jpg?t=20241217081130"
    },
    {
        "id": 17952,
        "name": "Pimiento Piquillo Tiras con Ajos Frasco CONSUM",
        "price": 1.15,
        "price_kilo": 5.11,
        "slug": "pimiento-piquillo-tiras-con-ajos-frasco",
        "description": "Pimiento Piquillo Tiras con Ajos Frasco 225 Gr",
        "image": "https:\/\/cdn-consum.aktiosdigitalservices.com\/tol\/consum\/media\/product\/img\/300x300\/7306731.jpg?t=20250214075916"
    },
    {
        "id": 17954,
        "name": "Horchata Fresca Xufatop\u00eda BY PANACH",
        "price": 2.25,
        "price_kilo": 3,
        "slug": "horchata-fresca-xufatopia",
        "description": "Horchata Fresca Xufatop\u00eda 750 ml",
        "image": "https:\/\/cdn-consum.aktiosdigitalservices.com\/tol\/consum\/media\/product\/img\/300x300\/7306764.jpg?t=20250311110503"
    },
    {
        "id": 17956,
        "name": "Champ\u00fa Tesoros Miel OR.REMEDIES",
        "price": 2.95,
        "price_kilo": 0.99,
        "slug": "champu-tesoros-miel",
        "description": "Champ\u00fa Tesoros Miel 300 ml",
        "image": "https:\/\/cdn-consum.aktiosdigitalservices.com\/tol\/consum\/media\/product\/img\/300x300\/7307135.jpg?t=20250228080311"
    },
    {
        "id": 17957,
        "name": "Acondicionador Tesoros Miel OR.REMEDIES",
        "price": 2.85,
        "price_kilo": 1.14,
        "slug": "acondicionador-tesoros-miel",
        "description": "Acondicionador Tesoros Miel 250 ml",
        "image": "https:\/\/cdn-consum.aktiosdigitalservices.com\/tol\/consum\/media\/product\/img\/300x300\/7307143.jpg?t=20250228080313"
    },
    {
        "id": 17958,
        "name": "Champ\u00fa Arcilla Lim\u00f3n OR.REMEDIES",
        "price": 2.95,
        "price_kilo": 0.99,
        "slug": "champu-arcilla-limon",
        "description": "Champ\u00fa Arcilla Lim\u00f3n 300 ml",
        "image": "https:\/\/cdn-consum.aktiosdigitalservices.com\/tol\/consum\/media\/product\/img\/300x300\/7307148.jpg?t=20250228080315"
    },
    {
        "id": 17959,
        "name": "Champ\u00fa Delicatesse OR.REMEDIES",
        "price": 2.95,
        "price_kilo": 0.99,
        "slug": "champu-delicatesse",
        "description": "Champ\u00fa Delicatesse 300 ml",
        "image": "https:\/\/cdn-consum.aktiosdigitalservices.com\/tol\/consum\/media\/product\/img\/300x300\/7307150.jpg?t=20250228080317"
    },
    {
        "id": 17960,
        "name": "Champ\u00fa Oliva M\u00edtica OR.REMEDIES",
        "price": 2.95,
        "price_kilo": 0.99,
        "slug": "champu-oliva-mitica",
        "description": "Champ\u00fa Oliva M\u00edtica 300 ml",
        "image": "https:\/\/cdn-consum.aktiosdigitalservices.com\/tol\/consum\/media\/product\/img\/300x300\/7307163.jpg?t=20250318080942"
    },
    {
        "id": 17979,
        "name": "Blancos Granel ",
        "price": 0.44,
        "price_kilo": 7.49,
        "slug": "blancos-granel",
        "description": "Blancos Granel",
        "image": "https:\/\/cdn-consum.aktiosdigitalservices.com\/tol\/consum\/media\/product\/img\/300x300\/7207710.jpg?t=20250322075925"
    },
    {
        "id": 17991,
        "name": "Vino Blanco Bag & Box PE\u00d1ASOL",
        "price": 5.99,
        "price_kilo": 2,
        "slug": "vino-blanco-bag-box",
        "description": "Vino Blanco Bag & Box 3 L",
        "image": "https:\/\/cdn-consum.aktiosdigitalservices.com\/tol\/consum\/media\/product\/img\/300x300\/7291818.jpg?t=20241217081119"
    },
    {
        "id": 17997,
        "name": "Caf\u00e9 Espresso Onyx 20 C\u00e1psulas L'OR",
        "price": 7.39,
        "price_kilo": 0.37,
        "slug": "cafe-espresso-onyx-20-capsulas",
        "description": "Caf\u00e9 Espresso Onyx 20 C\u00e1psulas 20 U",
        "image": "https:\/\/cdn-consum.aktiosdigitalservices.com\/tol\/consum\/media\/product\/img\/300x300\/7305634.jpg?t=20250312160638"
    },
    {
        "id": 17998,
        "name": "Comida H\u00fameda Gatos At\u00fan GOURMET",
        "price": 0.89,
        "price_kilo": 10.47,
        "slug": "comida-humeda-gatos-atun",
        "description": "Comida H\u00fameda Gatos At\u00fan 85 Gr",
        "image": "https:\/\/cdn-consum.aktiosdigitalservices.com\/tol\/consum\/media\/product\/img\/300x300\/7305709.jpg?t=20250227092821"
    },
    {
        "id": 17999,
        "name": "Comida H\u00fameda para Perro Selecci\u00f3n Carnes Mixtas CESAR",
        "price": 3.59,
        "price_kilo": 8.98,
        "slug": "comida-humeda-para-perro-seleccion-carnes-mixtas",
        "description": "Comida H\u00fameda para Perro Selecci\u00f3n Carnes Mixtas en Salsa Multipack 4x100g",
        "image": "https:\/\/cdn-consum.aktiosdigitalservices.com\/tol\/consum\/media\/product\/img\/300x300\/7305766.jpg?t=20250304115726"
    },
    {
        "id": 18013,
        "name": "Costilla de Cerdo Al Ajillo ",
        "price": 7.74,
        "price_kilo": 10.99,
        "slug": "costilla-de-cerdo-al-ajillo",
        "description": "Costilla de Cerdo Al Ajillo",
        "image": "https:\/\/cdn-consum.aktiosdigitalservices.com\/tol\/consum\/media\/product\/img\/300x300\/7307213.jpg?t=20250304111858"
    },
    {
        "id": 18014,
        "name": "Costilla de Cerdo Adobada ",
        "price": 7.74,
        "price_kilo": 10.99,
        "slug": "costilla-de-cerdo-adobada",
        "description": "Costilla de Cerdo Adobada",
        "image": "https:\/\/cdn-consum.aktiosdigitalservices.com\/tol\/consum\/media\/product\/img\/300x300\/7307221.jpg?t=20250304111900"
    },
    {
        "id": 18015,
        "name": "Tortitas Arroz Chocolate Blanco y Frutos Rojos BICENTURY",
        "price": 2.99,
        "price_kilo": 22.65,
        "slug": "tortitas-arroz-chocolate-blanco-y-frutos-rojos",
        "description": "Tortitas Arroz Chocolate Blanco y Frutos Rojos 132 Gr",
        "image": "https:\/\/cdn-consum.aktiosdigitalservices.com\/tol\/consum\/media\/product\/img\/300x300\/7307403.jpg?t=20250311134001"
    },
    {
        "id": 18016,
        "name": "Tortitas Arroz Chocolate Con Trozos de Avellana BICENTURY",
        "price": 2.99,
        "price_kilo": 21.06,
        "slug": "tortitas-arroz-chocolate-con-trozos-de-avellana",
        "description": "Tortitas Arroz Chocolate Con Trozos de Avellana 142 Gr",
        "image": "https:\/\/cdn-consum.aktiosdigitalservices.com\/tol\/consum\/media\/product\/img\/300x300\/7307411.jpg?t=20250312092759"
    },
    {
        "id": 18019,
        "name": "Detergente L\u00edquido Max ASEVI",
        "price": 6.49,
        "price_kilo": 0.13,
        "slug": "detergente-liquido-max",
        "description": "Detergente L\u00edquido Max 50 Lv",
        "image": "https:\/\/cdn-consum.aktiosdigitalservices.com\/tol\/consum\/media\/product\/img\/300x300\/7307643.jpg?t=20250312092759"
    },
    {
        "id": 18021,
        "name": "Recambio Insecticida L\u00edquido Eucalipto 45 N. RAID",
        "price": 4.99,
        "price_kilo": 4.99,
        "slug": "recambio-insecticida-liquido-eucalipto-45-n",
        "description": "Recambio Insecticida L\u00edquido Eucalipto 45 N. 1 U",
        "image": "https:\/\/cdn-consum.aktiosdigitalservices.com\/tol\/consum\/media\/product\/img\/300x300\/7307713.jpg?t=20250320080052"
    },
    {
        "id": 18037,
        "name": "Bl\u00edster Incienso Aroma Jazm\u00edn ROURA",
        "price": 0.99,
        "price_kilo": 0.99,
        "slug": "blister-incienso-aroma-jazmin",
        "description": "Bl\u00edster Incienso Aroma Jazm\u00edn 1 U",
        "image": "https:\/\/cdn-consum.aktiosdigitalservices.com\/tol\/consum\/media\/product\/img\/300x300\/7308104.jpg?t=20241217081131"
    },
    {
        "id": 18038,
        "name": "Soporte Incienso Madera ROURA",
        "price": 1.25,
        "price_kilo": 1.25,
        "slug": "soporte-incienso-madera",
        "description": "Soporte Incienso Madera 1 U",
        "image": "https:\/\/cdn-consum.aktiosdigitalservices.com\/tol\/consum\/media\/product\/img\/300x300\/7308109.jpg?t=20241217081131"
    },
    {
        "id": 18039,
        "name": "Vaso Satinado Perfumado Clean Linen ROURA",
        "price": 1.95,
        "price_kilo": 1.95,
        "slug": "vaso-satinado-perfumado-clean-linen",
        "description": "Vaso Satinado Perfumado Clean Linen 1 U",
        "image": "https:\/\/cdn-consum.aktiosdigitalservices.com\/tol\/consum\/media\/product\/img\/300x300\/7308112.jpg?t=20241217081131"
    },
    {
        "id": 18040,
        "name": "Vaso Satinado Perfumado Pink Flower ROURA",
        "price": 1.95,
        "price_kilo": 1.95,
        "slug": "vaso-satinado-perfumado-pink-flower",
        "description": "Vaso Satinado Perfumado Pink Flower 1 U",
        "image": "https:\/\/cdn-consum.aktiosdigitalservices.com\/tol\/consum\/media\/product\/img\/300x300\/7308117.jpg?t=20241217081131"
    },
    {
        "id": 18041,
        "name": "Conos de Ma\u00edz 3D's Sabor Queso y Bac\u00f3n MATUTANO",
        "price": 1.6,
        "price_kilo": 16,
        "slug": "conos-de-maiz-3ds-sabor-queso-y-bacon",
        "description": "Conos de Ma\u00edz 3D's Sabor Queso y Bac\u00f3n 100 Gr",
        "image": "https:\/\/cdn-consum.aktiosdigitalservices.com\/tol\/consum\/media\/product\/img\/300x300\/7308141.jpg?t=20250319075912"
    },
    {
        "id": 18050,
        "name": "Caf\u00e9 Molido Espresso Descafeinado Natural CONSUM",
        "price": 3.5,
        "price_kilo": 14,
        "slug": "cafe-molido-espresso-descafeinado-natural",
        "description": "Caf\u00e9 Molido Espresso Descafeinado Natural 250 Gr",
        "image": "https:\/\/cdn-consum.aktiosdigitalservices.com\/tol\/consum\/media\/product\/img\/300x300\/7286649.jpg?t=20250311110125"
    },
    {
        "id": 18051,
        "name": "Yogur B\u00edfidus 00% con Melocot\u00f3n P-4 ud. CONSUM",
        "price": 1.23,
        "price_kilo": 2.46,
        "slug": "yogur-bifidus-00-con-melocoton-p-4-ud",
        "description": "Yogur B\u00edfidus 00% con Melocot\u00f3n P-4 ud. 4 x 125 Gr",
        "image": "https:\/\/cdn-consum.aktiosdigitalservices.com\/tol\/consum\/media\/product\/img\/300x300\/7294627.jpg?t=20241223080147"
    },
    {
        "id": 18053,
        "name": "Yogur B\u00edfidus 00% con Frutas del Bosque CONSUM",
        "price": 1.23,
        "price_kilo": 2.46,
        "slug": "yogur-bifidus-00-con-frutas-del-bosque",
        "description": "Yogur B\u00edfidus 00% con Frutas del Bosque 4 x 125 Gr",
        "image": "https:\/\/cdn-consum.aktiosdigitalservices.com\/tol\/consum\/media\/product\/img\/300x300\/7294692.jpg?t=20241223080149"
    },
    {
        "id": 18055,
        "name": "Yogur B\u00edfidus 00% Natural Edulcorado CONSUM",
        "price": 0.95,
        "price_kilo": 1.9,
        "slug": "yogur-bifidus-00-natural-edulcorado",
        "description": "Yogur B\u00edfidus 00% Natural Edulcorado 4 x 125 Gr",
        "image": "https:\/\/cdn-consum.aktiosdigitalservices.com\/tol\/consum\/media\/product\/img\/300x300\/7294705.jpg?t=20250304111712"
    },
    {
        "id": 18056,
        "name": "Yogur B\u00edfidus 00% Natural Pack 4 Unidades CONSUM",
        "price": 0.84,
        "price_kilo": 1.68,
        "slug": "yogur-bifidus-00-natural-pack-4-unidades",
        "description": "Yogur B\u00edfidus 00% Natural Pack 4 Unidades 4 x 125 Gr",
        "image": "https:\/\/cdn-consum.aktiosdigitalservices.com\/tol\/consum\/media\/product\/img\/300x300\/7294713.jpg?t=20241223080152"
    },
    {
        "id": 18057,
        "name": "Yogur B\u00edfidus con Cereales y Muesli CONSUM",
        "price": 1.23,
        "price_kilo": 2.46,
        "slug": "yogur-bifidus-con-cereales-y-muesli",
        "description": "Yogur B\u00edfidus con Cereales y Muesli 4 x 125 Gr",
        "image": "https:\/\/cdn-consum.aktiosdigitalservices.com\/tol\/consum\/media\/product\/img\/300x300\/7294721.jpg?t=20241223080156"
    },
    {
        "id": 18064,
        "name": "Cerveza Radler 0,0 Lata AMSTEL",
        "price": 0.79,
        "price_kilo": 2.39,
        "slug": "cerveza-radler-00-lata",
        "description": "Cerveza Radler 0,0 Lata 0,33 L",
        "image": "https:\/\/cdn-consum.aktiosdigitalservices.com\/tol\/consum\/media\/product\/img\/300x300\/7306439.jpg?t=20250206093528"
    },
    {
        "id": 18075,
        "name": "Chocolate Negro 92% Cacao VALOR",
        "price": 5.65,
        "price_kilo": 33.24,
        "slug": "chocolate-negro-92-cacao",
        "description": "Chocolate Negro 92% Cacao 170 Gr",
        "image": "https:\/\/cdn-consum.aktiosdigitalservices.com\/tol\/consum\/media\/product\/img\/300x300\/7308070.jpg?t=20250311134005"
    },
    {
        "id": 18077,
        "name": "Comida Seca Perros Junior ULTIMA",
        "price": 14.95,
        "price_kilo": 4.98,
        "slug": "comida-seca-perros-junior",
        "description": "Comida Seca Perros Junior 3 Kg",
        "image": "https:\/\/cdn-consum.aktiosdigitalservices.com\/tol\/consum\/media\/product\/img\/300x300\/7308166.jpg?t=20250311164605"
    },
    {
        "id": 18084,
        "name": "Amoniaco Perfumado CONSUM",
        "price": 0.85,
        "price_kilo": 0.57,
        "slug": "amoniaco-perfumado",
        "description": "Amoniaco Perfumado 1,5 L",
        "image": "https:\/\/cdn-consum.aktiosdigitalservices.com\/tol\/consum\/media\/product\/img\/300x300\/7308836.jpg?t=20250312092759"
    },
    {
        "id": 18092,
        "name": "Salvaslip Normal EVAX",
        "price": 2.79,
        "price_kilo": 0.06,
        "slug": "salvaslip-normal",
        "description": "Salvaslip Normal 50 U",
        "image": "https:\/\/cdn-consum.aktiosdigitalservices.com\/tol\/consum\/media\/product\/img\/300x300\/7164754.jpg?t=20250313080145"
    },
    {
        "id": 18096,
        "name": "Salchichas Bratwurst 2 Unidades CONSUM",
        "price": 2.68,
        "price_kilo": 6.7,
        "slug": "salchichas-bratwurst-2-unidades",
        "description": "Salchichas Bratwurst 2 Unidades 2 x 200 Gr",
        "image": "https:\/\/cdn-consum.aktiosdigitalservices.com\/tol\/consum\/media\/product\/img\/300x300\/7269608.jpg?t=20250318080227"
    },
    {
        "id": 18100,
        "name": "Pinza Extragrande PONETTE",
        "price": 2.99,
        "price_kilo": 2.99,
        "slug": "pinza-extragrande",
        "description": "Pinza Extragrande 1 U",
        "image": "https:\/\/cdn-consum.aktiosdigitalservices.com\/tol\/consum\/media\/product\/img\/300x300\/7300473.jpg?t=20241217081123"
    },
    {
        "id": 18105,
        "name": "Az\u00facar Moreno de Ca\u00f1a Org\u00e1nico ECOWASSY",
        "price": 2.15,
        "price_kilo": 4.3,
        "slug": "azucar-moreno-de-cana-organico",
        "description": "Az\u00facar Moreno de Ca\u00f1a Org\u00e1nico 500 Gr",
        "image": "https:\/\/cdn-consum.aktiosdigitalservices.com\/tol\/consum\/media\/product\/img\/300x300\/7306843.jpg?t=20250311110506"
    },
    {
        "id": 18109,
        "name": "Filetes Redondo A\u00f1ojo Plancha-Empanar CONSUM",
        "price": 6.89,
        "price_kilo": 19.65,
        "slug": "filetes-redondo-anojo-plancha-empanar",
        "description": "Filetes Redondo A\u00f1ojo Plancha-Empanar",
        "image": "https:\/\/cdn-consum.aktiosdigitalservices.com\/tol\/consum\/media\/product\/img\/300x300\/7307296.jpg?t=20250114084349"
    },
    {
        "id": 18110,
        "name": "Filete 1\u00aa de A\u00f1ojo Plancha- Fre\u00edr CONSUM",
        "price": 6.65,
        "price_kilo": 18.95,
        "slug": "filete-1-de-anojo-plancha--freir",
        "description": "Filete 1\u00aa de A\u00f1ojo Plancha- Fre\u00edr",
        "image": "https:\/\/cdn-consum.aktiosdigitalservices.com\/tol\/consum\/media\/product\/img\/300x300\/7307304.jpg?t=20250114084351"
    },
    {
        "id": 18112,
        "name": "Cera Caliente Cazoleta Cara,Ingles y axilas BODY NATUR",
        "price": 3.99,
        "price_kilo": 3.99,
        "slug": "cera-caliente-cazoleta-caraingles-y-axilas",
        "description": "Cera Caliente Cazoleta Cara,Ingles y axilas 100 ml",
        "image": "https:\/\/cdn-consum.aktiosdigitalservices.com\/tol\/consum\/media\/product\/img\/300x300\/7307833.jpg?t=20250213080151"
    },
    {
        "id": 18122,
        "name": "Amoniaco CONSUM",
        "price": 0.65,
        "price_kilo": 0.43,
        "slug": "amoniaco",
        "description": "Amoniaco 1,5 L",
        "image": "https:\/\/cdn-consum.aktiosdigitalservices.com\/tol\/consum\/media\/product\/img\/300x300\/7308815.jpg?t=20250312092759"
    },
    {
        "id": 18123,
        "name": "Leche sin Lactosa Entera Botella PULEVA",
        "price": 1.42,
        "price_kilo": 1.42,
        "slug": "leche-sin-lactosa-entera-botella",
        "description": "Leche sin Lactosa Entera Botella 1 L",
        "image": "https:\/\/cdn-consum.aktiosdigitalservices.com\/tol\/consum\/media\/product\/img\/300x300\/7308971.jpg?t=20250311110520"
    },
    {
        "id": 18124,
        "name": "Agua Destilada Con Tap\u00f3n de Seguridad CONSUM",
        "price": 1.99,
        "price_kilo": 0.4,
        "slug": "agua-destilada-con-tapon-de-seguridad",
        "description": "Agua Destilada Con Tap\u00f3n de Seguridad 5 L",
        "image": "https:\/\/cdn-consum.aktiosdigitalservices.com\/tol\/consum\/media\/product\/img\/300x300\/7309029.jpg?t=20241217081131"
    },
    {
        "id": 18133,
        "name": "Yogur B\u00edfidus 00% con Cereales y Muesli CONSUM",
        "price": 1.23,
        "price_kilo": 2.46,
        "slug": "yogur-bifidus-00-con-cereales-y-muesli",
        "description": "Yogur B\u00edfidus 00% con Cereales y Muesli 4 x 125 Gr",
        "image": "https:\/\/cdn-consum.aktiosdigitalservices.com\/tol\/consum\/media\/product\/img\/300x300\/7294718.jpg?t=20241223080154"
    },
    {
        "id": 18134,
        "name": "Agua Mineral Natural Botella CONSUM",
        "price": 0.4,
        "price_kilo": 0.4,
        "slug": "agua-mineral-natural-botella",
        "description": "Agua Mineral Natural Botella 1 L",
        "image": "https:\/\/cdn-consum.aktiosdigitalservices.com\/tol\/consum\/media\/product\/img\/300x300\/7302102.jpg?t=20241218080457"
    },
    {
        "id": 18155,
        "name": "Pechuga Supercrispy congelada MAHESO",
        "price": 3.15,
        "price_kilo": 12.6,
        "slug": "pechuga-supercrispy-congelada",
        "description": "Pechuga Supercrispy congelada 250 Gr",
        "image": "https:\/\/cdn-consum.aktiosdigitalservices.com\/tol\/consum\/media\/product\/img\/300x300\/7307119.jpg?t=20250227092825"
    },
    {
        "id": 18168,
        "name": "Crackers de Espelta Caja de 4 Paquetes MASTRIGO",
        "price": 1.61,
        "price_kilo": 6.71,
        "slug": "crackers-de-espelta-caja-de-4-paquetes",
        "description": "Crackers de Espelta Caja de 4 Paquetes 240 Gr",
        "image": "https:\/\/cdn-consum.aktiosdigitalservices.com\/tol\/consum\/media\/product\/img\/300x300\/7308208.jpg?t=20250311110518"
    },
    {
        "id": 18170,
        "name": "Filete Extrafino Pechuga de Pollo CONSUM",
        "price": 3.26,
        "price_kilo": 9.29,
        "slug": "filete-extrafino-pechuga-de-pollo",
        "description": "Filete Extrafino Pechuga de Pollo",
        "image": "https:\/\/cdn-consum.aktiosdigitalservices.com\/tol\/consum\/media\/product\/img\/300x300\/7308414.jpg?t=20241217081131"
    },
    {
        "id": 18178,
        "name": "Palitos de Cereales Con Olivas y S\u00e9samo SNATT'S",
        "price": 1,
        "price_kilo": 16.66,
        "slug": "palitos-de-cereales-con-olivas-y-sesamo",
        "description": "Palitos de Cereales Con Olivas y S\u00e9samo 60 Gr",
        "image": "https:\/\/cdn-consum.aktiosdigitalservices.com\/tol\/consum\/media\/product\/img\/300x300\/7309131.jpg?t=20250312092759"
    },
    {
        "id": 18179,
        "name": "Palitos de Cereales Con Pipas SNATT'S",
        "price": 1,
        "price_kilo": 16.13,
        "slug": "palitos-de-cereales-con-pipas",
        "description": "Palitos de Cereales Con Pipas 62 Gr",
        "image": "https:\/\/cdn-consum.aktiosdigitalservices.com\/tol\/consum\/media\/product\/img\/300x300\/7309144.jpg?t=20250311110526"
    },
    {
        "id": 18181,
        "name": "Rollo Multiusos 3 Capas 70 Metros CONSUM",
        "price": 4.79,
        "price_kilo": 4.79,
        "slug": "rollo-multiusos-3-capas-70-metros",
        "description": "Rollo Multiusos 3 Capas 70 Metros 1 U",
        "image": "https:\/\/cdn-consum.aktiosdigitalservices.com\/tol\/consum\/media\/product\/img\/300x300\/7293587.jpg?t=20241217081120"
    },
    {
        "id": 18182,
        "name": "Pasta Oriental congelada CONSUM",
        "price": 3.19,
        "price_kilo": 5.32,
        "slug": "pasta-oriental-congelada",
        "description": "Pasta Oriental congelada 600 Gr",
        "image": "https:\/\/cdn-consum.aktiosdigitalservices.com\/tol\/consum\/media\/product\/img\/300x300\/7302073.jpg?t=20241217081126"
    },
    {
        "id": 18183,
        "name": "Tomate y Pimiento Frito Lata VEGA BAJA",
        "price": 1.85,
        "price_kilo": 4.4,
        "slug": "tomate-y-pimiento-frito-lata",
        "description": "Tomate y Pimiento Frito Lata 420 Gr",
        "image": "https:\/\/cdn-consum.aktiosdigitalservices.com\/tol\/consum\/media\/product\/img\/300x300\/7306728.jpg?t=20250318080316"
    },
    {
        "id": 18194,
        "name": "Aceitunas Negras Sin Hueso Cacere\u00f1a JOLCA",
        "price": 3.35,
        "price_kilo": 22.33,
        "slug": "aceitunas-negras-sin-hueso-cacerena",
        "description": "Aceitunas Negras Sin Hueso Cacere\u00f1a 3 x 50 Gr",
        "image": "https:\/\/cdn-consum.aktiosdigitalservices.com\/tol\/consum\/media\/product\/img\/300x300\/7308625.jpg?t=20250318080319"
    },
    {
        "id": 18200,
        "name": "Agua Destilada Con Tap\u00f3n de Seguridad CONSUM",
        "price": 0.9,
        "price_kilo": 0.45,
        "slug": "agua-destilada-con-tapon-de-seguridad",
        "description": "Agua Destilada Con Tap\u00f3n de Seguridad 2 L",
        "image": "https:\/\/cdn-consum.aktiosdigitalservices.com\/tol\/consum\/media\/product\/img\/300x300\/7309024.jpg?t=20241217081131"
    },
    {
        "id": 18204,
        "name": "Queso Fresco con Nata 6 Porciones KIRI",
        "price": 2.46,
        "price_kilo": 22.78,
        "slug": "queso-fresco-con-nata-6-porciones",
        "description": "Queso Fresco con Nata 6 Porciones 108 Gr",
        "image": "https:\/\/cdn-consum.aktiosdigitalservices.com\/tol\/consum\/media\/product\/img\/300x300\/7309172.jpg?t=20250205080356"
    },
    {
        "id": 18205,
        "name": "Oreja Cerdo Cocida y Troceada FERGONVI",
        "price": 3.19,
        "price_kilo": 8.51,
        "slug": "oreja-cerdo-cocida-y-troceada",
        "description": "Oreja Cerdo Cocida y Troceada 375 Gr",
        "image": "https:\/\/cdn-consum.aktiosdigitalservices.com\/tol\/consum\/media\/product\/img\/300x300\/7309263.jpg?t=20241217081131"
    },
    {
        "id": 18206,
        "name": "Protector del Color 15 Unidades IBERIA",
        "price": 3.49,
        "price_kilo": 0.23,
        "slug": "protector-del-color-15-unidades",
        "description": "Protector del Color 15 Unidades 15 U",
        "image": "https:\/\/cdn-consum.aktiosdigitalservices.com\/tol\/consum\/media\/product\/img\/300x300\/7309458.jpg?t=20250312092759"
    },
    {
        "id": 18213,
        "name": "Pi\u00f1a Del Monte Entera DEL MONTE",
        "price": 6.36,
        "price_kilo": 2.99,
        "slug": "pina-del-monte-entera",
        "description": "Pi\u00f1a Del Monte Entera",
        "image": "https:\/\/cdn-consum.aktiosdigitalservices.com\/tol\/consum\/media\/product\/img\/300x300\/7309862.jpg?t=20250319080110"
    },
    {
        "id": 18219,
        "name": "Salsa Bolo\u00f1esa Frasco HIDA",
        "price": 2.59,
        "price_kilo": 7.3,
        "slug": "salsa-bolonesa-frasco",
        "description": "Salsa Bolo\u00f1esa Frasco 355 Gr",
        "image": "https:\/\/cdn-consum.aktiosdigitalservices.com\/tol\/consum\/media\/product\/img\/300x300\/7306884.jpg?t=20241217081130"
    },
    {
        "id": 18225,
        "name": "Vino Tinto Crianza D.O.Utiel-Requena BARRICA 88",
        "price": 2.39,
        "price_kilo": 3.19,
        "slug": "vino-tinto-crianza-doutiel-requena",
        "description": "Vino Tinto Crianza D.O.Utiel-Requena 0,75 L",
        "image": "https:\/\/cdn-consum.aktiosdigitalservices.com\/tol\/consum\/media\/product\/img\/300x300\/7308278.jpg?t=20250227092839"
    },
    {
        "id": 18227,
        "name": "Vino Blanco Madurado D.O.Utiel-Requena BARRICA 88",
        "price": 3.55,
        "price_kilo": 4.73,
        "slug": "vino-blanco-madurado-doutiel-requena",
        "description": "Vino Blanco Madurado D.O.Utiel-Requena 0,75 L",
        "image": "https:\/\/cdn-consum.aktiosdigitalservices.com\/tol\/consum\/media\/product\/img\/300x300\/7308286.jpg?t=20250227092840"
    },
    {
        "id": 18228,
        "name": "Surtido Pat\u00e9 y Cremas York y Jam\u00f3n IBERITOS",
        "price": 1.99,
        "price_kilo": 14.42,
        "slug": "surtido-pate-y-cremas-york-y-jamon",
        "description": "Surtido Pat\u00e9 y Cremas York y Jam\u00f3n 3 x 46 Gr",
        "image": "https:\/\/cdn-consum.aktiosdigitalservices.com\/tol\/consum\/media\/product\/img\/300x300\/7308372.jpg?t=20241217081131"
    },
    {
        "id": 18230,
        "name": "Vino Blanco Verdejo D.O.Rueda VI\u00d1A MAYOR",
        "price": 6.69,
        "price_kilo": 8.92,
        "slug": "vino-blanco-verdejo-dorueda",
        "description": "Vino Blanco Verdejo D.O.Rueda 0,75 L",
        "image": "https:\/\/cdn-consum.aktiosdigitalservices.com\/tol\/consum\/media\/product\/img\/300x300\/7308633.jpg?t=20250206093556"
    },
    {
        "id": 18245,
        "name": "Pizza Vegalia de Verdura y Queso Curado CAMPOFR\u00cdO",
        "price": 3.25,
        "price_kilo": 9.03,
        "slug": "pizza-vegalia-de-verdura-y-queso-curado",
        "description": "Pizza Vegalia de Verdura y Queso Curado 360 Gr",
        "image": "https:\/\/cdn-consum.aktiosdigitalservices.com\/tol\/consum\/media\/product\/img\/300x300\/7310303.jpg?t=20250204081033"
    },
    {
        "id": 18246,
        "name": "Refresco Aloe Vera sin Az\u00facar Botella OKF",
        "price": 1.55,
        "price_kilo": 3.1,
        "slug": "refresco-aloe-vera-sin-azucar-botella",
        "description": "Refresco Aloe Vera sin Az\u00facar Botella 0,5 L",
        "image": "https:\/\/cdn-consum.aktiosdigitalservices.com\/tol\/consum\/media\/product\/img\/300x300\/7310324.jpg?t=20241217081132"
    },
    {
        "id": 18249,
        "name": "Q.Tradicional Cassoleta Fresco L.Pasteurizada GRANJA RINYA",
        "price": 12.5,
        "price_kilo": 12.5,
        "slug": "qtradicional-cassoleta-fresco-lpasteurizada",
        "description": "Q.Tradicional Cassoleta Fresco L.Pasteurizada",
        "image": "https:\/\/cdn-consum.aktiosdigitalservices.com\/tol\/consum\/media\/product\/img\/300x300\/7274298.jpg?t=20250319075857"
    },
    {
        "id": 18264,
        "name": "Leche sin Lactosa Entera Brik ASTURIANA",
        "price": 1.25,
        "price_kilo": 1.25,
        "slug": "leche-sin-lactosa-entera-brik",
        "description": "Leche sin Lactosa Entera Brik 1 L",
        "image": "https:\/\/cdn-consum.aktiosdigitalservices.com\/tol\/consum\/media\/product\/img\/300x300\/7309842.jpg?t=20250312092759"
    },
    {
        "id": 18265,
        "name": "Bebida de Almendras Sin Az\u00facar Brik ALPRO",
        "price": 2.09,
        "price_kilo": 2.09,
        "slug": "bebida-de-almendras-sin-azucar-brik",
        "description": "Bebida de Almendras Sin Az\u00facar Brik 1 L",
        "image": "https:\/\/cdn-consum.aktiosdigitalservices.com\/tol\/consum\/media\/product\/img\/300x300\/7309847.jpg?t=20250312092759"
    },
    {
        "id": 18266,
        "name": "Leche Calcio Sin Lactosa Desnatada Suprema Brik ASTURIANA",
        "price": 1.41,
        "price_kilo": 1.41,
        "slug": "leche-calcio-sin-lactosa-desnatada-suprema-brik",
        "description": "Leche Calcio Sin Lactosa Desnatada Suprema Brik 1 L",
        "image": "https:\/\/cdn-consum.aktiosdigitalservices.com\/tol\/consum\/media\/product\/img\/300x300\/7309854.jpg?t=20250313080551"
    },
    {
        "id": 18267,
        "name": "Regamix FINI",
        "price": 1.15,
        "price_kilo": 5.75,
        "slug": "regamix",
        "description": "Regamix 200 Gr",
        "image": "https:\/\/cdn-consum.aktiosdigitalservices.com\/tol\/consum\/media\/product\/img\/300x300\/7309953.jpg?t=20250311124754"
    },
    {
        "id": 18285,
        "name": "Limpiador Gel Desinfectante DOMESTOS",
        "price": 3.15,
        "price_kilo": 2.52,
        "slug": "limpiador-gel-desinfectante",
        "description": "Limpiador Gel Desinfectante 1,25 L",
        "image": "https:\/\/cdn-consum.aktiosdigitalservices.com\/tol\/consum\/media\/product\/img\/300x300\/7310407.jpg?t=20250128080146"
    },
    {
        "id": 18293,
        "name": "Jugo de Coco para Cocinar Lata AMPRO",
        "price": 1.4,
        "price_kilo": 3.5,
        "slug": "jugo-de-coco-para-cocinar-lata",
        "description": "Jugo de Coco para Cocinar Lata 400 ml",
        "image": "https:\/\/cdn-consum.aktiosdigitalservices.com\/tol\/consum\/media\/product\/img\/300x300\/7311207.jpg?t=20250311110550"
    },
    {
        "id": 18303,
        "name": "Batido Sabor Vainilla Botella CONSUM",
        "price": 1.2,
        "price_kilo": 1.2,
        "slug": "batido-sabor-vainilla-botella",
        "description": "Batido Sabor Vainilla Botella 1 L",
        "image": "https:\/\/cdn-consum.aktiosdigitalservices.com\/tol\/consum\/media\/product\/img\/300x300\/7295145.jpg?t=20250311110309"
    },
    {
        "id": 18312,
        "name": "Agua Mineral Natural Garrafa CONSUM",
        "price": 0.69,
        "price_kilo": 0.14,
        "slug": "agua-mineral-natural-garrafa",
        "description": "Agua Mineral Natural Garrafa 5 L",
        "image": "https:\/\/cdn-consum.aktiosdigitalservices.com\/tol\/consum\/media\/product\/img\/300x300\/7308591.jpg?t=20241217081131"
    },
    {
        "id": 18328,
        "name": "Horchata sin Az\u00facar Pack de 2 Unidades MONZO",
        "price": 1.79,
        "price_kilo": 4.48,
        "slug": "horchata-sin-azucar-pack-de-2-unidades",
        "description": "Horchata sin Az\u00facar Pack de 2 Unidades 2 x 200 Gr",
        "image": "https:\/\/cdn-consum.aktiosdigitalservices.com\/tol\/consum\/media\/product\/img\/300x300\/7310030.jpg?t=20250315075831"
    },
    {
        "id": 18332,
        "name": "Harina Integral Paquete GALLO",
        "price": 1.71,
        "price_kilo": 1.71,
        "slug": "harina-integral-paquete",
        "description": "Harina Integral Paquete 1 Kg",
        "image": "https:\/\/cdn-consum.aktiosdigitalservices.com\/tol\/consum\/media\/product\/img\/300x300\/7310613.jpg?t=20250227092859"
    },
    {
        "id": 18333,
        "name": "Mayonesa Deliciosa Pet HEINZ",
        "price": 2.99,
        "price_kilo": 7.48,
        "slug": "mayonesa-deliciosa-pet",
        "description": "Mayonesa Deliciosa Pet 400 ml",
        "image": "https:\/\/cdn-consum.aktiosdigitalservices.com\/tol\/consum\/media\/product\/img\/300x300\/7310621.jpg?t=20250206093624"
    },
    {
        "id": 18343,
        "name": "Kinder Schokobons Bolsa KINDER",
        "price": 4.39,
        "price_kilo": 21.95,
        "slug": "kinder-schokobons-bolsa",
        "description": "Kinder Schokobons Bolsa 200 Gr",
        "image": "https:\/\/cdn-consum.aktiosdigitalservices.com\/tol\/consum\/media\/product\/img\/300x300\/7311186.jpg?t=20250311134013"
    },
    {
        "id": 18360,
        "name": "Refresco Cola Zero Zero Bipack Indivisible COCA-COLA",
        "price": 3.72,
        "price_kilo": 0.93,
        "slug": "refresco-cola-zero-zero-bipack-indivisible",
        "description": "Refresco Cola Zero Zero Bipack Indivisible 2 x 2 L",
        "image": "https:\/\/cdn-consum.aktiosdigitalservices.com\/tol\/consum\/media\/product\/img\/300x300\/7248750.jpg?t=20250227092142"
    },
    {
        "id": 18365,
        "name": "Comida Seca Gatos Esterilizados Salmon ULTIMA",
        "price": 10.5,
        "price_kilo": 7,
        "slug": "comida-seca-gatos-esterilizados-salmon",
        "description": "Comida Seca Gatos Esterilizados Salmon 1,5 Kg",
        "image": "https:\/\/cdn-consum.aktiosdigitalservices.com\/tol\/consum\/media\/product\/img\/300x300\/7308158.jpg?t=20250313080545"
    },
    {
        "id": 18372,
        "name": "Maquinilla Afeitar Hydro 5 Sense Energize WILKINSON",
        "price": 7.49,
        "price_kilo": 7.49,
        "slug": "maquinilla-afeitar-hydro-5-sense-energize",
        "description": "Maquinilla Afeitar Hydro 5 Sense Energize 1 U",
        "image": "https:\/\/cdn-consum.aktiosdigitalservices.com\/tol\/consum\/media\/product\/img\/300x300\/7309990.jpg?t=20250312160648"
    },
    {
        "id": 18394,
        "name": "Torta Aceite Sin Az\u00facar 6 Unidades INES ROSALES",
        "price": 2.99,
        "price_kilo": 16.61,
        "slug": "torta-aceite-sin-azucar-6-unidades",
        "description": "Torta Aceite Sin Az\u00facar 6 Unidades 180 Gr",
        "image": "https:\/\/cdn-consum.aktiosdigitalservices.com\/tol\/consum\/media\/product\/img\/300x300\/7311822.jpg?t=20250311110555"
    },
    {
        "id": 18399,
        "name": "Pimiento Piquillo de Lodosa Frasco DANTZA",
        "price": 4.99,
        "price_kilo": 27.72,
        "slug": "pimiento-piquillo-de-lodosa-frasco",
        "description": "Pimiento Piquillo de Lodosa Frasco 180 Gr",
        "image": "https:\/\/cdn-consum.aktiosdigitalservices.com\/tol\/consum\/media\/product\/img\/300x300\/7312119.jpg?t=20250318080325"
    },
    {
        "id": 18403,
        "name": "Lonchas Vegetarianas Hierbas Mediterr\u00e1neas CAMPOFR\u00cdO",
        "price": 1.79,
        "price_kilo": 17.9,
        "slug": "lonchas-vegetarianas-hierbas-mediterraneas",
        "description": "Lonchas Vegetarianas Hierbas Mediterr\u00e1neas 100 Gr",
        "image": "https:\/\/cdn-consum.aktiosdigitalservices.com\/tol\/consum\/media\/product\/img\/300x300\/7312440.jpg?t=20250227092905"
    },
    {
        "id": 18408,
        "name": "Chocolate a la Taza VALOR",
        "price": 4.5,
        "price_kilo": 15,
        "slug": "chocolate-a-la-taza",
        "description": "Chocolate a la Taza 300 Gr",
        "image": "https:\/\/cdn-consum.aktiosdigitalservices.com\/tol\/consum\/media\/product\/img\/300x300\/7313500.jpg?t=20250312160651"
    },
    {
        "id": 18419,
        "name": "Caf\u00e9 Refrigerado Cappuccino CONSUM",
        "price": 0.85,
        "price_kilo": 3.4,
        "slug": "cafe-refrigerado-cappuccino",
        "description": "Caf\u00e9 Refrigerado Cappuccino 250 ml",
        "image": "https:\/\/cdn-consum.aktiosdigitalservices.com\/tol\/consum\/media\/product\/img\/300x300\/7305469.jpg?t=20250220080552"
    },
    {
        "id": 18420,
        "name": "Caf\u00e9 Refrigerado Light CONSUM",
        "price": 0.85,
        "price_kilo": 3.4,
        "slug": "cafe-refrigerado-light",
        "description": "Caf\u00e9 Refrigerado Light 250 ml",
        "image": "https:\/\/cdn-consum.aktiosdigitalservices.com\/tol\/consum\/media\/product\/img\/300x300\/7305472.jpg?t=20250220080555"
    },
    {
        "id": 18421,
        "name": "Caf\u00e9 Refrigerado Macchiato CONSUM",
        "price": 0.89,
        "price_kilo": 3.56,
        "slug": "cafe-refrigerado-macchiato",
        "description": "Caf\u00e9 Refrigerado Macchiato 250 ml",
        "image": "https:\/\/cdn-consum.aktiosdigitalservices.com\/tol\/consum\/media\/product\/img\/300x300\/7305477.jpg?t=20250312125558"
    },
    {
        "id": 18422,
        "name": "Pan Rallado Ajo-Perejil CONSUM",
        "price": 0.99,
        "price_kilo": 1.98,
        "slug": "pan-rallado-ajo-perejil",
        "description": "Pan Rallado Ajo-Perejil 500 Gr",
        "image": "https:\/\/cdn-consum.aktiosdigitalservices.com\/tol\/consum\/media\/product\/img\/300x300\/7306892.jpg?t=20250228080309"
    },
    {
        "id": 18427,
        "name": "K\u00e9fir Natural NESTLE",
        "price": 1.88,
        "price_kilo": 3.76,
        "slug": "kefir-natural",
        "description": "K\u00e9fir Natural 500 Gr",
        "image": "https:\/\/cdn-consum.aktiosdigitalservices.com\/tol\/consum\/media\/product\/img\/300x300\/7310159.jpg?t=20250312125608"
    },
    {
        "id": 18428,
        "name": "Cargador Hydro 5 Skin Protection Advance WILKINSON",
        "price": 13.9,
        "price_kilo": 3.48,
        "slug": "cargador-hydro-5-skin-protection-advance",
        "description": "Cargador Hydro 5 Skin Protection Advance 4 U",
        "image": "https:\/\/cdn-consum.aktiosdigitalservices.com\/tol\/consum\/media\/product\/img\/300x300\/7310253.jpg?t=20250304111929"
    },
    {
        "id": 18437,
        "name": "Bebida de Avena Minibrick YOSOY",
        "price": 2.1,
        "price_kilo": 2.8,
        "slug": "bebida-de-avena-minibrick",
        "description": "Bebida de Avena Minibrick 3 x 250 ml",
        "image": "https:\/\/cdn-consum.aktiosdigitalservices.com\/tol\/consum\/media\/product\/img\/300x300\/7311293.jpg?t=20250311110552"
    },
    {
        "id": 18438,
        "name": "Batido Prote\u00edna Plus NATURTIERRA",
        "price": 7.59,
        "price_kilo": 25.3,
        "slug": "batido-proteina-plus",
        "description": "Batido Prote\u00edna Plus 300 Gr",
        "image": "https:\/\/cdn-consum.aktiosdigitalservices.com\/tol\/consum\/media\/product\/img\/300x300\/7311442.jpg?t=20241217081133"
    },
    {
        "id": 18439,
        "name": "C\u00e1psulas Ginkgo 80 comprimidos NATURTIERRA",
        "price": 4.65,
        "price_kilo": 4.65,
        "slug": "capsulas-ginkgo-80-comprimidos",
        "description": "C\u00e1psulas Ginkgo 80 comprimidos 1 U",
        "image": "https:\/\/cdn-consum.aktiosdigitalservices.com\/tol\/consum\/media\/product\/img\/300x300\/7311447.jpg?t=20250318080942"
    },
    {
        "id": 18453,
        "name": "Manzana Pl\u00e1tano y Yogur Solo Eco HERO",
        "price": 1.55,
        "price_kilo": 12.92,
        "slug": "manzana-platano-y-yogur-solo-eco",
        "description": "Manzana Pl\u00e1tano y Yogur Solo Eco 120 Gr",
        "image": "https:\/\/cdn-consum.aktiosdigitalservices.com\/tol\/consum\/media\/product\/img\/300x300\/7312015.jpg?t=20250313080557"
    },
    {
        "id": 18458,
        "name": "Vino Tinto Canallas D.O.Valencia ARRAEZ",
        "price": 3.99,
        "price_kilo": 5.32,
        "slug": "vino-tinto-canallas-dovalencia",
        "description": "Vino Tinto Canallas D.O.Valencia 0,75 L",
        "image": "https:\/\/cdn-consum.aktiosdigitalservices.com\/tol\/consum\/media\/product\/img\/300x300\/7312127.jpg?t=20250220080619"
    },
    {
        "id": 18459,
        "name": "Vino Blanco Canallas D.O.Valencia ARRAEZ",
        "price": 3.99,
        "price_kilo": 5.32,
        "slug": "vino-blanco-canallas-dovalencia",
        "description": "Vino Blanco Canallas D.O.Valencia 0,75 L",
        "image": "https:\/\/cdn-consum.aktiosdigitalservices.com\/tol\/consum\/media\/product\/img\/300x300\/7312130.jpg?t=20250220080621"
    },
    {
        "id": 18461,
        "name": "Quitaesmalte Extrahidratante CUTEX",
        "price": 3.39,
        "price_kilo": 1.7,
        "slug": "quitaesmalte-extrahidratante",
        "description": "Quitaesmalte Extrahidratante 200 ml",
        "image": "https:\/\/cdn-consum.aktiosdigitalservices.com\/tol\/consum\/media\/product\/img\/300x300\/7312445.jpg?t=20250304111945"
    },
    {
        "id": 18465,
        "name": "Vino Blanco Sauvignon D.O.Rueda MELIOR",
        "price": 6.45,
        "price_kilo": 8.6,
        "slug": "vino-blanco-sauvignon-dorueda",
        "description": "Vino Blanco Sauvignon D.O.Rueda 0,75 L",
        "image": "https:\/\/cdn-consum.aktiosdigitalservices.com\/tol\/consum\/media\/product\/img\/300x300\/7313336.jpg?t=20250227092911"
    },
    {
        "id": 18467,
        "name": "Cerveza sin Alcohol 0,0 Pack de 6 Botellas E.GALICIA",
        "price": 3.9,
        "price_kilo": 2.6,
        "slug": "cerveza-sin-alcohol-00-pack-de-6-botellas",
        "description": "Cerveza sin Alcohol 0,0 Pack de 6 Botellas 6 x 0,25 L",
        "image": "https:\/\/cdn-consum.aktiosdigitalservices.com\/tol\/consum\/media\/product\/img\/300x300\/7313641.jpg?t=20250313080603"
    },
    {
        "id": 18469,
        "name": "Refresco Agua Con Gas Lim\u00f3n Botella VICHY",
        "price": 1.96,
        "price_kilo": 1.63,
        "slug": "refresco-agua-con-gas-limon-botella",
        "description": "Refresco Agua Con Gas Lim\u00f3n Botella 1,2 L",
        "image": "https:\/\/cdn-consum.aktiosdigitalservices.com\/tol\/consum\/media\/product\/img\/300x300\/7314193.jpg?t=20250320080055"
    },
    {
        "id": 18504,
        "name": "Queso Oveja c\/Ajo Negro Leche Pasteurizada V.SOTUELAMOS",
        "price": 25.9,
        "price_kilo": 25.9,
        "slug": "queso-oveja-c-ajo-negro-leche-pasteurizada",
        "description": "Queso Oveja c\/Ajo Negro Leche Pasteurizada",
        "image": "https:\/\/cdn-consum.aktiosdigitalservices.com\/tol\/consum\/media\/product\/img\/300x300\/7299444.jpg?t=20250318080302"
    },
    {
        "id": 18512,
        "name": "Vino Tinto Roble D.O.Ribera del Duero VI\u00d1A MAYOR",
        "price": 6.99,
        "price_kilo": 9.32,
        "slug": "vino-tinto-roble-doribera-del-duero",
        "description": "Vino Tinto Roble D.O.Ribera del Duero 0,75 L",
        "image": "https:\/\/cdn-consum.aktiosdigitalservices.com\/tol\/consum\/media\/product\/img\/300x300\/7311038.jpg?t=20250311124756"
    },
    {
        "id": 18515,
        "name": "Manzana Deshidratada Roja Bolsa FRUBIS",
        "price": 0.89,
        "price_kilo": 4.45,
        "slug": "manzana-deshidratada-roja-bolsa",
        "description": "Manzana Deshidratada Roja Bolsa 20 Gr",
        "image": "https:\/\/cdn-consum.aktiosdigitalservices.com\/tol\/consum\/media\/product\/img\/300x300\/7311269.jpg?t=20250103081725"
    },
    {
        "id": 18520,
        "name": "Vino Tinto 10 Meses D.O.Ribera del Duero PRADOREY",
        "price": 8.99,
        "price_kilo": 11.99,
        "slug": "vino-tinto-10-meses-doribera-del-duero",
        "description": "Vino Tinto 10 Meses D.O.Ribera del Duero 0,75 L",
        "image": "https:\/\/cdn-consum.aktiosdigitalservices.com\/tol\/consum\/media\/product\/img\/300x300\/7311780.jpg?t=20250313080555"
    },
    {
        "id": 18618,
        "name": "Arroz Redondo Extra Paquete EMBAJADOR",
        "price": 1.97,
        "price_kilo": 1.97,
        "slug": "arroz-redondo-extra-paquete",
        "description": "Arroz Redondo Extra Paquete 1 Kg",
        "image": "https:\/\/cdn-consum.aktiosdigitalservices.com\/tol\/consum\/media\/product\/img\/300x300\/7180263.jpg?t=20250320075906"
    },
    {
        "id": 18676,
        "name": "Nuggets Veganos GARDEN GOURM",
        "price": 2.8,
        "price_kilo": 14,
        "slug": "nuggets-veganos",
        "description": "Nuggets Veganos 200 Gr",
        "image": "https:\/\/cdn-consum.aktiosdigitalservices.com\/tol\/consum\/media\/product\/img\/300x300\/7269942.jpg?t=20250312125505"
    },
    {
        "id": 18678,
        "name": "Bocaditos Braseados Vegetarianos GARDEN GOURM",
        "price": 3.29,
        "price_kilo": 18.8,
        "slug": "bocaditos-braseados-vegetarianos",
        "description": "Bocaditos Braseados Vegetarianos 175 Gr",
        "image": "https:\/\/cdn-consum.aktiosdigitalservices.com\/tol\/consum\/media\/product\/img\/300x300\/7269962.jpg?t=20250312125507"
    },
    {
        "id": 18705,
        "name": "Ensalada Completa Queso de cabra DIQUES\u00cd",
        "price": 3.35,
        "price_kilo": 23.1,
        "slug": "ensalada-completa-queso-de-cabra",
        "description": "Ensalada Completa Queso de cabra 145 Gr",
        "image": "https:\/\/cdn-consum.aktiosdigitalservices.com\/tol\/consum\/media\/product\/img\/300x300\/7303691.jpg?t=20250320080050"
    },
    {
        "id": 18706,
        "name": "Aceite de Oliva Virgen Extra Ecol\u00f3gico CONSUM ECO",
        "price": 4.75,
        "price_kilo": 9.5,
        "slug": "aceite-de-oliva-virgen-extra-ecologico",
        "description": "Aceite de Oliva Virgen Extra Ecol\u00f3gico 500 ml",
        "image": "https:\/\/cdn-consum.aktiosdigitalservices.com\/tol\/consum\/media\/product\/img\/300x300\/7304397.jpg?t=20250311124749"
    },
    {
        "id": 18707,
        "name": "Colonia Hombre SPRINGFIELD",
        "price": 13.9,
        "price_kilo": 6.95,
        "slug": "colonia-hombre",
        "description": "Colonia Hombre 200 ml",
        "image": "https:\/\/cdn-consum.aktiosdigitalservices.com\/tol\/consum\/media\/product\/img\/300x300\/7304413.jpg?t=20241217081129"
    },
    {
        "id": 18708,
        "name": "Rosca R\u00fastica de Lomo DE ORO",
        "price": 3,
        "price_kilo": 6.25,
        "slug": "rosca-rustica-de-lomo",
        "description": "Rosca R\u00fastica de Lomo 480 Gr",
        "image": "https:\/\/cdn-consum.aktiosdigitalservices.com\/tol\/consum\/media\/product\/img\/300x300\/7305907.jpg?t=20250227092823"
    },
    {
        "id": 18715,
        "name": "Salsa Ligera Tarro CONSUM",
        "price": 1.2,
        "price_kilo": 2.67,
        "slug": "salsa-ligera-tarro",
        "description": "Salsa Ligera Tarro 450 ml",
        "image": "https:\/\/cdn-consum.aktiosdigitalservices.com\/tol\/consum\/media\/product\/img\/300x300\/7309367.jpg?t=20250220080610"
    },
    {
        "id": 18716,
        "name": "K\u00e9tchup CONSUM",
        "price": 1.15,
        "price_kilo": 2.05,
        "slug": "ketchup",
        "description": "K\u00e9tchup 560 Gr",
        "image": "https:\/\/cdn-consum.aktiosdigitalservices.com\/tol\/consum\/media\/product\/img\/300x300\/7309383.jpg?t=20241217081132"
    },
    {
        "id": 18717,
        "name": "Salsa C\u00e9sar CONSUM",
        "price": 1.35,
        "price_kilo": 4.5,
        "slug": "salsa-cesar",
        "description": "Salsa C\u00e9sar 300 ml",
        "image": "https:\/\/cdn-consum.aktiosdigitalservices.com\/tol\/consum\/media\/product\/img\/300x300\/7309404.jpg?t=20250313080549"
    },
    {
        "id": 18718,
        "name": "Salsa Yogur CONSUM",
        "price": 1.15,
        "price_kilo": 3.83,
        "slug": "salsa-yogur",
        "description": "Salsa Yogur 300 ml",
        "image": "https:\/\/cdn-consum.aktiosdigitalservices.com\/tol\/consum\/media\/product\/img\/300x300\/7309412.jpg?t=20250213080157"
    },
    {
        "id": 18738,
        "name": "Tamp\u00f3n Super Plus OB",
        "price": 3.79,
        "price_kilo": 0.24,
        "slug": "tampon-super-plus",
        "description": "Tamp\u00f3n Super Plus 16 U",
        "image": "https:\/\/cdn-consum.aktiosdigitalservices.com\/tol\/consum\/media\/product\/img\/300x300\/7312341.jpg?t=20250318080942"
    },
    {
        "id": 18740,
        "name": "Hoops Glaseados 2 Unidades ",
        "price": 0.79,
        "price_kilo": 7.9,
        "slug": "hoops-glaseados-2-unidades",
        "description": "Hoops Glaseados 2 Unidades 100 Gr",
        "image": "https:\/\/cdn-consum.aktiosdigitalservices.com\/tol\/consum\/media\/product\/img\/300x300\/7313158.jpg?t=20250218080721"
    },
    {
        "id": 18741,
        "name": "Hoops Bomb\u00f3n 2 Unidades ",
        "price": 0.85,
        "price_kilo": 7.73,
        "slug": "hoops-bombon-2-unidades",
        "description": "Hoops Bomb\u00f3n 2 Unidades 110 Gr",
        "image": "https:\/\/cdn-consum.aktiosdigitalservices.com\/tol\/consum\/media\/product\/img\/300x300\/7313166.jpg?t=20250218080723"
    },
    {
        "id": 18745,
        "name": "Vino Tinto Reserva D.O.Ribera del Duero DEHES.VIEJAS",
        "price": 6,
        "price_kilo": 8,
        "slug": "vino-tinto-reserva-doribera-del-duero",
        "description": "Vino Tinto Reserva D.O.Ribera del Duero 0,75 L",
        "image": "https:\/\/cdn-consum.aktiosdigitalservices.com\/tol\/consum\/media\/product\/img\/300x300\/7314396.jpg?t=20250311164607"
    },
    {
        "id": 18748,
        "name": "Pizza Tartufina Jam\u00f3n y Salsa de Trufa GUAPIZZIMA",
        "price": 3.99,
        "price_kilo": 9.07,
        "slug": "pizza-tartufina-jamon-y-salsa-de-trufa",
        "description": "Pizza Tartufina Jam\u00f3n y Salsa de Trufa 430 Gr",
        "image": "https:\/\/cdn-consum.aktiosdigitalservices.com\/tol\/consum\/media\/product\/img\/300x300\/7314669.jpg?t=20241217081134"
    },
    {
        "id": 18751,
        "name": "Clips Met\u00e1licos PONETTE",
        "price": 1.99,
        "price_kilo": 1.99,
        "slug": "clips-metalicos",
        "description": "Clips Met\u00e1licos 1 U",
        "image": "https:\/\/cdn-consum.aktiosdigitalservices.com\/tol\/consum\/media\/product\/img\/300x300\/7314771.jpg?t=20241217081134"
    },
    {
        "id": 18752,
        "name": "Caf\u00e9 con Leche Deliss Botell\u00edn PULEVA",
        "price": 1.27,
        "price_kilo": 5.77,
        "slug": "cafe-con-leche-deliss-botellin",
        "description": "Caf\u00e9 con Leche Deliss Botell\u00edn 220 ml",
        "image": "https:\/\/cdn-consum.aktiosdigitalservices.com\/tol\/consum\/media\/product\/img\/300x300\/7314805.jpg?t=20250311164607"
    },
    {
        "id": 18753,
        "name": "Caf\u00e9 con Leche Cappucino Botell\u00edn PULEVA",
        "price": 1.27,
        "price_kilo": 5.77,
        "slug": "cafe-con-leche-cappucino-botellin",
        "description": "Caf\u00e9 con Leche Cappucino Botell\u00edn 220 ml",
        "image": "https:\/\/cdn-consum.aktiosdigitalservices.com\/tol\/consum\/media\/product\/img\/300x300\/7314813.jpg?t=20250311110618"
    },
    {
        "id": 18769,
        "name": "Empapadores mascotas Medida 60x60 MASCOTY",
        "price": 1.99,
        "price_kilo": 0.4,
        "slug": "empapadores-mascotas-medida-60x60",
        "description": "Empapadores mascotas Medida 60x60 5 U",
        "image": "https:\/\/cdn-consum.aktiosdigitalservices.com\/tol\/consum\/media\/product\/img\/300x300\/7281822.jpg?t=20241217081114"
    },
    {
        "id": 18779,
        "name": "Pila S\u00faper Alcalina AAA Blister 4+2 Gratis CEGASA",
        "price": 3.79,
        "price_kilo": 0.63,
        "slug": "pila-super-alcalina-aaa-blister-42-gratis",
        "description": "Pila S\u00faper Alcalina AAA Blister 4+2 Gratis 1 U",
        "image": "https:\/\/cdn-consum.aktiosdigitalservices.com\/tol\/consum\/media\/product\/img\/300x300\/7311046.jpg?t=20250318080321"
    },
    {
        "id": 18780,
        "name": "Pila S\u00faper Alcalina AA Blister 4+2 Gratis CEGASA",
        "price": 3.79,
        "price_kilo": 0.63,
        "slug": "pila-super-alcalina-aa-blister-42-gratis",
        "description": "Pila S\u00faper Alcalina AA Blister 4+2 Gratis 1 U",
        "image": "https:\/\/cdn-consum.aktiosdigitalservices.com\/tol\/consum\/media\/product\/img\/300x300\/7311053.jpg?t=20250318080323"
    },
    {
        "id": 18802,
        "name": "Toallitas \u00cdntimas SALUSTAR",
        "price": 1.29,
        "price_kilo": 0.11,
        "slug": "toallitas-intimas",
        "description": "Toallitas \u00cdntimas 12 U",
        "image": "https:\/\/cdn-consum.aktiosdigitalservices.com\/tol\/consum\/media\/product\/img\/300x300\/7315273.jpg?t=20250320080058"
    },
    {
        "id": 18804,
        "name": "Coquetas de Cacahuete ",
        "price": 2.29,
        "price_kilo": 11.45,
        "slug": "coquetas-de-cacahuete",
        "description": "Coquetas de Cacahuete 200 Gr",
        "image": "https:\/\/cdn-consum.aktiosdigitalservices.com\/tol\/consum\/media\/product\/img\/300x300\/7315666.jpg?t=20250312125610"
    },
    {
        "id": 18814,
        "name": "Mayonesa Pet CONSUM",
        "price": 1.4,
        "price_kilo": 2.8,
        "slug": "mayonesa-pet",
        "description": "Mayonesa Pet 500 ml",
        "image": "https:\/\/cdn-consum.aktiosdigitalservices.com\/tol\/consum\/media\/product\/img\/300x300\/7309347.jpg?t=20250212080054"
    },
    {
        "id": 18816,
        "name": "Mostaza CONSUM",
        "price": 1.3,
        "price_kilo": 4.33,
        "slug": "mostaza",
        "description": "Mostaza 300 Gr",
        "image": "https:\/\/cdn-consum.aktiosdigitalservices.com\/tol\/consum\/media\/product\/img\/300x300\/7309391.jpg?t=20250227092850"
    },
    {
        "id": 18818,
        "name": "Crema Cacao Chocoleche Vaso Cristal NOCILLA",
        "price": 3.85,
        "price_kilo": 10.69,
        "slug": "crema-cacao-chocoleche-vaso-cristal",
        "description": "Crema Cacao Chocoleche Vaso Cristal 360 Gr",
        "image": "https:\/\/cdn-consum.aktiosdigitalservices.com\/tol\/consum\/media\/product\/img\/300x300\/7314151.jpg?t=20250311134026"
    },
    {
        "id": 18838,
        "name": "Agua de Coco 100% Botella TESORO NATUR",
        "price": 2.6,
        "price_kilo": 2.6,
        "slug": "agua-de-coco-100-botella",
        "description": "Agua de Coco 100% Botella 1 L",
        "image": "https:\/\/cdn-consum.aktiosdigitalservices.com\/tol\/consum\/media\/product\/img\/300x300\/7315257.jpg?t=20250311164607"
    },
    {
        "id": 18846,
        "name": "Queso Cabra Rulo Unidad PRESIDENT",
        "price": 3.51,
        "price_kilo": 19.5,
        "slug": "queso-cabra-rulo-unidad",
        "description": "Queso Cabra Rulo Unidad 180 Gr",
        "image": "https:\/\/cdn-consum.aktiosdigitalservices.com\/tol\/consum\/media\/product\/img\/300x300\/7315661.jpg?t=20250227092924"
    },
    {
        "id": 18847,
        "name": "Ambientador El\u00e9ctrico Delicias Verano Rec. AIR WICK",
        "price": 4.15,
        "price_kilo": 4.15,
        "slug": "ambientador-electrico-delicias-verano-rec",
        "description": "Ambientador El\u00e9ctrico Delicias Verano Rec. 1 U",
        "image": "https:\/\/cdn-consum.aktiosdigitalservices.com\/tol\/consum\/media\/product\/img\/300x300\/7315729.jpg?t=20250312092800"
    },
    {
        "id": 18849,
        "name": "Palito Queso y Anchoa 4 Unidades ",
        "price": 1.49,
        "price_kilo": 14.19,
        "slug": "palito-queso-y-anchoa-4-unidades",
        "description": "Palito Queso y Anchoa 4 Unidades 105 Gr",
        "image": "https:\/\/cdn-consum.aktiosdigitalservices.com\/tol\/consum\/media\/product\/img\/300x300\/7315950.jpg?t=20250314121544"
    },
    {
        "id": 18853,
        "name": "Salchichas Frankfurt 2 Unidades CONSUM",
        "price": 2.62,
        "price_kilo": 6.55,
        "slug": "salchichas-frankfurt-2-unidades",
        "description": "Salchichas Frankfurt 2 Unidades 2 x 200 Gr",
        "image": "https:\/\/cdn-consum.aktiosdigitalservices.com\/tol\/consum\/media\/product\/img\/300x300\/7269587.jpg?t=20250318080223"
    },
    {
        "id": 18854,
        "name": "Salchichas Viena 2 Unidades CONSUM",
        "price": 1.7,
        "price_kilo": 4.86,
        "slug": "salchichas-viena-2-unidades",
        "description": "Salchichas Viena 2 Unidades 2 x 175 Gr",
        "image": "https:\/\/cdn-consum.aktiosdigitalservices.com\/tol\/consum\/media\/product\/img\/300x300\/7269603.jpg?t=20250318080225"
    },
    {
        "id": 18858,
        "name": "Mayonesa Tarro CONSUM",
        "price": 1.2,
        "price_kilo": 2.67,
        "slug": "mayonesa-tarro",
        "description": "Mayonesa Tarro 450 ml",
        "image": "https:\/\/cdn-consum.aktiosdigitalservices.com\/tol\/consum\/media\/product\/img\/300x300\/7309359.jpg?t=20250312092759"
    },
    {
        "id": 18861,
        "name": "Crema Depilatoria Rostro y zonas Delicadas BODY NATUR",
        "price": 2.75,
        "price_kilo": 13.75,
        "slug": "crema-depilatoria-rostro-y-zonas-delicadas",
        "description": "Crema Depilatoria Rostro y zonas Delicadas 20 ml",
        "image": "https:\/\/cdn-consum.aktiosdigitalservices.com\/tol\/consum\/media\/product\/img\/300x300\/7310423.jpg?t=20250213080200"
    },
    {
        "id": 18865,
        "name": "Comida H\u00fameda Gato Salm\u00f3n-Pavo ONE",
        "price": 2.7,
        "price_kilo": 7.94,
        "slug": "comida-humeda-gato-salmon-pavo",
        "description": "Comida H\u00fameda Gato Salm\u00f3n-Pavo 4 x 85 Gr",
        "image": "https:\/\/cdn-consum.aktiosdigitalservices.com\/tol\/consum\/media\/product\/img\/300x300\/7313034.jpg?t=20250313080601"
    },
    {
        "id": 18866,
        "name": "Vino Tinto Crianza D.O.Rioja AZPILICUETA",
        "price": 5.49,
        "price_kilo": 14.64,
        "slug": "vino-tinto-crianza-dorioja",
        "description": "Vino Tinto Crianza D.O.Rioja 0,37 L",
        "image": "https:\/\/cdn-consum.aktiosdigitalservices.com\/tol\/consum\/media\/product\/img\/300x300\/7314219.jpg?t=20250121080459"
    },
    {
        "id": 18870,
        "name": "Vino Blanco Roble D.O.Somontano SOMMOS",
        "price": 5.99,
        "price_kilo": 7.99,
        "slug": "vino-blanco-roble-dosomontano",
        "description": "Vino Blanco Roble D.O.Somontano 0,75 L",
        "image": "https:\/\/cdn-consum.aktiosdigitalservices.com\/tol\/consum\/media\/product\/img\/300x300\/7314433.jpg?t=20250311124806"
    },
    {
        "id": 18872,
        "name": "Filete Anchoa Cant\u00e1brico Aceite Girasol MSC Tarro REVUELTA",
        "price": 3.99,
        "price_kilo": 72.55,
        "slug": "filete-anchoa-cantabrico-aceite-girasol-msc-tarro",
        "description": "Filete Anchoa Cant\u00e1brico Aceite Girasol MSC Tarro 55 Gr",
        "image": "https:\/\/cdn-consum.aktiosdigitalservices.com\/tol\/consum\/media\/product\/img\/300x300\/7315786.jpg?t=20241217081135"
    },
    {
        "id": 18873,
        "name": "Filete Anchoa Cant\u00e1brico MSC en Aceite Oliva REVUELTA",
        "price": 2.49,
        "price_kilo": 8.3,
        "slug": "filete-anchoa-cantabrico-msc-en-aceite-oliva",
        "description": "Filete Anchoa Cant\u00e1brico MSC en Aceite Oliva 30 Gr",
        "image": "https:\/\/cdn-consum.aktiosdigitalservices.com\/tol\/consum\/media\/product\/img\/300x300\/7315794.jpg?t=20250312160656"
    },
    {
        "id": 18887,
        "name": "Salsa Cocktail CONSUM",
        "price": 0.99,
        "price_kilo": 3.3,
        "slug": "salsa-cocktail",
        "description": "Salsa Cocktail 300 ml",
        "image": "https:\/\/cdn-consum.aktiosdigitalservices.com\/tol\/consum\/media\/product\/img\/300x300\/7309409.jpg?t=20250109102219"
    },
    {
        "id": 18891,
        "name": "Crema Decolorante Rostro y Cuerpo BODY NATUR",
        "price": 4.29,
        "price_kilo": 4.29,
        "slug": "crema-decolorante-rostro-y-cuerpo",
        "description": "Crema Decolorante Rostro y Cuerpo 100 ml",
        "image": "https:\/\/cdn-consum.aktiosdigitalservices.com\/tol\/consum\/media\/product\/img\/300x300\/7310449.jpg?t=20250311164606"
    },
    {
        "id": 18895,
        "name": "Soja Texturizada Paquete ESGIR",
        "price": 2.59,
        "price_kilo": 7.4,
        "slug": "soja-texturizada-paquete",
        "description": "Soja Texturizada Paquete 350 Gr",
        "image": "https:\/\/cdn-consum.aktiosdigitalservices.com\/tol\/consum\/media\/product\/img\/300x300\/7312049.jpg?t=20250109102300"
    },
    {
        "id": 18897,
        "name": "Crema de Cacao Original Vaso Cristal NOCILLA",
        "price": 3.85,
        "price_kilo": 10.69,
        "slug": "crema-de-cacao-original-vaso-cristal",
        "description": "Crema de Cacao Original Vaso Cristal 360 Gr",
        "image": "https:\/\/cdn-consum.aktiosdigitalservices.com\/tol\/consum\/media\/product\/img\/300x300\/7314131.jpg?t=20250311134019"
    },
    {
        "id": 18902,
        "name": "Crema color Tono Medio BELLA AURORA",
        "price": 18.5,
        "price_kilo": 61.67,
        "slug": "crema-color-tono-medio",
        "description": "Crema color Tono Medio 30 ml",
        "image": "https:\/\/cdn-consum.aktiosdigitalservices.com\/tol\/consum\/media\/product\/img\/300x300\/7315265.jpg?t=20250211080614"
    },
    {
        "id": 18905,
        "name": "Compresa Maxi Sin Alas Fina&Segura EVAX",
        "price": 1.75,
        "price_kilo": 0.13,
        "slug": "compresa-maxi-sin-alas-finasegura",
        "description": "Compresa Maxi Sin Alas Fina&Segura 13 U",
        "image": "https:\/\/cdn-consum.aktiosdigitalservices.com\/tol\/consum\/media\/product\/img\/300x300\/7315430.jpg?t=20241217081135"
    },
    {
        "id": 18911,
        "name": "Refresco Cola Zero Zero Pet COCA-COLA",
        "price": 1.49,
        "price_kilo": 2.98,
        "slug": "refresco-cola-zero-zero-pet",
        "description": "Refresco Cola Zero Zero Pet 0,5 L",
        "image": "https:\/\/cdn-consum.aktiosdigitalservices.com\/tol\/consum\/media\/product\/img\/300x300\/7316123.jpg?t=20250228080330"
    },
    {
        "id": 18915,
        "name": "Crema Suavizante Total Repair ELVIVE",
        "price": 4.19,
        "price_kilo": 1.4,
        "slug": "crema-suavizante-total-repair",
        "description": "Crema Suavizante Total Repair 300 ml",
        "image": "https:\/\/cdn-consum.aktiosdigitalservices.com\/tol\/consum\/media\/product\/img\/300x300\/7316271.jpg?t=20250312160700"
    },
    {
        "id": 18916,
        "name": "Acondicionador Color Vive ELVIVE",
        "price": 3.35,
        "price_kilo": 1.12,
        "slug": "acondicionador-color-vive",
        "description": "Acondicionador Color Vive 300 ml",
        "image": "https:\/\/cdn-consum.aktiosdigitalservices.com\/tol\/consum\/media\/product\/img\/300x300\/7316284.jpg?t=20250312160702"
    },
    {
        "id": 18947,
        "name": "Pistacho con C\u00e1scara Crudo Bolsa CONSUM",
        "price": 2.59,
        "price_kilo": 17.27,
        "slug": "pistacho-con-cascara-crudo-bolsa",
        "description": "Pistacho con C\u00e1scara Crudo Bolsa 150 Gr",
        "image": "https:\/\/cdn-consum.aktiosdigitalservices.com\/tol\/consum\/media\/product\/img\/300x300\/7292266.jpg?t=20250103081550"
    },
    {
        "id": 18958,
        "name": "Pi\u00f1a Del Monte Partida DEL MONTE",
        "price": 3.41,
        "price_kilo": 3.24,
        "slug": "pina-del-monte-partida",
        "description": "Pi\u00f1a Del Monte Partida",
        "image": "https:\/\/cdn-consum.aktiosdigitalservices.com\/tol\/consum\/media\/product\/img\/300x300\/7309888.jpg?t=20250319075912"
    },
    {
        "id": 18961,
        "name": "Vino Tinto Roble D.O.Somontano SOMMOS",
        "price": 5.99,
        "price_kilo": 7.99,
        "slug": "vino-tinto-roble-dosomontano",
        "description": "Vino Tinto Roble D.O.Somontano 0,75 L",
        "image": "https:\/\/cdn-consum.aktiosdigitalservices.com\/tol\/consum\/media\/product\/img\/300x300\/7314420.jpg?t=20250227092922"
    },
    {
        "id": 18991,
        "name": "Carb\u00f3n Vegetal Premium Bolsa BRIQUET SUR",
        "price": 3.95,
        "price_kilo": 1.32,
        "slug": "carbon-vegetal-premium-bolsa",
        "description": "Carb\u00f3n Vegetal Premium Bolsa 3 Kg",
        "image": "https:\/\/cdn-consum.aktiosdigitalservices.com\/tol\/consum\/media\/product\/img\/300x300\/7316644.jpg?t=20250312092800"
    },
    {
        "id": 18995,
        "name": "Burger Ternera Gallega COREN",
        "price": 3.99,
        "price_kilo": 16.63,
        "slug": "burger-ternera-gallega",
        "description": "Burger Ternera Gallega 240 Gr",
        "image": "https:\/\/cdn-consum.aktiosdigitalservices.com\/tol\/consum\/media\/product\/img\/300x300\/7316920.jpg?t=20250121080503"
    },
    {
        "id": 18996,
        "name": "Bicarbonato 1 Kg EL VESUBIO",
        "price": 1.5,
        "price_kilo": 1.5,
        "slug": "bicarbonato-1-kg",
        "description": "Bicarbonato 1 Kg 1 Kg",
        "image": "https:\/\/cdn-consum.aktiosdigitalservices.com\/tol\/consum\/media\/product\/img\/300x300\/7317162.jpg?t=20250311134030"
    },
    {
        "id": 18997,
        "name": "Burrata Vassetto SPIGA",
        "price": 2.9,
        "price_kilo": 23.2,
        "slug": "burrata-vassetto",
        "description": "Burrata Vassetto 125 Gr",
        "image": "https:\/\/cdn-consum.aktiosdigitalservices.com\/tol\/consum\/media\/product\/img\/300x300\/7317170.jpg?t=20250318080942"
    },
    {
        "id": 18998,
        "name": "Jugo de Coco Ligero para Cocinar Lata AMPRO",
        "price": 1.69,
        "price_kilo": 4.23,
        "slug": "jugo-de-coco-ligero-para-cocinar-lata",
        "description": "Jugo de Coco Ligero para Cocinar Lata 400 ml",
        "image": "https:\/\/cdn-consum.aktiosdigitalservices.com\/tol\/consum\/media\/product\/img\/300x300\/7317238.jpg?t=20250311110629"
    },
    {
        "id": 18999,
        "name": "Pizza Jam\u00f3n y Queso sin Gluten y sin Lactosa TARRADELLAS",
        "price": 3.39,
        "price_kilo": 8.07,
        "slug": "pizza-jamon-y-queso-sin-gluten-y-sin-lactosa",
        "description": "Pizza Jam\u00f3n y Queso sin Gluten y sin Lactosa 420 Gr",
        "image": "https:\/\/cdn-consum.aktiosdigitalservices.com\/tol\/consum\/media\/product\/img\/300x300\/7317246.jpg?t=20241217081137"
    },
    {
        "id": 19000,
        "name": "Queso Pok A\u00f1ejo Ya cortado G.BAQUERO",
        "price": 5.45,
        "price_kilo": 27.25,
        "slug": "queso-pok-anejo-ya-cortado",
        "description": "Queso Pok A\u00f1ejo Ya cortado 200 Gr",
        "image": "https:\/\/cdn-consum.aktiosdigitalservices.com\/tol\/consum\/media\/product\/img\/300x300\/7317287.jpg?t=20250206093716"
    },
    {
        "id": 19001,
        "name": "Queso Tierno Ya Cortado G.BAQUERO",
        "price": 4.35,
        "price_kilo": 19.33,
        "slug": "queso-tierno-ya-cortado",
        "description": "Queso Tierno Ya Cortado 225 Gr",
        "image": "https:\/\/cdn-consum.aktiosdigitalservices.com\/tol\/consum\/media\/product\/img\/300x300\/7317295.jpg?t=20250312160704"
    },
    {
        "id": 19010,
        "name": "Calamar ",
        "price": 9.95,
        "price_kilo": 9.95,
        "slug": "calamar",
        "description": "Calamar",
        "image": "https:\/\/cdn-consum.aktiosdigitalservices.com\/tol\/consum\/media\/product\/img\/300x300\/7209497.jpg?t=20250312125344"
    },
    {
        "id": 19012,
        "name": "Corvina Crianza Espa\u00f1a Entera o mitades REX",
        "price": 16.15,
        "price_kilo": 11.95,
        "slug": "corvina-crianza-espana-entera-o-mitades",
        "description": "Corvina Crianza Espa\u00f1a Entera o mitades",
        "image": "https:\/\/cdn-consum.aktiosdigitalservices.com\/tol\/consum\/media\/product\/img\/300x300\/7214836.jpg?t=20250317075755"
    },
    {
        "id": 19015,
        "name": "Carabinero Med. 12-15 Piezas Caja CRUZADO",
        "price": 39,
        "price_kilo": 78,
        "slug": "carabinero-med-12-15-piezas-caja",
        "description": "Carabinero Med. 12-15 Piezas Caja 500 Gr- Congelado",
        "image": "https:\/\/cdn-consum.aktiosdigitalservices.com\/tol\/consum\/media\/product\/img\/300x300\/7247422.jpg?t=20250318080203"
    },
    {
        "id": 19038,
        "name": "Masa de Hojaldre con Mantequilla TARRADELLAS",
        "price": 1.59,
        "price_kilo": 6.12,
        "slug": "masa-de-hojaldre-con-mantequilla",
        "description": "Masa de Hojaldre con Mantequilla 260 Gr",
        "image": "https:\/\/cdn-consum.aktiosdigitalservices.com\/tol\/consum\/media\/product\/img\/300x300\/7281967.jpg?t=20241217081114"
    },
    {
        "id": 19046,
        "name": "Vino Blanco D.O.Valencia LA TRACA",
        "price": 3.99,
        "price_kilo": 5.32,
        "slug": "vino-blanco-dovalencia",
        "description": "Vino Blanco D.O.Valencia 0,75 L",
        "image": "https:\/\/cdn-consum.aktiosdigitalservices.com\/tol\/consum\/media\/product\/img\/300x300\/7314888.jpg?t=20250311164607"
    },
    {
        "id": 19047,
        "name": "Arroz Salvaje y Basmati vasitos BRILLANTE",
        "price": 1.65,
        "price_kilo": 6.6,
        "slug": "arroz-salvaje-y-basmati-vasitos",
        "description": "Arroz Salvaje y Basmati vasitos 2 x 125 Gr",
        "image": "https:\/\/cdn-consum.aktiosdigitalservices.com\/tol\/consum\/media\/product\/img\/300x300\/7315047.jpg?t=20250312092800"
    },
    {
        "id": 19050,
        "name": "Cereales Mix Variety Pack de 6 NESTLE",
        "price": 4.2,
        "price_kilo": 22.11,
        "slug": "cereales-mix-variety-pack-de-6",
        "description": "Cereales Mix Variety Pack de 6 190 Gr",
        "image": "https:\/\/cdn-consum.aktiosdigitalservices.com\/tol\/consum\/media\/product\/img\/300x300\/7316008.jpg?t=20250311110623"
    },
    {
        "id": 19051,
        "name": "Tomate Frito Casero Lata Pack de 3 SOLIS",
        "price": 2.15,
        "price_kilo": 7.17,
        "slug": "tomate-frito-casero-lata-pack-de-3",
        "description": "Tomate Frito Casero Lata Pack de 3 3 x 100 Gr",
        "image": "https:\/\/cdn-consum.aktiosdigitalservices.com\/tol\/consum\/media\/product\/img\/300x300\/7316086.jpg?t=20250109102353"
    },
    {
        "id": 19057,
        "name": "Relleno Empanadas Frasco HIDA",
        "price": 2.4,
        "price_kilo": 8.28,
        "slug": "relleno-empanadas-frasco",
        "description": "Relleno Empanadas Frasco 290 Gr",
        "image": "https:\/\/cdn-consum.aktiosdigitalservices.com\/tol\/consum\/media\/product\/img\/300x300\/7316458.jpg?t=20250206093711"
    },
    {
        "id": 19059,
        "name": "Briqueta Carb\u00f3n Premium BRIQUET SUR",
        "price": 4.39,
        "price_kilo": 1.46,
        "slug": "briqueta-carbon-premium",
        "description": "Briqueta Carb\u00f3n Premium 3 Kg",
        "image": "https:\/\/cdn-consum.aktiosdigitalservices.com\/tol\/consum\/media\/product\/img\/300x300\/7316651.jpg?t=20241217081137"
    },
    {
        "id": 19063,
        "name": "Pizza Pollo y Bac\u00f3n con Masa 5 Semillas TARRADELLAS",
        "price": 3.19,
        "price_kilo": 7.78,
        "slug": "pizza-pollo-y-bacon-con-masa-5-semillas",
        "description": "Pizza Pollo y Bac\u00f3n con Masa 5 Semillas 410 Gr",
        "image": "https:\/\/cdn-consum.aktiosdigitalservices.com\/tol\/consum\/media\/product\/img\/300x300\/7317253.jpg?t=20241217081137"
    },
    {
        "id": 19067,
        "name": "Queso Fresco Servilleta CAPRILLICE",
        "price": 2.79,
        "price_kilo": 11.16,
        "slug": "queso-fresco-servilleta",
        "description": "Queso Fresco Servilleta 250 Gr",
        "image": "https:\/\/cdn-consum.aktiosdigitalservices.com\/tol\/consum\/media\/product\/img\/300x300\/7317436.jpg?t=20250103081801"
    },
    {
        "id": 19069,
        "name": "Pastillas Activas Cloro m\u00e1s Detergente 40 KIDEL",
        "price": 1.99,
        "price_kilo": 0.05,
        "slug": "pastillas-activas-cloro-mas-detergente-40",
        "description": "Pastillas Activas Cloro m\u00e1s Detergente 40 1 U",
        "image": "https:\/\/cdn-consum.aktiosdigitalservices.com\/tol\/consum\/media\/product\/img\/300x300\/7317535.jpg?t=20250204081056"
    },
    {
        "id": 19084,
        "name": "Tomate Frito Ecol\u00f3gico Frasco CONSUM ECO",
        "price": 1.99,
        "price_kilo": 6.86,
        "slug": "tomate-frito-ecologico-frasco",
        "description": "Tomate Frito Ecol\u00f3gico Frasco 290 Gr",
        "image": "https:\/\/cdn-consum.aktiosdigitalservices.com\/tol\/consum\/media\/product\/img\/300x300\/7306959.jpg?t=20241217081130"
    },
    {
        "id": 19087,
        "name": "Crema de Cacao Original Vaso  Cristal NOCILLA",
        "price": 2.69,
        "price_kilo": 14.94,
        "slug": "crema-de-cacao-original-vaso-cristal",
        "description": "Crema de Cacao Original Vaso  Cristal 180 Gr",
        "image": "https:\/\/cdn-consum.aktiosdigitalservices.com\/tol\/consum\/media\/product\/img\/300x300\/7314136.jpg?t=20250311134022"
    },
    {
        "id": 19088,
        "name": "Crema Cacao Chocoleche Vaso Cristal NOCILLA",
        "price": 2.69,
        "price_kilo": 14.94,
        "slug": "crema-cacao-chocoleche-vaso-cristal",
        "description": "Crema Cacao Chocoleche Vaso Cristal 180 Gr",
        "image": "https:\/\/cdn-consum.aktiosdigitalservices.com\/tol\/consum\/media\/product\/img\/300x300\/7314149.jpg?t=20250311134024"
    },
    {
        "id": 19097,
        "name": "Tonyina de Sorra Lonchas en Aceite ANGOMAR",
        "price": 2.49,
        "price_kilo": 49.8,
        "slug": "tonyina-de-sorra-lonchas-en-aceite",
        "description": "Tonyina de Sorra Lonchas en Aceite 50 Gr",
        "image": "https:\/\/cdn-consum.aktiosdigitalservices.com\/tol\/consum\/media\/product\/img\/300x300\/7316904.jpg?t=20241217081137"
    },
    {
        "id": 19098,
        "name": "Cacao Soluble con Fibra 0% Az\u00facar COLA CAO",
        "price": 4.39,
        "price_kilo": 14.63,
        "slug": "cacao-soluble-con-fibra-0-azucar",
        "description": "Cacao Soluble con Fibra 0% Az\u00facar 300 Gr",
        "image": "https:\/\/cdn-consum.aktiosdigitalservices.com\/tol\/consum\/media\/product\/img\/300x300\/7317188.jpg?t=20250311160841"
    },
    {
        "id": 19102,
        "name": "Queso Old Amsterdam Cortadas WESTLAND",
        "price": 5.15,
        "price_kilo": 25.75,
        "slug": "queso-old-amsterdam-cortadas",
        "description": "Queso Old Amsterdam Cortadas 200 Gr",
        "image": "https:\/\/cdn-consum.aktiosdigitalservices.com\/tol\/consum\/media\/product\/img\/300x300\/7317311.jpg?t=20250311134033"
    },
    {
        "id": 19110,
        "name": "Pollo Asado al Horno Lonchas CARLOTE\u00d1A",
        "price": 2.25,
        "price_kilo": 15,
        "slug": "pollo-asado-al-horno-lonchas",
        "description": "Pollo Asado al Horno Lonchas 150 Gr",
        "image": "https:\/\/cdn-consum.aktiosdigitalservices.com\/tol\/consum\/media\/product\/img\/300x300\/7317675.jpg?t=20250320080101"
    },
    {
        "id": 19123,
        "name": "Jam\u00f3n Cocido Extra Finas Lonchas CONSUM",
        "price": 1.64,
        "price_kilo": 10.25,
        "slug": "jamon-cocido-extra-finas-lonchas",
        "description": "Jam\u00f3n Cocido Extra Finas Lonchas 160 Gr",
        "image": "https:\/\/cdn-consum.aktiosdigitalservices.com\/tol\/consum\/media\/product\/img\/300x300\/7293749.jpg?t=20241217081120"
    },
    {
        "id": 19126,
        "name": "Tabla 3 Quesos D.O.P. Quesos Franceses CANTOREL",
        "price": 4.29,
        "price_kilo": 19.95,
        "slug": "tabla-3-quesos-dop-quesos-franceses",
        "description": "Tabla 3 Quesos D.O.P. Quesos Franceses 215 Gr",
        "image": "https:\/\/cdn-consum.aktiosdigitalservices.com\/tol\/consum\/media\/product\/img\/300x300\/7309818.jpg?t=20250206093613"
    },
    {
        "id": 19136,
        "name": "Bolsa para Residuos Recambios MASCOTY",
        "price": 0.99,
        "price_kilo": 0.03,
        "slug": "bolsa-para-residuos-recambios",
        "description": "Bolsa para Residuos Recambios 3 x 12 U",
        "image": "https:\/\/cdn-consum.aktiosdigitalservices.com\/tol\/consum\/media\/product\/img\/300x300\/7317241.jpg?t=20241217081137"
    },
    {
        "id": 19140,
        "name": "Queso Prote\u00ednico EATLEAN",
        "price": 3.93,
        "price_kilo": 19.65,
        "slug": "queso-proteinico",
        "description": "Queso Prote\u00ednico 200 Gr",
        "image": "https:\/\/cdn-consum.aktiosdigitalservices.com\/tol\/consum\/media\/product\/img\/300x300\/7317548.jpg?t=20250103081806"
    },
    {
        "id": 19141,
        "name": "Horchata Fresca Xufatop\u00eda BY PANACH",
        "price": 1,
        "price_kilo": 4,
        "slug": "horchata-fresca-xufatopia",
        "description": "Horchata Fresca Xufatop\u00eda 250 ml",
        "image": "https:\/\/cdn-consum.aktiosdigitalservices.com\/tol\/consum\/media\/product\/img\/300x300\/7317860.jpg?t=20250311110633"
    },
    {
        "id": 19145,
        "name": "Jam\u00f3n Serrano Natural Gran Reserva REDONDO I.",
        "price": 3.55,
        "price_kilo": 35.5,
        "slug": "jamon-serrano-natural-gran-reserva",
        "description": "Jam\u00f3n Serrano Natural Gran Reserva 100 Gr",
        "image": "https:\/\/cdn-consum.aktiosdigitalservices.com\/tol\/consum\/media\/product\/img\/300x300\/7318272.jpg?t=20250206093725"
    },
    {
        "id": 19155,
        "name": "Caf\u00e9 Molido Natural Colombia 100% Ar\u00e1bica CONSUM",
        "price": 3.5,
        "price_kilo": 14,
        "slug": "cafe-molido-natural-colombia-100-arabica",
        "description": "Caf\u00e9 Molido Natural Colombia 100% Ar\u00e1bica 250 Gr",
        "image": "https:\/\/cdn-consum.aktiosdigitalservices.com\/tol\/consum\/media\/product\/img\/300x300\/7286644.jpg?t=20250311110122"
    },
    {
        "id": 19157,
        "name": "Margarina Light Oliva Tarrina CONSUM",
        "price": 1.6,
        "price_kilo": 6.4,
        "slug": "margarina-light-oliva-tarrina",
        "description": "Margarina Light Oliva Tarrina 250 Gr",
        "image": "https:\/\/cdn-consum.aktiosdigitalservices.com\/tol\/consum\/media\/product\/img\/300x300\/7310071.jpg?t=20241217081132"
    },
    {
        "id": 19160,
        "name": "Fabada Asturiana -30% Grasa LITORAL",
        "price": 2.85,
        "price_kilo": 6.79,
        "slug": "fabada-asturiana--30-grasa",
        "description": "Fabada Asturiana -30% Grasa 435 Gr",
        "image": "https:\/\/cdn-consum.aktiosdigitalservices.com\/tol\/consum\/media\/product\/img\/300x300\/7316466.jpg?t=20250312092800"
    },
    {
        "id": 19162,
        "name": "Colgador WC Oce\u00e1nico CONSUM",
        "price": 1.3,
        "price_kilo": 0.65,
        "slug": "colgador-wc-oceanico",
        "description": "Colgador WC Oce\u00e1nico 2 U",
        "image": "https:\/\/cdn-consum.aktiosdigitalservices.com\/tol\/consum\/media\/product\/img\/300x300\/7316636.jpg?t=20250311164607"
    },
    {
        "id": 19163,
        "name": "Colgador WC Pino CONSUM",
        "price": 1.3,
        "price_kilo": 0.65,
        "slug": "colgador-wc-pino",
        "description": "Colgador WC Pino 2 U",
        "image": "https:\/\/cdn-consum.aktiosdigitalservices.com\/tol\/consum\/media\/product\/img\/300x300\/7316656.jpg?t=20241217081137"
    },
    {
        "id": 19170,
        "name": "Queso de Oveja Trufado L. de Oveja Pasteurizada V.SOTUELAMOS",
        "price": 28.6,
        "price_kilo": 28.6,
        "slug": "queso-de-oveja-trufado-l-de-oveja-pasteurizada",
        "description": "Queso de Oveja Trufado L. de Oveja Pasteurizada",
        "image": "https:\/\/cdn-consum.aktiosdigitalservices.com\/tol\/consum\/media\/product\/img\/300x300\/7317449.jpg?t=20250318080328"
    },
    {
        "id": 19171,
        "name": "Queso Bavaria Blue Mini BERGADER",
        "price": 2.5,
        "price_kilo": 16.67,
        "slug": "queso-bavaria-blue-mini",
        "description": "Queso Bavaria Blue Mini 150 Gr",
        "image": "https:\/\/cdn-consum.aktiosdigitalservices.com\/tol\/consum\/media\/product\/img\/300x300\/7317808.jpg?t=20250103081809"
    },
    {
        "id": 19181,
        "name": "Queso Oveja Curado a la Trufa CARMEN",
        "price": 5.19,
        "price_kilo": 25.95,
        "slug": "queso-oveja-curado-a-la-trufa",
        "description": "Queso Oveja Curado a la Trufa 200 Gr",
        "image": "https:\/\/cdn-consum.aktiosdigitalservices.com\/tol\/consum\/media\/product\/img\/300x300\/7318298.jpg?t=20250315075835"
    },
    {
        "id": 19183,
        "name": "Guante Segunda Piel Talla 7 SPONTEX",
        "price": 3.85,
        "price_kilo": 3.85,
        "slug": "guante-segunda-piel-talla-7",
        "description": "Guante Segunda Piel Talla 7 1 U",
        "image": "https:\/\/cdn-consum.aktiosdigitalservices.com\/tol\/consum\/media\/product\/img\/300x300\/7318327.jpg?t=20241217081138"
    },
    {
        "id": 19184,
        "name": "Guante Segunda Piel Talla 6 SPONTEX",
        "price": 3.85,
        "price_kilo": 3.85,
        "slug": "guante-segunda-piel-talla-6",
        "description": "Guante Segunda Piel Talla 6 1 U",
        "image": "https:\/\/cdn-consum.aktiosdigitalservices.com\/tol\/consum\/media\/product\/img\/300x300\/7318330.jpg?t=20241217081138"
    },
    {
        "id": 19190,
        "name": "Pechuga Pavo Braseada Finas Lonchas CONSUM",
        "price": 2.25,
        "price_kilo": 14.06,
        "slug": "pechuga-pavo-braseada-finas-lonchas",
        "description": "Pechuga Pavo Braseada Finas Lonchas 160 Gr",
        "image": "https:\/\/cdn-consum.aktiosdigitalservices.com\/tol\/consum\/media\/product\/img\/300x300\/7293751.jpg?t=20241217081120"
    },
    {
        "id": 19191,
        "name": "Bonito del Norte con Aceite Oliva CONSUM",
        "price": 5.89,
        "price_kilo": 42.68,
        "slug": "bonito-del-norte-con-aceite-oliva",
        "description": "Bonito del Norte con Aceite Oliva 138 Gr",
        "image": "https:\/\/cdn-consum.aktiosdigitalservices.com\/tol\/consum\/media\/product\/img\/300x300\/7303857.jpg?t=20250220080549"
    },
    {
        "id": 19210,
        "name": "Aceitunas Negras en Rodajas Tarro JOLCA",
        "price": 1.99,
        "price_kilo": 18.09,
        "slug": "aceitunas-negras-en-rodajas-tarro",
        "description": "Aceitunas Negras en Rodajas Tarro 110 Gr",
        "image": "https:\/\/cdn-consum.aktiosdigitalservices.com\/tol\/consum\/media\/product\/img\/300x300\/7318426.jpg?t=20250318080331"
    },
    {
        "id": 19215,
        "name": "Pastillas Lavavajillas Todo en Uno FAIRY",
        "price": 9.6,
        "price_kilo": 0.16,
        "slug": "pastillas-lavavajillas-todo-en-uno",
        "description": "Pastillas Lavavajillas Todo en Uno 60 Do",
        "image": "https:\/\/cdn-consum.aktiosdigitalservices.com\/tol\/consum\/media\/product\/img\/300x300\/7318678.jpg?t=20241217081138"
    },
    {
        "id": 19223,
        "name": "F\u00e1cil de Untar con Mantequilla CONSUM",
        "price": 2.15,
        "price_kilo": 8.6,
        "slug": "facil-de-untar-con-mantequilla",
        "description": "F\u00e1cil de Untar con Mantequilla 250 Gr",
        "image": "https:\/\/cdn-consum.aktiosdigitalservices.com\/tol\/consum\/media\/product\/img\/300x300\/7310089.jpg?t=20241217081132"
    },
    {
        "id": 19226,
        "name": "Cereal Froot Loops KELLOGG'S",
        "price": 4.69,
        "price_kilo": 12.51,
        "slug": "cereal-froot-loops",
        "description": "Cereal Froot Loops 375 Gr",
        "image": "https:\/\/cdn-consum.aktiosdigitalservices.com\/tol\/consum\/media\/product\/img\/300x300\/7317647.jpg?t=20250311110631"
    },
    {
        "id": 19233,
        "name": "Cortacut\u00edculas PONETTE",
        "price": 2.1,
        "price_kilo": 2.1,
        "slug": "cortacuticulas",
        "description": "Cortacut\u00edculas 1 U",
        "image": "https:\/\/cdn-consum.aktiosdigitalservices.com\/tol\/consum\/media\/product\/img\/300x300\/7318673.jpg?t=20241217081138"
    },
    {
        "id": 19247,
        "name": "Cortau\u00f1as Pies PONETTE",
        "price": 1.9,
        "price_kilo": 1.9,
        "slug": "cortaunas-pies",
        "description": "Cortau\u00f1as Pies 1 U",
        "image": "https:\/\/cdn-consum.aktiosdigitalservices.com\/tol\/consum\/media\/product\/img\/300x300\/7318595.jpg?t=20250213080211"
    },
    {
        "id": 19249,
        "name": "Tijera de U\u00f1as Punta Curvada PONETTE",
        "price": 4.2,
        "price_kilo": 4.2,
        "slug": "tijera-de-unas-punta-curvada",
        "description": "Tijera de U\u00f1as Punta Curvada 1 U",
        "image": "https:\/\/cdn-consum.aktiosdigitalservices.com\/tol\/consum\/media\/product\/img\/300x300\/7318660.jpg?t=20241217081138"
    },
    {
        "id": 19250,
        "name": "Queso Rallado Estilo Italiano HOCHLAND",
        "price": 1.67,
        "price_kilo": 16.7,
        "slug": "queso-rallado-estilo-italiano",
        "description": "Queso Rallado Estilo Italiano 100 Gr",
        "image": "https:\/\/cdn-consum.aktiosdigitalservices.com\/tol\/consum\/media\/product\/img\/300x300\/7318897.jpg?t=20250206093741"
    },
    {
        "id": 19251,
        "name": "Queso en Dados para  Ensalada KEBU",
        "price": 2.89,
        "price_kilo": 26.27,
        "slug": "queso-en-dados-para-ensalada",
        "description": "Queso en Dados para  Ensalada 110 Gr",
        "image": "https:\/\/cdn-consum.aktiosdigitalservices.com\/tol\/consum\/media\/product\/img\/300x300\/7318900.jpg?t=20250103081825"
    },
    {
        "id": 19257,
        "name": "Bebida Pi\u00f1a Coco CONSUM",
        "price": 1.29,
        "price_kilo": 1.29,
        "slug": "bebida-pina-coco",
        "description": "Bebida Pi\u00f1a Coco 1 L",
        "image": "https:\/\/cdn-consum.aktiosdigitalservices.com\/tol\/consum\/media\/product\/img\/300x300\/7291110.jpg?t=20250312092757"
    },
    {
        "id": 19263,
        "name": "Edamame en Grano congelado C.NAVARRA",
        "price": 1.72,
        "price_kilo": 6.88,
        "slug": "edamame-en-grano-congelado",
        "description": "Edamame en Grano congelado 250 Gr",
        "image": "https:\/\/cdn-consum.aktiosdigitalservices.com\/tol\/consum\/media\/product\/img\/300x300\/7317956.jpg?t=20250103081813"
    },
    {
        "id": 19268,
        "name": "Alicates de U\u00f1as PONETTE",
        "price": 4.99,
        "price_kilo": 4.99,
        "slug": "alicates-de-unas",
        "description": "Alicates de U\u00f1as 1 U",
        "image": "https:\/\/cdn-consum.aktiosdigitalservices.com\/tol\/consum\/media\/product\/img\/300x300\/7318652.jpg?t=20241217081138"
    },
    {
        "id": 19269,
        "name": "Pesto Rosso Frasco GALLO",
        "price": 2.53,
        "price_kilo": 13.32,
        "slug": "pesto-rosso-frasco",
        "description": "Pesto Rosso Frasco 190 Gr",
        "image": "https:\/\/cdn-consum.aktiosdigitalservices.com\/tol\/consum\/media\/product\/img\/300x300\/7318736.jpg?t=20250206093730"
    },
    {
        "id": 19273,
        "name": "Huesos de  A\u00f1ojo ",
        "price": 1.53,
        "price_kilo": 6.95,
        "slug": "huesos-de-anojo",
        "description": "Huesos de  A\u00f1ojo",
        "image": "https:\/\/cdn-consum.aktiosdigitalservices.com\/tol\/consum\/media\/product\/img\/300x300\/465567.jpg?t=20250321075635"
    },
    {
        "id": 19276,
        "name": "Pelota Cocido ",
        "price": 2.07,
        "price_kilo": 8.29,
        "slug": "pelota-cocido",
        "description": "Pelota Cocido",
        "image": "https:\/\/cdn-consum.aktiosdigitalservices.com\/tol\/consum\/media\/product\/img\/300x300\/7166676.jpg?t=20250322075904"
    },
    {
        "id": 19278,
        "name": "Cuarto Trasero de Pollo Certificado CONSUM",
        "price": 1.65,
        "price_kilo": 4.95,
        "slug": "cuarto-trasero-de-pollo-certificado",
        "description": "Cuarto Trasero de Pollo Certificado",
        "image": "https:\/\/cdn-consum.aktiosdigitalservices.com\/tol\/consum\/media\/product\/img\/300x300\/7185002.jpg?t=20250322075918"
    },
    {
        "id": 19281,
        "name": "Higaditos de Conejo ",
        "price": 1.51,
        "price_kilo": 10.75,
        "slug": "higaditos-de-conejo",
        "description": "Higaditos de Conejo",
        "image": "https:\/\/cdn-consum.aktiosdigitalservices.com\/tol\/consum\/media\/product\/img\/300x300\/7277155.jpg?t=20250322075943"
    },
    {
        "id": 19282,
        "name": "Fritada Consum Frasco CONSUM",
        "price": 1.25,
        "price_kilo": 3.57,
        "slug": "fritada-consum-frasco",
        "description": "Fritada Consum Frasco 350 Gr",
        "image": "https:\/\/cdn-consum.aktiosdigitalservices.com\/tol\/consum\/media\/product\/img\/300x300\/7307320.jpg?t=20250128080140"
    },
    {
        "id": 19283,
        "name": "Fideos Chinos Con Huevo SOUBRY",
        "price": 1.7,
        "price_kilo": 6.8,
        "slug": "fideos-chinos-con-huevo",
        "description": "Fideos Chinos Con Huevo 250 Gr",
        "image": "https:\/\/cdn-consum.aktiosdigitalservices.com\/tol\/consum\/media\/product\/img\/300x300\/7316446.jpg?t=20250227092937"
    },
    {
        "id": 19289,
        "name": "Comida Perros Seca Dog Mini Adulto Buey ULTIMA",
        "price": 7.99,
        "price_kilo": 5.33,
        "slug": "comida-perros-seca-dog-mini-adulto-buey",
        "description": "Comida Perros Seca Dog Mini Adulto Buey 1,5 Kg",
        "image": "https:\/\/cdn-consum.aktiosdigitalservices.com\/tol\/consum\/media\/product\/img\/300x300\/7319049.jpg?t=20250227092943"
    },
    {
        "id": 19298,
        "name": "Detergente Polvo Marsella CONSUM",
        "price": 4.39,
        "price_kilo": 0.12,
        "slug": "detergente-polvo-marsella",
        "description": "Detergente Polvo Marsella 36 Lv",
        "image": "https:\/\/cdn-consum.aktiosdigitalservices.com\/tol\/consum\/media\/product\/img\/300x300\/7310022.jpg?t=20250312092759"
    },
    {
        "id": 19299,
        "name": "Escobilla limpiabiberones con fibras dobles TIGEX",
        "price": 4.59,
        "price_kilo": 4.59,
        "slug": "escobilla-limpiabiberones-con-fibras-dobles",
        "description": "Escobilla limpiabiberones con fibras dobles 1 U",
        "image": "https:\/\/cdn-consum.aktiosdigitalservices.com\/tol\/consum\/media\/product\/img\/300x300\/7315757.jpg?t=20241217081135"
    },
    {
        "id": 19303,
        "name": "Vino Blanco Verdejo D.O.Rueda MAY.CASTILLA",
        "price": 3.99,
        "price_kilo": 5.32,
        "slug": "vino-blanco-verdejo-dorueda",
        "description": "Vino Blanco Verdejo D.O.Rueda 0,75 L",
        "image": "https:\/\/cdn-consum.aktiosdigitalservices.com\/tol\/consum\/media\/product\/img\/300x300\/7319044.jpg?t=20250227092942"
    },
    {
        "id": 19312,
        "name": "Crackers Quinoa y Ch\u00eda Bote GULLON",
        "price": 2.15,
        "price_kilo": 8.6,
        "slug": "crackers-quinoa-y-chia-bote",
        "description": "Crackers Quinoa y Ch\u00eda Bote 250 Gr",
        "image": "https:\/\/cdn-consum.aktiosdigitalservices.com\/tol\/consum\/media\/product\/img\/300x300\/7320054.jpg?t=20250313080615"
    },
    {
        "id": 19313,
        "name": "Crackers Sin Gluten SCH\u00c4R",
        "price": 3.17,
        "price_kilo": 15.1,
        "slug": "crackers-sin-gluten",
        "description": "Crackers Sin Gluten 210 Gr",
        "image": "https:\/\/cdn-consum.aktiosdigitalservices.com\/tol\/consum\/media\/product\/img\/300x300\/7320062.jpg?t=20250311110651"
    },
    {
        "id": 19314,
        "name": "Picos Sin Gluten SCH\u00c4R",
        "price": 1.37,
        "price_kilo": 22.83,
        "slug": "picos-sin-gluten",
        "description": "Picos Sin Gluten 60 Gr",
        "image": "https:\/\/cdn-consum.aktiosdigitalservices.com\/tol\/consum\/media\/product\/img\/300x300\/7320067.jpg?t=20250311110654"
    },
    {
        "id": 19319,
        "name": "Cottage Cheese Protein Copos de Queso Fresco ARLA",
        "price": 2.39,
        "price_kilo": 11.95,
        "slug": "cottage-cheese-protein-copos-de-queso-fresco",
        "description": "Cottage Cheese Protein Copos de Queso Fresco 200 Gr",
        "image": "https:\/\/cdn-consum.aktiosdigitalservices.com\/tol\/consum\/media\/product\/img\/300x300\/7247661.jpg?t=20250312160355"
    },
    {
        "id": 19326,
        "name": "Mascarilla Hair Food Banana FRUCTIS",
        "price": 6.35,
        "price_kilo": 1.59,
        "slug": "mascarilla-hair-food-banana",
        "description": "Mascarilla Hair Food Banana 390 ml",
        "image": "https:\/\/cdn-consum.aktiosdigitalservices.com\/tol\/consum\/media\/product\/img\/300x300\/7309011.jpg?t=20250311134008"
    },
    {
        "id": 19330,
        "name": "Dos tetinas l\u00e1tex cuello ancho TIGEX",
        "price": 3.35,
        "price_kilo": 3.35,
        "slug": "dos-tetinas-latex-cuello-ancho",
        "description": "Dos tetinas l\u00e1tex cuello ancho 1 U",
        "image": "https:\/\/cdn-consum.aktiosdigitalservices.com\/tol\/consum\/media\/product\/img\/300x300\/7315745.jpg?t=20241217081135"
    },
    {
        "id": 19335,
        "name": "Cuchara blanda silicona TIGEX",
        "price": 3.85,
        "price_kilo": 3.85,
        "slug": "cuchara-blanda-silicona",
        "description": "Cuchara blanda silicona 1 U",
        "image": "https:\/\/cdn-consum.aktiosdigitalservices.com\/tol\/consum\/media\/product\/img\/300x300\/7315885.jpg?t=20250311164607"
    },
    {
        "id": 19343,
        "name": "Gelatina Sabor Ar\u00e1ndano Light 10 Kcal ROYAL",
        "price": 2.85,
        "price_kilo": 9.19,
        "slug": "gelatina-sabor-arandano-light-10-kcal",
        "description": "Gelatina Sabor Ar\u00e1ndano Light 10 Kcal 31 Gr",
        "image": "https:\/\/cdn-consum.aktiosdigitalservices.com\/tol\/consum\/media\/product\/img\/300x300\/7318868.jpg?t=20250311110649"
    },
    {
        "id": 19346,
        "name": "Zumo Pi\u00f1a 100% Free JUVER",
        "price": 2.19,
        "price_kilo": 2.19,
        "slug": "zumo-pina-100-free",
        "description": "Zumo Pi\u00f1a 100% Free 1 L",
        "image": "https:\/\/cdn-consum.aktiosdigitalservices.com\/tol\/consum\/media\/product\/img\/300x300\/7319648.jpg?t=20250227092945"
    },
    {
        "id": 19348,
        "name": "Delicias de Almendra ",
        "price": 2.19,
        "price_kilo": 9.73,
        "slug": "delicias-de-almendra",
        "description": "Delicias de Almendra 225 Gr",
        "image": "https:\/\/cdn-consum.aktiosdigitalservices.com\/tol\/consum\/media\/product\/img\/300x300\/7319718.jpg?t=20250318080334"
    },
    {
        "id": 19351,
        "name": "Tejas ",
        "price": 1.65,
        "price_kilo": 10.31,
        "slug": "tejas",
        "description": "Tejas 160 Gr",
        "image": "https:\/\/cdn-consum.aktiosdigitalservices.com\/tol\/consum\/media\/product\/img\/300x300\/7319734.jpg?t=20250315075837"
    },
    {
        "id": 19356,
        "name": "Nachos con Chia Paquete ZANUY",
        "price": 1.4,
        "price_kilo": 10.77,
        "slug": "nachos-con-chia-paquete",
        "description": "Nachos con Chia Paquete 130 Gr",
        "image": "https:\/\/cdn-consum.aktiosdigitalservices.com\/tol\/consum\/media\/product\/img\/300x300\/7320237.jpg?t=20241221080110"
    },
    {
        "id": 19365,
        "name": "Dent\u00edfrico Triple Acci\u00f3n Xtra Blancura COLGATE",
        "price": 2.59,
        "price_kilo": 3.45,
        "slug": "dentifrico-triple-accion-xtra-blancura",
        "description": "Dent\u00edfrico Triple Acci\u00f3n Xtra Blancura 75 ml",
        "image": "https:\/\/cdn-consum.aktiosdigitalservices.com\/tol\/consum\/media\/product\/img\/300x300\/7320468.jpg?t=20250227092946"
    },
    {
        "id": 19374,
        "name": "Br\u00f3coli Microondas CONSUM",
        "price": 1.55,
        "price_kilo": 6.89,
        "slug": "brocoli-microondas",
        "description": "Br\u00f3coli Microondas 225 Gr",
        "image": "https:\/\/cdn-consum.aktiosdigitalservices.com\/tol\/consum\/media\/product\/img\/300x300\/7321503.jpg?t=20250103081830"
    },
    {
        "id": 19404,
        "name": "Tomate Frito Tradicional Frasco CONSUM",
        "price": 2.1,
        "price_kilo": 3.82,
        "slug": "tomate-frito-tradicional-frasco",
        "description": "Tomate Frito Tradicional Frasco 550 Gr",
        "image": "https:\/\/cdn-consum.aktiosdigitalservices.com\/tol\/consum\/media\/product\/img\/300x300\/7317451.jpg?t=20250312092800"
    },
    {
        "id": 19405,
        "name": "Rosquilletas Con Choco Pack de 2 CONSUM",
        "price": 1.31,
        "price_kilo": 8.19,
        "slug": "rosquilletas-con-choco-pack-de-2",
        "description": "Rosquilletas Con Choco Pack de 2 2 x 80 Gr",
        "image": "https:\/\/cdn-consum.aktiosdigitalservices.com\/tol\/consum\/media\/product\/img\/300x300\/7318038.jpg?t=20250312092800"
    },
    {
        "id": 19414,
        "name": "Foie Gras Entero de Pato Micuit Skin MARTIKO",
        "price": 8.3,
        "price_kilo": 83,
        "slug": "foie-gras-entero-de-pato-micuit-skin",
        "description": "Foie Gras Entero de Pato Micuit Skin 100 Gr",
        "image": "https:\/\/cdn-consum.aktiosdigitalservices.com\/tol\/consum\/media\/product\/img\/300x300\/7320398.jpg?t=20241217081139"
    },
    {
        "id": 19420,
        "name": "Col\u00e1geno con magnesio NATURTIERRA",
        "price": 6.99,
        "price_kilo": 0.04,
        "slug": "colageno-con-magnesio",
        "description": "Col\u00e1geno con magnesio 180 U",
        "image": "https:\/\/cdn-consum.aktiosdigitalservices.com\/tol\/consum\/media\/product\/img\/300x300\/7321029.jpg?t=20250213080213"
    },
    {
        "id": 19422,
        "name": "Snack Chocolate Delice T4 KINDER",
        "price": 2.99,
        "price_kilo": 17.8,
        "slug": "snack-chocolate-delice-t4",
        "description": "Snack Chocolate Delice T4 4 x 42 Gr",
        "image": "https:\/\/cdn-consum.aktiosdigitalservices.com\/tol\/consum\/media\/product\/img\/300x300\/7321206.jpg?t=20250311110702"
    },
    {
        "id": 19425,
        "name": "Sugus Caramelo Masticable a Base de Zumo de Frutas SUGUS",
        "price": 2.99,
        "price_kilo": 19.93,
        "slug": "sugus-caramelo-masticable-a-base-de-zumo-de-frutas",
        "description": "Sugus Caramelo Masticable a Base de Zumo de Frutas, 150g",
        "image": "https:\/\/cdn-consum.aktiosdigitalservices.com\/tol\/consum\/media\/product\/img\/300x300\/7321235.jpg?t=20250311124817"
    },
    {
        "id": 19431,
        "name": "Jam\u00f3n Cocido Braseado Finas Lonchas CONSUM",
        "price": 1.79,
        "price_kilo": 11.19,
        "slug": "jamon-cocido-braseado-finas-lonchas",
        "description": "Jam\u00f3n Cocido Braseado Finas Lonchas 160 Gr",
        "image": "https:\/\/cdn-consum.aktiosdigitalservices.com\/tol\/consum\/media\/product\/img\/300x300\/7293756.jpg?t=20250129080350"
    },
    {
        "id": 19441,
        "name": "Salsa Cheddar Bacon Bote ORLANDO",
        "price": 1.99,
        "price_kilo": 8.12,
        "slug": "salsa-cheddar-bacon-bote",
        "description": "Salsa Cheddar Bacon Bote 245 Gr",
        "image": "https:\/\/cdn-consum.aktiosdigitalservices.com\/tol\/consum\/media\/product\/img\/300x300\/7320955.jpg?t=20241217081139"
    },
    {
        "id": 19482,
        "name": "K\u00e9tchup Botella HEINZ",
        "price": 3.35,
        "price_kilo": 7.28,
        "slug": "ketchup-botella",
        "description": "K\u00e9tchup Botella 460 Gr",
        "image": "https:\/\/cdn-consum.aktiosdigitalservices.com\/tol\/consum\/media\/product\/img\/300x300\/7320588.jpg?t=20250225080050"
    },
    {
        "id": 19483,
        "name": "Harina para Bizcochos Paquete GALLO",
        "price": 1.69,
        "price_kilo": 1.69,
        "slug": "harina-para-bizcochos-paquete",
        "description": "Harina para Bizcochos Paquete 1 Kg",
        "image": "https:\/\/cdn-consum.aktiosdigitalservices.com\/tol\/consum\/media\/product\/img\/300x300\/7320802.jpg?t=20250206093752"
    },
    {
        "id": 19484,
        "name": "Surtido Mix sin Az\u00facar DAMEL",
        "price": 1,
        "price_kilo": 11.11,
        "slug": "surtido-mix-sin-azucar",
        "description": "Surtido Mix sin Az\u00facar 90 Gr",
        "image": "https:\/\/cdn-consum.aktiosdigitalservices.com\/tol\/consum\/media\/product\/img\/300x300\/7321037.jpg?t=20250311124814"
    },
    {
        "id": 19485,
        "name": "Cereal Soluble Ecol\u00f3gico EKO",
        "price": 2.99,
        "price_kilo": 19.93,
        "slug": "cereal-soluble-ecologico",
        "description": "Cereal Soluble Ecol\u00f3gico 150 Gr",
        "image": "https:\/\/cdn-consum.aktiosdigitalservices.com\/tol\/consum\/media\/product\/img\/300x300\/7321052.jpg?t=20250311134040"
    },
    {
        "id": 19490,
        "name": "Harina de Garbanzo Paquete HARIMSA",
        "price": 1.69,
        "price_kilo": 4.23,
        "slug": "harina-de-garbanzo-paquete",
        "description": "Harina de Garbanzo Paquete 400 Gr",
        "image": "https:\/\/cdn-consum.aktiosdigitalservices.com\/tol\/consum\/media\/product\/img\/300x300\/7321276.jpg?t=20250109102449"
    },
    {
        "id": 19506,
        "name": "Desinfectante Tejidos Ambienta.Hogar Algod\u00f3n SANYTOL",
        "price": 3.99,
        "price_kilo": 13.3,
        "slug": "desinfectante-tejidos-ambientahogar-algodon",
        "description": "Desinfectante Tejidos Ambienta.Hogar Algod\u00f3n 300 ml",
        "image": "https:\/\/cdn-consum.aktiosdigitalservices.com\/tol\/consum\/media\/product\/img\/300x300\/7322613.jpg?t=20250206093755"
    },
    {
        "id": 19507,
        "name": "Crema de  Brie con Trufa PRESIDENT",
        "price": 1.95,
        "price_kilo": 18.57,
        "slug": "crema-de-brie-con-trufa",
        "description": "Crema de  Brie con Trufa 105 Gr",
        "image": "https:\/\/cdn-consum.aktiosdigitalservices.com\/tol\/consum\/media\/product\/img\/300x300\/7322662.jpg?t=20250227092951"
    },
    {
        "id": 19514,
        "name": "Detergente Polvo CONSUM",
        "price": 4.99,
        "price_kilo": 0.14,
        "slug": "detergente-polvo",
        "description": "Detergente Polvo 36 Lv",
        "image": "https:\/\/cdn-consum.aktiosdigitalservices.com\/tol\/consum\/media\/product\/img\/300x300\/7310014.jpg?t=20241217081132"
    },
    {
        "id": 19516,
        "name": "Refresco Cola Lata CONSUM",
        "price": 0.33,
        "price_kilo": 1,
        "slug": "refresco-cola-lata",
        "description": "Refresco Cola Lata 0,33 L",
        "image": "https:\/\/cdn-consum.aktiosdigitalservices.com\/tol\/consum\/media\/product\/img\/300x300\/7315591.jpg?t=20241217081135"
    },
    {
        "id": 19519,
        "name": "Aspirador nasal ergon\u00f3mico TIGEX",
        "price": 4.99,
        "price_kilo": 4.99,
        "slug": "aspirador-nasal-ergonomico",
        "description": "Aspirador nasal ergon\u00f3mico 1 U",
        "image": "https:\/\/cdn-consum.aktiosdigitalservices.com\/tol\/consum\/media\/product\/img\/300x300\/7315914.jpg?t=20241217081135"
    },
    {
        "id": 19520,
        "name": "Cepillo y peine TIGEX",
        "price": 4.45,
        "price_kilo": 4.45,
        "slug": "cepillo-y-peine",
        "description": "Cepillo y peine 1 U",
        "image": "https:\/\/cdn-consum.aktiosdigitalservices.com\/tol\/consum\/media\/product\/img\/300x300\/7315927.jpg?t=20241217081135"
    },
    {
        "id": 19521,
        "name": "Mis Amigos Marinos con chorro de agua TIGEX",
        "price": 5.89,
        "price_kilo": 5.89,
        "slug": "mis-amigos-marinos-con-chorro-de-agua",
        "description": "Mis Amigos Marinos con chorro de agua 1 U",
        "image": "https:\/\/cdn-consum.aktiosdigitalservices.com\/tol\/consum\/media\/product\/img\/300x300\/7315930.jpg?t=20241217081135"
    },
    {
        "id": 19522,
        "name": "Alubia Pinta Paquete CONSUM",
        "price": 2.5,
        "price_kilo": 2.5,
        "slug": "alubia-pinta-paquete",
        "description": "Alubia Pinta Paquete 1 Kg",
        "image": "https:\/\/cdn-consum.aktiosdigitalservices.com\/tol\/consum\/media\/product\/img\/300x300\/7316750.jpg?t=20250218080739"
    },
    {
        "id": 19523,
        "name": "Lenteja Pardina Paquete CONSUM",
        "price": 2.1,
        "price_kilo": 2.1,
        "slug": "lenteja-pardina-paquete",
        "description": "Lenteja Pardina Paquete 1 Kg",
        "image": "https:\/\/cdn-consum.aktiosdigitalservices.com\/tol\/consum\/media\/product\/img\/300x300\/7316771.jpg?t=20250314121549"
    },
    {
        "id": 19525,
        "name": "Lentejas Paquete CONSUM",
        "price": 2.03,
        "price_kilo": 2.03,
        "slug": "lentejas-paquete",
        "description": "Lentejas Paquete 1 Kg",
        "image": "https:\/\/cdn-consum.aktiosdigitalservices.com\/tol\/consum\/media\/product\/img\/300x300\/7316784.jpg?t=20250103081743"
    },
    {
        "id": 19530,
        "name": "K\u00e9tchup Botella HEINZ",
        "price": 3.75,
        "price_kilo": 5.36,
        "slug": "ketchup-botella",
        "description": "K\u00e9tchup Botella 700 Gr",
        "image": "https:\/\/cdn-consum.aktiosdigitalservices.com\/tol\/consum\/media\/product\/img\/300x300\/7320583.jpg?t=20241217081139"
    },
    {
        "id": 19543,
        "name": "Crema Bals\u00e1mica de M\u00f3dena 0% Az\u00facares VULPI",
        "price": 1.99,
        "price_kilo": 4.98,
        "slug": "crema-balsamica-de-modena-0-azucares",
        "description": "Crema Bals\u00e1mica de M\u00f3dena 0% Az\u00facares 400 Gr",
        "image": "https:\/\/cdn-consum.aktiosdigitalservices.com\/tol\/consum\/media\/product\/img\/300x300\/7321649.jpg?t=20241217081140"
    },
    {
        "id": 19564,
        "name": "Mini Burgers Mixta ROLER",
        "price": 2.7,
        "price_kilo": 9.64,
        "slug": "mini-burgers-mixta",
        "description": "Mini Burgers Mixta 280 Gr",
        "image": "https:\/\/cdn-consum.aktiosdigitalservices.com\/tol\/consum\/media\/product\/img\/300x300\/7323004.jpg?t=20241217081141"
    },
    {
        "id": 19565,
        "name": "Longaniza de Pollo CONSUM",
        "price": 2.76,
        "price_kilo": 7.45,
        "slug": "longaniza-de-pollo",
        "description": "Longaniza de Pollo",
        "image": "https:\/\/cdn-consum.aktiosdigitalservices.com\/tol\/consum\/media\/product\/img\/300x300\/7323009.jpg?t=20241217081141"
    },
    {
        "id": 19577,
        "name": "Paletilla de Cordero congelada ",
        "price": 14.95,
        "price_kilo": 14.95,
        "slug": "paletilla-de-cordero-congelada",
        "description": "Paletilla de Cordero congelada",
        "image": "https:\/\/cdn-consum.aktiosdigitalservices.com\/tol\/consum\/media\/product\/img\/300x300\/7079643.jpg?t=20250211080556"
    },
    {
        "id": 19583,
        "name": "Chocolate Negro 72% Cacao CONSUM",
        "price": 1.65,
        "price_kilo": 16.5,
        "slug": "chocolate-negro-72-cacao",
        "description": "Chocolate Negro 72% Cacao 100 Gr",
        "image": "https:\/\/cdn-consum.aktiosdigitalservices.com\/tol\/consum\/media\/product\/img\/300x300\/7301328.jpg?t=20250311133944"
    },
    {
        "id": 19585,
        "name": "Chocolate Negro Flor de Sal Excellence LINDT",
        "price": 3.99,
        "price_kilo": 39.9,
        "slug": "chocolate-negro-flor-de-sal-excellence",
        "description": "Chocolate Negro Flor de Sal Excellence 100 Gr",
        "image": "https:\/\/cdn-consum.aktiosdigitalservices.com\/tol\/consum\/media\/product\/img\/300x300\/7305167.jpg?t=20250311133958"
    },
    {
        "id": 19586,
        "name": "Pack Gomas PONETTE",
        "price": 2.15,
        "price_kilo": 2.15,
        "slug": "pack-gomas",
        "description": "Pack Gomas 1 U",
        "image": "https:\/\/cdn-consum.aktiosdigitalservices.com\/tol\/consum\/media\/product\/img\/300x300\/7314730.jpg?t=20241217081134"
    },
    {
        "id": 19587,
        "name": "Garbanzo Lechoso Paquete CONSUM",
        "price": 2.5,
        "price_kilo": 2.5,
        "slug": "garbanzo-lechoso-paquete",
        "description": "Garbanzo Lechoso Paquete 1 Kg",
        "image": "https:\/\/cdn-consum.aktiosdigitalservices.com\/tol\/consum\/media\/product\/img\/300x300\/7316763.jpg?t=20250103081736"
    },
    {
        "id": 19589,
        "name": "Goma Met\u00e1lica Grande Negra PONETTE",
        "price": 1.15,
        "price_kilo": 0.12,
        "slug": "goma-metalica-grande-negra",
        "description": "Goma Met\u00e1lica Grande Negra 10 U",
        "image": "https:\/\/cdn-consum.aktiosdigitalservices.com\/tol\/consum\/media\/product\/img\/300x300\/7321557.jpg?t=20250204082216"
    },
    {
        "id": 19595,
        "name": "Loci\u00f3n Corporal Avenatopic KINESIA",
        "price": 4.99,
        "price_kilo": 1.25,
        "slug": "locion-corporal-avenatopic",
        "description": "Loci\u00f3n Corporal Avenatopic 400 ml",
        "image": "https:\/\/cdn-consum.aktiosdigitalservices.com\/tol\/consum\/media\/product\/img\/300x300\/7323053.jpg?t=20241217081141"
    },
    {
        "id": 19600,
        "name": "Perlas Unstoppables Perfume Fresh LENOR",
        "price": 6.99,
        "price_kilo": 33.29,
        "slug": "perlas-unstoppables-perfume-fresh",
        "description": "Perlas Unstoppables Perfume Fresh 210 Gr",
        "image": "https:\/\/cdn-consum.aktiosdigitalservices.com\/tol\/consum\/media\/product\/img\/300x300\/7323210.jpg?t=20241217081141"
    },
    {
        "id": 19609,
        "name": "Isot\u00f3nico Azul Botella UPGRADE",
        "price": 1.55,
        "price_kilo": 1.03,
        "slug": "isotonico-azul-botella",
        "description": "Isot\u00f3nico Azul Botella 1,5 L",
        "image": "https:\/\/cdn-consum.aktiosdigitalservices.com\/tol\/consum\/media\/product\/img\/300x300\/7323694.jpg?t=20250227092955"
    },
    {
        "id": 19614,
        "name": "Entrecot de Novillo Argentino ",
        "price": 5.97,
        "price_kilo": 39.99,
        "slug": "entrecot-de-novillo-argentino",
        "description": "Entrecot de Novillo Argentino",
        "image": "https:\/\/cdn-consum.aktiosdigitalservices.com\/tol\/consum\/media\/product\/img\/300x300\/109751.jpg?t=20250319075616"
    },
    {
        "id": 19615,
        "name": "Filete Solomillo de A\u00f1ojo ",
        "price": 6.7,
        "price_kilo": 44.9,
        "slug": "filete-solomillo-de-anojo",
        "description": "Filete Solomillo de A\u00f1ojo",
        "image": "https:\/\/cdn-consum.aktiosdigitalservices.com\/tol\/consum\/media\/product\/img\/300x300\/120576.jpg?t=20250322075652"
    },
    {
        "id": 19616,
        "name": "Cabeza de Lomo sin Hueso ",
        "price": 0.63,
        "price_kilo": 6.99,
        "slug": "cabeza-de-lomo-sin-hueso",
        "description": "Cabeza de Lomo sin Hueso",
        "image": "https:\/\/cdn-consum.aktiosdigitalservices.com\/tol\/consum\/media\/product\/img\/300x300\/993381.jpg?t=20250322075724"
    },
    {
        "id": 19617,
        "name": "Chuleta Aguja de Cerdo ",
        "price": 0.85,
        "price_kilo": 6.54,
        "slug": "chuleta-aguja-de-cerdo",
        "description": "Chuleta Aguja de Cerdo",
        "image": "https:\/\/cdn-consum.aktiosdigitalservices.com\/tol\/consum\/media\/product\/img\/300x300\/993423.jpg?t=20250322075725"
    },
    {
        "id": 19618,
        "name": "Chuleta de Lomo Cerdo ",
        "price": 0.84,
        "price_kilo": 6.74,
        "slug": "chuleta-de-lomo-cerdo",
        "description": "Chuleta de Lomo Cerdo",
        "image": "https:\/\/cdn-consum.aktiosdigitalservices.com\/tol\/consum\/media\/product\/img\/300x300\/993498.jpg?t=20250322075727"
    },
    {
        "id": 19619,
        "name": "Panceta de Cerdo ",
        "price": 0.58,
        "price_kilo": 7.59,
        "slug": "panceta-de-cerdo",
        "description": "Panceta de Cerdo",
        "image": "https:\/\/cdn-consum.aktiosdigitalservices.com\/tol\/consum\/media\/product\/img\/300x300\/993621.jpg?t=20250322075732"
    },
    {
        "id": 19620,
        "name": "Filete Lomo de Cerdo ",
        "price": 0.47,
        "price_kilo": 7.19,
        "slug": "filete-lomo-de-cerdo",
        "description": "Filete Lomo de Cerdo",
        "image": "https:\/\/cdn-consum.aktiosdigitalservices.com\/tol\/consum\/media\/product\/img\/300x300\/3167947.jpg?t=20250322075747"
    },
    {
        "id": 19621,
        "name": "A\u00f1ojo para Guisar ",
        "price": 17.4,
        "price_kilo": 17.4,
        "slug": "anojo-para-guisar",
        "description": "A\u00f1ojo para Guisar",
        "image": "https:\/\/cdn-consum.aktiosdigitalservices.com\/tol\/consum\/media\/product\/img\/300x300\/4907663.jpg?t=20250322075754"
    },
    {
        "id": 19622,
        "name": "Lomo Entrecot de Ternera Gallega ",
        "price": 9.89,
        "price_kilo": 32.95,
        "slug": "lomo-entrecot-de-ternera-gallega",
        "description": "Lomo Entrecot de Ternera Gallega",
        "image": "https:\/\/cdn-consum.aktiosdigitalservices.com\/tol\/consum\/media\/product\/img\/300x300\/7090467.jpg?t=20250321075749"
    },
    {
        "id": 19623,
        "name": "Babilla A\u00f1ojo ",
        "price": 2.98,
        "price_kilo": 19.95,
        "slug": "babilla-anojo",
        "description": "Babilla A\u00f1ojo",
        "image": "https:\/\/cdn-consum.aktiosdigitalservices.com\/tol\/consum\/media\/product\/img\/300x300\/7098192.jpg?t=20250322075838"
    },
    {
        "id": 19624,
        "name": "Filete Solomillo de Ternera Gallega ",
        "price": 8.2,
        "price_kilo": 54.95,
        "slug": "filete-solomillo-de-ternera-gallega",
        "description": "Filete Solomillo de Ternera Gallega",
        "image": "https:\/\/cdn-consum.aktiosdigitalservices.com\/tol\/consum\/media\/product\/img\/300x300\/7121874.jpg?t=20250322075847"
    },
    {
        "id": 19630,
        "name": "Alubia Blanca Paquete CONSUM",
        "price": 2.55,
        "price_kilo": 2.55,
        "slug": "alubia-blanca-paquete",
        "description": "Alubia Blanca Paquete 1 Kg",
        "image": "https:\/\/cdn-consum.aktiosdigitalservices.com\/tol\/consum\/media\/product\/img\/300x300\/7316755.jpg?t=20250314121547"
    },
    {
        "id": 19633,
        "name": "Goma B\u00e1sica Grande Negra PONETTE",
        "price": 1.15,
        "price_kilo": 0.19,
        "slug": "goma-basica-grande-negra",
        "description": "Goma B\u00e1sica Grande Negra 6 U",
        "image": "https:\/\/cdn-consum.aktiosdigitalservices.com\/tol\/consum\/media\/product\/img\/300x300\/7321545.jpg?t=20250128080605"
    },
    {
        "id": 19640,
        "name": "Comida H\u00fameda Perros 2 Pollo y 2 Buey y Verdura PEDIGREE",
        "price": 3.39,
        "price_kilo": 8.48,
        "slug": "comida-humeda-perros-2-pollo-y-2-buey-y-verdura",
        "description": "Comida H\u00fameda Perros 2 Pollo y 2 Buey y Verdura 4 x 100 Gr",
        "image": "https:\/\/cdn-consum.aktiosdigitalservices.com\/tol\/consum\/media\/product\/img\/300x300\/7322956.jpg?t=20241217081141"
    },
    {
        "id": 19650,
        "name": "Servilleta 2 Capas Happy Hour FOXY",
        "price": 1.59,
        "price_kilo": 0.04,
        "slug": "servilleta-2-capas-happy-hour",
        "description": "Servilleta 2 Capas Happy Hour 50 U",
        "image": "https:\/\/cdn-consum.aktiosdigitalservices.com\/tol\/consum\/media\/product\/img\/300x300\/7323462.jpg?t=20250313080617"
    },
    {
        "id": 19651,
        "name": "Arena de Gatos Absorbente CITYCAT",
        "price": 1.4,
        "price_kilo": 0.28,
        "slug": "arena-de-gatos-absorbente",
        "description": "Arena de Gatos Absorbente 5 Kg",
        "image": "https:\/\/cdn-consum.aktiosdigitalservices.com\/tol\/consum\/media\/product\/img\/300x300\/7323504.jpg?t=20241217081141"
    },
    {
        "id": 19652,
        "name": "Arena de Gatos Perfumada CITYCAT",
        "price": 1.7,
        "price_kilo": 0.34,
        "slug": "arena-de-gatos-perfumada",
        "description": "Arena de Gatos Perfumada 5 Kg",
        "image": "https:\/\/cdn-consum.aktiosdigitalservices.com\/tol\/consum\/media\/product\/img\/300x300\/7323509.jpg?t=20241217081141"
    },
    {
        "id": 19655,
        "name": "Cerveza Artesana LA SOCARRADA",
        "price": 2.95,
        "price_kilo": 8.94,
        "slug": "cerveza-artesana",
        "description": "Cerveza Artesana 0,33 L",
        "image": "https:\/\/cdn-consum.aktiosdigitalservices.com\/tol\/consum\/media\/product\/img\/300x300\/7323793.jpg?t=20241217081141"
    },
    {
        "id": 19682,
        "name": "Pila Alcalina AA Blister 4 M\u00e1s 2 ENERGIZER",
        "price": 5.29,
        "price_kilo": 0.88,
        "slug": "pila-alcalina-aa-blister-4-mas-2",
        "description": "Pila Alcalina AA Blister 4 M\u00e1s 2 6 x 1 U",
        "image": "https:\/\/cdn-consum.aktiosdigitalservices.com\/tol\/consum\/media\/product\/img\/300x300\/7262447.jpg?t=20241217081106"
    },
    {
        "id": 19686,
        "name": "Bebida de Granada Sin Az\u00facares A\u00f1adidos CONSUM",
        "price": 0.99,
        "price_kilo": 0.99,
        "slug": "bebida-de-granada-sin-azucares-anadidos",
        "description": "Bebida de Granada Sin Az\u00facares A\u00f1adidos 1 L",
        "image": "https:\/\/cdn-consum.aktiosdigitalservices.com\/tol\/consum\/media\/product\/img\/300x300\/7291115.jpg?t=20250311110218"
    },
    {
        "id": 19693,
        "name": "Goma Trenzada Negra PONETTE",
        "price": 1.75,
        "price_kilo": 0.88,
        "slug": "goma-trenzada-negra",
        "description": "Goma Trenzada Negra 2 U",
        "image": "https:\/\/cdn-consum.aktiosdigitalservices.com\/tol\/consum\/media\/product\/img\/300x300\/7321537.jpg?t=20250213080216"
    },
    {
        "id": 19695,
        "name": "Pannacotta Caramelo Pack de 2 Unidades D.PASTICCERI",
        "price": 1.85,
        "price_kilo": 9.25,
        "slug": "pannacotta-caramelo-pack-de-2-unidades",
        "description": "Pannacotta Caramelo Pack de 2 Unidades 2 x 100 Gr",
        "image": "https:\/\/cdn-consum.aktiosdigitalservices.com\/tol\/consum\/media\/product\/img\/300x300\/7321735.jpg?t=20240910080409"
    },
    {
        "id": 19705,
        "name": "Refresco Lim\u00f3n Botella FANTA",
        "price": 1.49,
        "price_kilo": 1.19,
        "slug": "refresco-limon-botella",
        "description": "Refresco Lim\u00f3n Botella 1,25 L",
        "image": "https:\/\/cdn-consum.aktiosdigitalservices.com\/tol\/consum\/media\/product\/img\/300x300\/7323061.jpg?t=20250320080105"
    },
    {
        "id": 19706,
        "name": "Refresco Naranja Botella FANTA",
        "price": 1.49,
        "price_kilo": 1.19,
        "slug": "refresco-naranja-botella",
        "description": "Refresco Naranja Botella 1,25 L",
        "image": "https:\/\/cdn-consum.aktiosdigitalservices.com\/tol\/consum\/media\/product\/img\/300x300\/7323074.jpg?t=20250320080107"
    },
    {
        "id": 19708,
        "name": "Cerveza Maestra Dunkel Botella MAHOU",
        "price": 1.49,
        "price_kilo": 4.52,
        "slug": "cerveza-maestra-dunkel-botella",
        "description": "Cerveza Maestra Dunkel Botella 0,33 L",
        "image": "https:\/\/cdn-consum.aktiosdigitalservices.com\/tol\/consum\/media\/product\/img\/300x300\/7323491.jpg?t=20250220080633"
    },
    {
        "id": 19712,
        "name": "Chocolate Fondant DOLCA",
        "price": 1.29,
        "price_kilo": 12.9,
        "slug": "chocolate-fondant",
        "description": "Chocolate Fondant 100 Gr",
        "image": "https:\/\/cdn-consum.aktiosdigitalservices.com\/tol\/consum\/media\/product\/img\/300x300\/7323814.jpg?t=20250311134052"
    },
    {
        "id": 19713,
        "name": "Chocolate con Leche Extrafino DOLCA",
        "price": 1.29,
        "price_kilo": 12.9,
        "slug": "chocolate-con-leche-extrafino",
        "description": "Chocolate con Leche Extrafino 100 Gr",
        "image": "https:\/\/cdn-consum.aktiosdigitalservices.com\/tol\/consum\/media\/product\/img\/300x300\/7323827.jpg?t=20250311134054"
    },
    {
        "id": 19714,
        "name": "Huevo Campero Cocido 1\/2 Docena MONTERDE",
        "price": 2.34,
        "price_kilo": 4.68,
        "slug": "huevo-campero-cocido-1-2-docena",
        "description": "Huevo Campero Cocido 1\/2 Docena 0,5 Dc",
        "image": "https:\/\/cdn-consum.aktiosdigitalservices.com\/tol\/consum\/media\/product\/img\/300x300\/7324080.jpg?t=20250311110719"
    },
    {
        "id": 19726,
        "name": "Pera Conferencia D.O. Rinc\u00f3n de Soto ",
        "price": 3.39,
        "price_kilo": 4.52,
        "slug": "pera-conferencia-do-rincon-de-soto",
        "description": "Pera Conferencia D.O. Rinc\u00f3n de Soto 750 Gr",
        "image": "https:\/\/cdn-consum.aktiosdigitalservices.com\/tol\/consum\/media\/product\/img\/300x300\/7324739.jpg?t=20250204081117"
    },
    {
        "id": 19728,
        "name": "Pant Hombre Talla S-M DEPEND",
        "price": 13.49,
        "price_kilo": 1.35,
        "slug": "pant-hombre-talla-s-m",
        "description": "Pant Hombre Talla S-M 10 U",
        "image": "https:\/\/cdn-consum.aktiosdigitalservices.com\/tol\/consum\/media\/product\/img\/300x300\/7281231.jpg?t=20250312092757"
    },
    {
        "id": 19730,
        "name": "Gofre con Chocolate 120 M\u00e1s 20 g WAFFY",
        "price": 0.79,
        "price_kilo": 5.64,
        "slug": "gofre-con-chocolate-120-mas-20-g",
        "description": "Gofre con Chocolate 120 M\u00e1s 20 g 140 Gr",
        "image": "https:\/\/cdn-consum.aktiosdigitalservices.com\/tol\/consum\/media\/product\/img\/300x300\/7290091.jpg?t=20250313080439"
    },
    {
        "id": 19732,
        "name": "Comida Seca Gatos Pollo VITALITY",
        "price": 1.89,
        "price_kilo": 4.2,
        "slug": "comida-seca-gatos-pollo",
        "description": "Comida Seca Gatos Pollo 450 Gr",
        "image": "https:\/\/cdn-consum.aktiosdigitalservices.com\/tol\/consum\/media\/product\/img\/300x300\/7300622.jpg?t=20250304115724"
    },
    {
        "id": 19733,
        "name": "Aceituna Partida de la Abuela Antequera CHIC\u00d3N",
        "price": 3.95,
        "price_kilo": 7.18,
        "slug": "aceituna-partida-de-la-abuela-antequera",
        "description": "Aceituna Partida de la Abuela Antequera 550 Gr",
        "image": "https:\/\/cdn-consum.aktiosdigitalservices.com\/tol\/consum\/media\/product\/img\/300x300\/7304004.jpg?t=20250218081359"
    },
    {
        "id": 19735,
        "name": "Rosquillo Frito ",
        "price": 2.15,
        "price_kilo": 8.27,
        "slug": "rosquillo-frito",
        "description": "Rosquillo Frito 260 Gr",
        "image": "https:\/\/cdn-consum.aktiosdigitalservices.com\/tol\/consum\/media\/product\/img\/300x300\/7306496.jpg?t=20250322075952"
    },
    {
        "id": 19740,
        "name": "Lubricante Naturals H20 DUREX",
        "price": 14.7,
        "price_kilo": 14.7,
        "slug": "lubricante-naturals-h20",
        "description": "Lubricante Naturals H20 100% ingredientes naturales 100 ml",
        "image": "https:\/\/cdn-consum.aktiosdigitalservices.com\/tol\/consum\/media\/product\/img\/300x300\/7316201.jpg?t=20250313080609"
    },
    {
        "id": 19777,
        "name": "Tripack Caf\u00e9 con Leche C\u00e1psulas DOLCE GUSTO",
        "price": 12.75,
        "price_kilo": 0.27,
        "slug": "tripack-cafe-con-leche-capsulas",
        "description": "Tripack Caf\u00e9 con Leche C\u00e1psulas 3 x 16 U",
        "image": "https:\/\/cdn-consum.aktiosdigitalservices.com\/tol\/consum\/media\/product\/img\/300x300\/7323798.jpg?t=20250311164608"
    },
    {
        "id": 19778,
        "name": "Tripack Espresso Intenso C\u00e1psulas DOLCE GUSTO",
        "price": 12.75,
        "price_kilo": 0.27,
        "slug": "tripack-espresso-intenso-capsulas",
        "description": "Tripack Espresso Intenso C\u00e1psulas 3 x 16 U",
        "image": "https:\/\/cdn-consum.aktiosdigitalservices.com\/tol\/consum\/media\/product\/img\/300x300\/7323801.jpg?t=20250311164608"
    },
    {
        "id": 19780,
        "name": "Jengibre con Mango 20 Bolsitas POMPADOUR",
        "price": 2.79,
        "price_kilo": 0.14,
        "slug": "jengibre-con-mango-20-bolsitas",
        "description": "Jengibre con Mango 20 Bolsitas 20 U",
        "image": "https:\/\/cdn-consum.aktiosdigitalservices.com\/tol\/consum\/media\/product\/img\/300x300\/7324242.jpg?t=20250311134059"
    },
    {
        "id": 19788,
        "name": "Tortita ma\u00edz Jordi Cruz Jam\u00f3n Ib\u00e9rico BICENTURY",
        "price": 2.39,
        "price_kilo": 19.35,
        "slug": "tortita-maiz-jordi-cruz-jamon-iberico",
        "description": "Tortita ma\u00edz Jordi Cruz Jam\u00f3n Ib\u00e9rico 123.5 gr",
        "image": "https:\/\/cdn-consum.aktiosdigitalservices.com\/tol\/consum\/media\/product\/img\/300x300\/7324549.jpg?t=20250313080621"
    },
    {
        "id": 19794,
        "name": "Gofre Natural Waffy WAFFY",
        "price": 0.69,
        "price_kilo": 5.75,
        "slug": "gofre-natural-waffy",
        "description": "Gofre Natural Waffy 120 Gr",
        "image": "https:\/\/cdn-consum.aktiosdigitalservices.com\/tol\/consum\/media\/product\/img\/300x300\/7324619.jpg?t=20250313080623"
    },
    {
        "id": 19806,
        "name": "Mermelada Ecol\u00f3gica Fresa CONSUM ECO",
        "price": 1.99,
        "price_kilo": 5.69,
        "slug": "mermelada-ecologica-fresa",
        "description": "Mermelada Ecol\u00f3gica Fresa 350 Gr",
        "image": "https:\/\/cdn-consum.aktiosdigitalservices.com\/tol\/consum\/media\/product\/img\/300x300\/7288442.jpg?t=20250314121538"
    },
    {
        "id": 19807,
        "name": "Mermelada Ecol\u00f3gica Melocot\u00f3n CONSUM ECO",
        "price": 1.99,
        "price_kilo": 5.69,
        "slug": "mermelada-ecologica-melocoton",
        "description": "Mermelada Ecol\u00f3gica Melocot\u00f3n 350 Gr",
        "image": "https:\/\/cdn-consum.aktiosdigitalservices.com\/tol\/consum\/media\/product\/img\/300x300\/7288447.jpg?t=20250311110152"
    },
    {
        "id": 19810,
        "name": "Cera En Gel Look Natural GIORGI",
        "price": 3.99,
        "price_kilo": 2.75,
        "slug": "cera-en-gel-look-natural",
        "description": "Cera En Gel Look Natural 145 ml",
        "image": "https:\/\/cdn-consum.aktiosdigitalservices.com\/tol\/consum\/media\/product\/img\/300x300\/7302487.jpg?t=20250312160625"
    },
    {
        "id": 19816,
        "name": "Sopa Marisco Gourmet con Caldo de Pescado COCINARTE",
        "price": 3.75,
        "price_kilo": 8.33,
        "slug": "sopa-marisco-gourmet-con-caldo-de-pescado",
        "description": "Sopa Marisco Gourmet con Caldo de Pescado 450 Gr",
        "image": "https:\/\/cdn-consum.aktiosdigitalservices.com\/tol\/consum\/media\/product\/img\/300x300\/7322068.jpg?t=20241217081140"
    },
    {
        "id": 19825,
        "name": "Pack Ranas Relieve PONETTE",
        "price": 1.99,
        "price_kilo": 0.5,
        "slug": "pack-ranas-relieve",
        "description": "Pack Ranas Relieve 4 U",
        "image": "https:\/\/cdn-consum.aktiosdigitalservices.com\/tol\/consum\/media\/product\/img\/300x300\/7324580.jpg?t=20241217081141"
    },
    {
        "id": 19831,
        "name": "Coletero Invisible Grande Multicolor PONETTE",
        "price": 2.15,
        "price_kilo": 0.43,
        "slug": "coletero-invisible-grande-multicolor",
        "description": "Coletero Invisible Grande Multicolor 5 U",
        "image": "https:\/\/cdn-consum.aktiosdigitalservices.com\/tol\/consum\/media\/product\/img\/300x300\/7324770.jpg?t=20250311164608"
    },
    {
        "id": 19833,
        "name": "Coletero invisible decorado PONETTE",
        "price": 2.15,
        "price_kilo": 2.15,
        "slug": "coletero-invisible-decorado",
        "description": "Coletero invisible decorado 1 U",
        "image": "https:\/\/cdn-consum.aktiosdigitalservices.com\/tol\/consum\/media\/product\/img\/300x300\/7324783.jpg?t=20241217081141"
    },
    {
        "id": 19835,
        "name": "Goma trenzada multicolor PONETTE",
        "price": 1.75,
        "price_kilo": 0.88,
        "slug": "goma-trenzada-multicolor",
        "description": "Goma trenzada multicolor 2 U",
        "image": "https:\/\/cdn-consum.aktiosdigitalservices.com\/tol\/consum\/media\/product\/img\/300x300\/7324812.jpg?t=20250213080218"
    },
    {
        "id": 19836,
        "name": "Goma b\u00e1sica multicolor PONETTE",
        "price": 1.15,
        "price_kilo": 0.19,
        "slug": "goma-basica-multicolor",
        "description": "Goma b\u00e1sica multicolor 6 U",
        "image": "https:\/\/cdn-consum.aktiosdigitalservices.com\/tol\/consum\/media\/product\/img\/300x300\/7324817.jpg?t=20241231080017"
    },
    {
        "id": 19837,
        "name": "Goma met\u00e1lica grande multicolor PONETTE",
        "price": 1.15,
        "price_kilo": 0.12,
        "slug": "goma-metalica-grande-multicolor",
        "description": "Goma met\u00e1lica grande multicolor 10 U",
        "image": "https:\/\/cdn-consum.aktiosdigitalservices.com\/tol\/consum\/media\/product\/img\/300x300\/7324820.jpg?t=20241217081142"
    },
    {
        "id": 19840,
        "name": "Queso Cabra La Casita Leche Cabra Pasteurizad CAPRILLICE",
        "price": 21.9,
        "price_kilo": 21.9,
        "slug": "queso-cabra-la-casita-leche-cabra-pasteurizad",
        "description": "Queso Cabra La Casita Leche Cabra Pasteurizad",
        "image": "https:\/\/cdn-consum.aktiosdigitalservices.com\/tol\/consum\/media\/product\/img\/300x300\/7288145.jpg?t=20250303075830"
    },
    {
        "id": 19841,
        "name": "Chocolate Negro 85% Cacao CONSUM",
        "price": 1.85,
        "price_kilo": 18.5,
        "slug": "chocolate-negro-85-cacao",
        "description": "Chocolate Negro 85% Cacao 100 Gr",
        "image": "https:\/\/cdn-consum.aktiosdigitalservices.com\/tol\/consum\/media\/product\/img\/300x300\/7298529.jpg?t=20250311133938"
    },
    {
        "id": 19845,
        "name": "Garbanzo Selecto Paquete CONSUM",
        "price": 2.2,
        "price_kilo": 2.2,
        "slug": "garbanzo-selecto-paquete",
        "description": "Garbanzo Selecto Paquete 1 Kg",
        "image": "https:\/\/cdn-consum.aktiosdigitalservices.com\/tol\/consum\/media\/product\/img\/300x300\/7316768.jpg?t=20250312125613"
    },
    {
        "id": 19846,
        "name": "Profiteroles de Nata Pack de 2 Unidades D.PASTICCERI",
        "price": 1.85,
        "price_kilo": 10.28,
        "slug": "profiteroles-de-nata-pack-de-2-unidades",
        "description": "Profiteroles de Nata Pack de 2 Unidades 2 x 90 Gr",
        "image": "https:\/\/cdn-consum.aktiosdigitalservices.com\/tol\/consum\/media\/product\/img\/300x300\/7321730.jpg?t=20241217081140"
    },
    {
        "id": 19847,
        "name": "Jud\u00eda Redonda Frasco CONSUM",
        "price": 1.25,
        "price_kilo": 3.47,
        "slug": "judia-redonda-frasco",
        "description": "Jud\u00eda Redonda Frasco 360 Gr",
        "image": "https:\/\/cdn-consum.aktiosdigitalservices.com\/tol\/consum\/media\/product\/img\/300x300\/7322019.jpg?t=20241217081140"
    },
    {
        "id": 19858,
        "name": "Preparado para hornear 5 Sobres ROYAL",
        "price": 2.35,
        "price_kilo": 29.38,
        "slug": "preparado-para-hornear-5-sobres",
        "description": "Preparado para hornear 5 Sobres 80 Gr",
        "image": "https:\/\/cdn-consum.aktiosdigitalservices.com\/tol\/consum\/media\/product\/img\/300x300\/7324551.jpg?t=20250311110727"
    },
    {
        "id": 19873,
        "name": "Arroz Redondo Denominaci\u00f3n de Origen Valencia CONSUM",
        "price": 1.71,
        "price_kilo": 1.71,
        "slug": "arroz-redondo-denominacion-de-origen-valencia",
        "description": "Arroz Redondo Denominaci\u00f3n de Origen Valencia 1 Kg",
        "image": "https:\/\/cdn-consum.aktiosdigitalservices.com\/tol\/consum\/media\/product\/img\/300x300\/7293590.jpg?t=20250312092758"
    },
    {
        "id": 19898,
        "name": "Caf\u00e9 en Grano Puro Ar\u00e1bica BONKA",
        "price": 9.9,
        "price_kilo": 19.8,
        "slug": "cafe-en-grano-puro-arabica",
        "description": "Caf\u00e9 en Grano Puro Ar\u00e1bica 500 Gr",
        "image": "https:\/\/cdn-consum.aktiosdigitalservices.com\/tol\/consum\/media\/product\/img\/300x300\/7324978.jpg?t=20250312160710"
    },
    {
        "id": 19910,
        "name": "R\u00fastico 100 % Integral de Trigo ",
        "price": 0.64,
        "price_kilo": 6.74,
        "slug": "rustico-100-integral-de-trigo",
        "description": "R\u00fastico 100 % Integral de Trigo 95 Gr",
        "image": "https:\/\/cdn-consum.aktiosdigitalservices.com\/tol\/consum\/media\/product\/img\/300x300\/7325124.jpg?t=20250318080338"
    },
    {
        "id": 19911,
        "name": "R\u00fastico sin Sal A\u00f1adida 100% Integral de Trigo ",
        "price": 0.73,
        "price_kilo": 5.62,
        "slug": "rustico-sin-sal-anadida-100-integral-de-trigo",
        "description": "R\u00fastico sin Sal A\u00f1adida 100% Integral de Trigo 130 Gr",
        "image": "https:\/\/cdn-consum.aktiosdigitalservices.com\/tol\/consum\/media\/product\/img\/300x300\/7325129.jpg?t=20250204081124"
    },
    {
        "id": 19920,
        "name": "Uva roja bandeja sin Semilla ",
        "price": 2.79,
        "price_kilo": 5.58,
        "slug": "uva-roja-bandeja-sin-semilla",
        "description": "Uva roja bandeja sin Semilla 500 Gr",
        "image": "https:\/\/cdn-consum.aktiosdigitalservices.com\/tol\/consum\/media\/product\/img\/300x300\/7325611.jpg?t=20250318080942"
    },
    {
        "id": 19925,
        "name": "Refresco Cola Botella CONSUM",
        "price": 0.75,
        "price_kilo": 0.38,
        "slug": "refresco-cola-botella",
        "description": "Refresco Cola Botella 2 L",
        "image": "https:\/\/cdn-consum.aktiosdigitalservices.com\/tol\/consum\/media\/product\/img\/300x300\/7315539.jpg?t=20241217081135"
    },
    {
        "id": 19926,
        "name": "Refresco Lim\u00f3n Botella CONSUM",
        "price": 0.95,
        "price_kilo": 0.48,
        "slug": "refresco-limon-botella",
        "description": "Refresco Lim\u00f3n Botella 2 L",
        "image": "https:\/\/cdn-consum.aktiosdigitalservices.com\/tol\/consum\/media\/product\/img\/300x300\/7315554.jpg?t=20250207080112"
    },
    {
        "id": 19929,
        "name": "Yemas muy Gruesas Frasco CARRETILLA",
        "price": 4.59,
        "price_kilo": 41.73,
        "slug": "yemas-muy-gruesas-frasco",
        "description": "Yemas muy Gruesas Frasco 110 Gr",
        "image": "https:\/\/cdn-consum.aktiosdigitalservices.com\/tol\/consum\/media\/product\/img\/300x300\/7324226.jpg?t=20250311134057"
    },
    {
        "id": 19933,
        "name": "Lomo Ib\u00e9rico Adobado FINURA",
        "price": 9.12,
        "price_kilo": 25.99,
        "slug": "lomo-iberico-adobado",
        "description": "Lomo Ib\u00e9rico Adobado",
        "image": "https:\/\/cdn-consum.aktiosdigitalservices.com\/tol\/consum\/media\/product\/img\/300x300\/7325178.jpg?t=20240910080411"
    },
    {
        "id": 19934,
        "name": "Cesta Colores Peque\u00f1a Regalo PONETTE",
        "price": 2.99,
        "price_kilo": 2.99,
        "slug": "cesta-colores-pequena-regalo",
        "description": "Cesta Colores Peque\u00f1a Regalo 1 U",
        "image": "https:\/\/cdn-consum.aktiosdigitalservices.com\/tol\/consum\/media\/product\/img\/300x300\/7325223.jpg?t=20241217081142"
    },
    {
        "id": 19939,
        "name": "Caldo Fideu\u00e1 F\u00e1cil Brik G.BLANCA",
        "price": 3.49,
        "price_kilo": 3.49,
        "slug": "caldo-fideua-facil-brik",
        "description": "Caldo Fideu\u00e1 F\u00e1cil Brik 1 L",
        "image": "https:\/\/cdn-consum.aktiosdigitalservices.com\/tol\/consum\/media\/product\/img\/300x300\/7325442.jpg?t=20250318080340"
    },
    {
        "id": 19948,
        "name": "Corazones Romana 2Ud Peso Aproximado 650 Gr. ",
        "price": 1.75,
        "price_kilo": 3.18,
        "slug": "corazones-romana-2ud-peso-aproximado-650-gr",
        "description": "Corazones Romana 2Ud Peso Aproximado 650 Gr. 0,55 Kg",
        "image": "https:\/\/cdn-consum.aktiosdigitalservices.com\/tol\/consum\/media\/product\/img\/300x300\/7325830.jpg?t=20250225080058"
    },
    {
        "id": 19964,
        "name": "Protector Absorbente KYREY",
        "price": 6.39,
        "price_kilo": 0.43,
        "slug": "protector-absorbente",
        "description": "Protector Absorbente 15 U",
        "image": "https:\/\/cdn-consum.aktiosdigitalservices.com\/tol\/consum\/media\/product\/img\/300x300\/7325368.jpg?t=20241217081142"
    },
    {
        "id": 19965,
        "name": "Crema Fijadora M\u00e1ximo Sellado COREGA",
        "price": 10.49,
        "price_kilo": 26.23,
        "slug": "crema-fijadora-maximo-sellado",
        "description": "Crema Fijadora M\u00e1ximo Sellado 40 Gr",
        "image": "https:\/\/cdn-consum.aktiosdigitalservices.com\/tol\/consum\/media\/product\/img\/300x300\/7325434.jpg?t=20250227093022"
    },
    {
        "id": 19967,
        "name": "An\u00eds Dulce Botella CHINCHON",
        "price": 12.29,
        "price_kilo": 12.29,
        "slug": "anis-dulce-botella",
        "description": "An\u00eds Dulce Botella 1 L",
        "image": "https:\/\/cdn-consum.aktiosdigitalservices.com\/tol\/consum\/media\/product\/img\/300x300\/7325533.jpg?t=20250212080108"
    },
    {
        "id": 19980,
        "name": "Esp\u00e1rragos Muy Gruesos Frasco CARRETILLA",
        "price": 3.69,
        "price_kilo": 18,
        "slug": "esparragos-muy-gruesos-frasco",
        "description": "Esp\u00e1rragos Muy Gruesos Frasco 205 Gr",
        "image": "https:\/\/cdn-consum.aktiosdigitalservices.com\/tol\/consum\/media\/product\/img\/300x300\/7324218.jpg?t=20250318080336"
    },
    {
        "id": 19981,
        "name": "Coletero invisible peque\u00f1o color neutro PONETTE",
        "price": 2.15,
        "price_kilo": 0.54,
        "slug": "coletero-invisible-pequeno-color-neutro",
        "description": "Coletero invisible peque\u00f1o color neutro 4 U",
        "image": "https:\/\/cdn-consum.aktiosdigitalservices.com\/tol\/consum\/media\/product\/img\/300x300\/7324796.jpg?t=20241217081142"
    },
    {
        "id": 19984,
        "name": "Cesta Colores Grande Regalo PONETTE",
        "price": 3.99,
        "price_kilo": 3.99,
        "slug": "cesta-colores-grande-regalo",
        "description": "Cesta Colores Grande Regalo 1 U",
        "image": "https:\/\/cdn-consum.aktiosdigitalservices.com\/tol\/consum\/media\/product\/img\/300x300\/7325256.jpg?t=20241217081142"
    },
    {
        "id": 19986,
        "name": "Crema Fijadora Extra Fuerte COREGA",
        "price": 14.39,
        "price_kilo": 205.57,
        "slug": "crema-fijadora-extra-fuerte",
        "description": "Crema Fijadora Extra Fuerte 70 Gr",
        "image": "https:\/\/cdn-consum.aktiosdigitalservices.com\/tol\/consum\/media\/product\/img\/300x300\/7325426.jpg?t=20250227093020"
    },
    {
        "id": 19987,
        "name": "Tabletas Limpiadora Ox\u00edgeno Bio Activo COREGA",
        "price": 14.49,
        "price_kilo": 0.22,
        "slug": "tabletas-limpiadora-oxigeno-bio-activo",
        "description": "Tabletas Limpiadora Ox\u00edgeno Bio Activo 66 U",
        "image": "https:\/\/cdn-consum.aktiosdigitalservices.com\/tol\/consum\/media\/product\/img\/300x300\/7325439.jpg?t=20250227093024"
    },
    {
        "id": 19993,
        "name": "Detergente Polvo CONSUM",
        "price": 2.39,
        "price_kilo": 0.2,
        "slug": "detergente-polvo",
        "description": "Detergente Polvo 12 Lv",
        "image": "https:\/\/cdn-consum.aktiosdigitalservices.com\/tol\/consum\/media\/product\/img\/300x300\/7310006.jpg?t=20241217081132"
    },
    {
        "id": 19994,
        "name": "Coletero invisible grande colores neutros PONETTE",
        "price": 2.15,
        "price_kilo": 0.43,
        "slug": "coletero-invisible-grande-colores-neutros",
        "description": "Coletero invisible grande colores neutros 5 U",
        "image": "https:\/\/cdn-consum.aktiosdigitalservices.com\/tol\/consum\/media\/product\/img\/300x300\/7324791.jpg?t=20250311164608"
    },
    {
        "id": 19996,
        "name": "Ambientador Pulverizador Ropa Limpia MYHOME",
        "price": 2.79,
        "price_kilo": 2.79,
        "slug": "ambientador-pulverizador-ropa-limpia",
        "description": "Ambientador Pulverizador Ropa Limpia",
        "image": "https:\/\/cdn-consum.aktiosdigitalservices.com\/tol\/consum\/media\/product\/img\/300x300\/7325058.jpg?t=20241217081142"
    },
    {
        "id": 19997,
        "name": "Toallitas Infantiles DODOT",
        "price": 1.75,
        "price_kilo": 0.03,
        "slug": "toallitas-infantiles",
        "description": "Toallitas Infantiles 64 U",
        "image": "https:\/\/cdn-consum.aktiosdigitalservices.com\/tol\/consum\/media\/product\/img\/300x300\/7325251.jpg?t=20241217081142"
    },
    {
        "id": 19998,
        "name": "Mojic\u00f3n con Pepitas de Chocolate LUNA",
        "price": 1.79,
        "price_kilo": 7.46,
        "slug": "mojicon-con-pepitas-de-chocolate",
        "description": "Mojic\u00f3n con Pepitas de Chocolate 240 Gr",
        "image": "https:\/\/cdn-consum.aktiosdigitalservices.com\/tol\/consum\/media\/product\/img\/300x300\/7325699.jpg?t=20250311110740"
    },
    {
        "id": 20002,
        "name": "C\u00e1psulas Magnesio m\u00e1s Vitaminas NATURTIERRA",
        "price": 4.99,
        "price_kilo": 0.06,
        "slug": "capsulas-magnesio-mas-vitaminas",
        "description": "C\u00e1psulas Magnesio m\u00e1s Vitaminas 90 U",
        "image": "https:\/\/cdn-consum.aktiosdigitalservices.com\/tol\/consum\/media\/product\/img\/300x300\/7325983.jpg?t=20241217081143"
    },
    {
        "id": 20003,
        "name": "C\u00e1psulas Hierro m\u00e1s Vitaminas m\u00e1s \u00c1cido NATURTIERRA",
        "price": 3.99,
        "price_kilo": 0.13,
        "slug": "capsulas-hierro-mas-vitaminas-mas-acido",
        "description": "C\u00e1psulas Hierro m\u00e1s Vitaminas m\u00e1s \u00c1cido 30 U",
        "image": "https:\/\/cdn-consum.aktiosdigitalservices.com\/tol\/consum\/media\/product\/img\/300x300\/7325988.jpg?t=20241217081143"
    },
    {
        "id": 20004,
        "name": "Lomo Empanado CONSUM",
        "price": 3.6,
        "price_kilo": 8.99,
        "slug": "lomo-empanado",
        "description": "Lomo Empanado",
        "image": "https:\/\/cdn-consum.aktiosdigitalservices.com\/tol\/consum\/media\/product\/img\/300x300\/7326155.jpg?t=20250114084417"
    },
    {
        "id": 20022,
        "name": "Maquinilla Desechable Cabezal Basculante NEXTGEN",
        "price": 2.99,
        "price_kilo": 0.3,
        "slug": "maquinilla-desechable-cabezal-basculante",
        "description": "Maquinilla Desechable Cabezal Basculante 10 U",
        "image": "https:\/\/cdn-consum.aktiosdigitalservices.com\/tol\/consum\/media\/product\/img\/300x300\/7325132.jpg?t=20241217081142"
    },
    {
        "id": 20023,
        "name": "Ambientador SS&SP Lavanda Aparat.m\u00e1s Rec GLADE",
        "price": 6.7,
        "price_kilo": 6.7,
        "slug": "ambientador-sssp-lavanda-aparatmas-rec",
        "description": "Ambientador SS&SP Lavanda Aparat.m\u00e1s Rec 1 U",
        "image": "https:\/\/cdn-consum.aktiosdigitalservices.com\/tol\/consum\/media\/product\/img\/300x300\/7325228.jpg?t=20250227093017"
    },
    {
        "id": 20027,
        "name": "Ambientador Un Toque Lavanda Ap.m\u00e1s Recam. GLADE",
        "price": 4.75,
        "price_kilo": 4.75,
        "slug": "ambientador-un-toque-lavanda-apmas-recam",
        "description": "Ambientador Un Toque Lavanda Ap.m\u00e1s Recam. 1 U",
        "image": "https:\/\/cdn-consum.aktiosdigitalservices.com\/tol\/consum\/media\/product\/img\/300x300\/7325850.jpg?t=20250311164608"
    },
    {
        "id": 20028,
        "name": "C\u00e1psulas Jengibre NATURTIERRA",
        "price": 4.99,
        "price_kilo": 0.25,
        "slug": "capsulas-jengibre",
        "description": "C\u00e1psulas Jengibre 20 U",
        "image": "https:\/\/cdn-consum.aktiosdigitalservices.com\/tol\/consum\/media\/product\/img\/300x300\/7325991.jpg?t=20250311164608"
    },
    {
        "id": 20040,
        "name": "Zumo de Frutas y Leche Sabor Tropical P-6 DON SIMON",
        "price": 1.5,
        "price_kilo": 1.25,
        "slug": "zumo-de-frutas-y-leche-sabor-tropical-p-6",
        "description": "Zumo de Frutas y Leche Sabor Tropical P-6 6 x 200 ml",
        "image": "https:\/\/cdn-consum.aktiosdigitalservices.com\/tol\/consum\/media\/product\/img\/300x300\/7326762.jpg?t=20250311110747"
    },
    {
        "id": 20043,
        "name": "Pechuga de Pavo sin Grasa ELPOZO",
        "price": 13.95,
        "price_kilo": 13.95,
        "slug": "pechuga-de-pavo-sin-grasa",
        "description": "Pechuga de Pavo sin Grasa",
        "image": "https:\/\/cdn-consum.aktiosdigitalservices.com\/tol\/consum\/media\/product\/img\/300x300\/7107431.jpg?t=20250318080001"
    },
    {
        "id": 20048,
        "name": "Queso Mezcla Semi Leche Pasteurizada ARTEPOK",
        "price": 14.04,
        "price_kilo": 14.04,
        "slug": "queso-mezcla-semi-leche-pasteurizada",
        "description": "Queso Mezcla Semi Leche Pasteurizada",
        "image": "https:\/\/cdn-consum.aktiosdigitalservices.com\/tol\/consum\/media\/product\/img\/300x300\/7282270.jpg?t=20250322075943"
    },
    {
        "id": 20051,
        "name": "Jam\u00f3n Gran Reserva 100% Natural 18 Meses REDONDO I.",
        "price": 29,
        "price_kilo": 29,
        "slug": "jamon-gran-reserva-100-natural-18-meses",
        "description": "Jam\u00f3n Gran Reserva 100% Natural 18 Meses",
        "image": "https:\/\/cdn-consum.aktiosdigitalservices.com\/tol\/consum\/media\/product\/img\/300x300\/7311256.jpg?t=20250321075924"
    },
    {
        "id": 20052,
        "name": "Discos Absorbentes Lactancia TIGEX",
        "price": 5.99,
        "price_kilo": 0.1,
        "slug": "discos-absorbentes-lactancia",
        "description": "Discos Absorbentes Lactancia 60 U",
        "image": "https:\/\/cdn-consum.aktiosdigitalservices.com\/tol\/consum\/media\/product\/img\/300x300\/7315674.jpg?t=20250227092926"
    },
    {
        "id": 20056,
        "name": "Queso sin Lactosa Lonchas CONSUM",
        "price": 2.04,
        "price_kilo": 13.6,
        "slug": "queso-sin-lactosa-lonchas",
        "description": "Queso sin Lactosa Lonchas 150 Gr",
        "image": "https:\/\/cdn-consum.aktiosdigitalservices.com\/tol\/consum\/media\/product\/img\/300x300\/7318322.jpg?t=20250103081822"
    },
    {
        "id": 20057,
        "name": "Tijeras Grandes PONETTE",
        "price": 7.69,
        "price_kilo": 7.69,
        "slug": "tijeras-grandes",
        "description": "Tijeras Grandes 1 U",
        "image": "https:\/\/cdn-consum.aktiosdigitalservices.com\/tol\/consum\/media\/product\/img\/300x300\/7325269.jpg?t=20241217081142"
    },
    {
        "id": 20062,
        "name": "Galleta Artesana Cacahuete BONDIA",
        "price": 1.22,
        "price_kilo": 9.04,
        "slug": "galleta-artesana-cacahuete",
        "description": "Galleta Artesana Cacahuete 135 Gr",
        "image": "https:\/\/cdn-consum.aktiosdigitalservices.com\/tol\/consum\/media\/product\/img\/300x300\/7325723.jpg?t=20250311110742"
    },
    {
        "id": 20078,
        "name": "Zumo de Frutas y Leche Sabor Caribe P-6 DON SIMON",
        "price": 1.5,
        "price_kilo": 1.25,
        "slug": "zumo-de-frutas-y-leche-sabor-caribe-p-6",
        "description": "Zumo de Frutas y Leche Sabor Caribe P-6 6 x 200 ml",
        "image": "https:\/\/cdn-consum.aktiosdigitalservices.com\/tol\/consum\/media\/product\/img\/300x300\/7326754.jpg?t=20250311110744"
    },
    {
        "id": 20079,
        "name": "Pouche Yogurt Pl\u00e1tano Fresa HERO",
        "price": 1.19,
        "price_kilo": 11.9,
        "slug": "pouche-yogurt-platano-fresa",
        "description": "Pouche Yogurt Pl\u00e1tano Fresa 100 Gr",
        "image": "https:\/\/cdn-consum.aktiosdigitalservices.com\/tol\/consum\/media\/product\/img\/300x300\/7326825.jpg?t=20250313080629"
    },
    {
        "id": 20080,
        "name": "Pouche Manzana, Fresa Pl\u00e1tano, Ar\u00e1ndano Solo HERO",
        "price": 1.35,
        "price_kilo": 13.5,
        "slug": "pouche-manzana-fresa-platano-arandano-solo",
        "description": "Pouche Manzana, Fresa Pl\u00e1tano, Ar\u00e1ndano Solo 100 Gr",
        "image": "https:\/\/cdn-consum.aktiosdigitalservices.com\/tol\/consum\/media\/product\/img\/300x300\/7326838.jpg?t=20250311110755"
    },
    {
        "id": 20081,
        "name": "Gourmet Mon Petit Comida Gatos H\u00fameda PURINA",
        "price": 2.99,
        "price_kilo": 9.97,
        "slug": "gourmet-mon-petit-comida-gatos-humeda",
        "description": "Gourmet Mon Petit Comida Gatos H\u00fameda 6 x 50 Gr",
        "image": "https:\/\/cdn-consum.aktiosdigitalservices.com\/tol\/consum\/media\/product\/img\/300x300\/7327211.jpg?t=20250227093037"
    },
    {
        "id": 20090,
        "name": "Toallitas Infantiles Cremosas CONSUM",
        "price": 0.85,
        "price_kilo": 0.04,
        "slug": "toallitas-infantiles-cremosas",
        "description": "Toallitas Infantiles Cremosas 24 U",
        "image": "https:\/\/cdn-consum.aktiosdigitalservices.com\/tol\/consum\/media\/product\/img\/300x300\/7315992.jpg?t=20241217081135"
    },
    {
        "id": 20091,
        "name": "Ron Botella SANTA TERESA",
        "price": 17.39,
        "price_kilo": 24.84,
        "slug": "ron-botella",
        "description": "Ron Botella 0,7 L",
        "image": "https:\/\/cdn-consum.aktiosdigitalservices.com\/tol\/consum\/media\/product\/img\/300x300\/7325004.jpg?t=20250208075835"
    },
    {
        "id": 20110,
        "name": "Tarrito Verdura Huerta y Pavo HERO",
        "price": 1.75,
        "price_kilo": 7.45,
        "slug": "tarrito-verdura-huerta-y-pavo",
        "description": "Tarrito Verdura Huerta y Pavo 235 Gr",
        "image": "https:\/\/cdn-consum.aktiosdigitalservices.com\/tol\/consum\/media\/product\/img\/300x300\/7326833.jpg?t=20250311134106"
    },
    {
        "id": 20111,
        "name": "Dent\u00edfrico Total Original COLGATE",
        "price": 2.45,
        "price_kilo": 3.27,
        "slug": "dentifrico-total-original",
        "description": "Dent\u00edfrico Total Original 75 ml",
        "image": "https:\/\/cdn-consum.aktiosdigitalservices.com\/tol\/consum\/media\/product\/img\/300x300\/7326994.jpg?t=20250227093033"
    },
    {
        "id": 20112,
        "name": "Dent\u00edfrico Total Blanqueador COLGATE",
        "price": 3.19,
        "price_kilo": 4.25,
        "slug": "dentifrico-total-blanqueador",
        "description": "Dent\u00edfrico Total Blanqueador 75 ml",
        "image": "https:\/\/cdn-consum.aktiosdigitalservices.com\/tol\/consum\/media\/product\/img\/300x300\/7327000.jpg?t=20250227093035"
    },
    {
        "id": 20119,
        "name": "Queso Fondue Caja FROMALP",
        "price": 4.49,
        "price_kilo": 11.23,
        "slug": "queso-fondue-caja",
        "description": "Queso Fondue Caja 400 Gr",
        "image": "https:\/\/cdn-consum.aktiosdigitalservices.com\/tol\/consum\/media\/product\/img\/300x300\/110262.jpg?t=20250304103704"
    },
    {
        "id": 20262,
        "name": "Vino Tinto Crianza D.O.Jumilla JUAN GIL",
        "price": 12.8,
        "price_kilo": 17.07,
        "slug": "vino-tinto-crianza-dojumilla",
        "description": "Vino Tinto Crianza D.O.Jumilla 0,75 L",
        "image": "https:\/\/cdn-consum.aktiosdigitalservices.com\/tol\/consum\/media\/product\/img\/300x300\/7251585.jpg?t=20250311164600"
    },
    {
        "id": 20324,
        "name": "Alubia Blanca congelada C.NAVARRA",
        "price": 1.42,
        "price_kilo": 3.55,
        "slug": "alubia-blanca-congelada",
        "description": "Alubia Blanca congelada 400 Gr",
        "image": "https:\/\/cdn-consum.aktiosdigitalservices.com\/tol\/consum\/media\/product\/img\/300x300\/7303563.jpg?t=20250103081645"
    },
    {
        "id": 20345,
        "name": "Champ\u00fa Kids CONSUM",
        "price": 1.39,
        "price_kilo": 0.56,
        "slug": "champu-kids",
        "description": "Champ\u00fa Kids 250 ml",
        "image": "https:\/\/cdn-consum.aktiosdigitalservices.com\/tol\/consum\/media\/product\/img\/300x300\/7310592.jpg?t=20250213080204"
    },
    {
        "id": 20347,
        "name": "Pan de Gambas Bolsa ESCRIVA",
        "price": 1.49,
        "price_kilo": 18.63,
        "slug": "pan-de-gambas-bolsa",
        "description": "Pan de Gambas Bolsa 80 Gr",
        "image": "https:\/\/cdn-consum.aktiosdigitalservices.com\/tol\/consum\/media\/product\/img\/300x300\/7310915.jpg?t=20250204081036"
    },
    {
        "id": 20349,
        "name": "Hamburguesa de Ternera Ecol\u00f3gica COREN",
        "price": 4.19,
        "price_kilo": 17.46,
        "slug": "hamburguesa-de-ternera-ecologica",
        "description": "Hamburguesa de Ternera Ecol\u00f3gica 240 Gr",
        "image": "https:\/\/cdn-consum.aktiosdigitalservices.com\/tol\/consum\/media\/product\/img\/300x300\/7311152.jpg?t=20250304111931"
    },
    {
        "id": 20353,
        "name": "K\u00e9fir Cabra Ecol\u00f3gico Natural EL CANTERO",
        "price": 2.89,
        "price_kilo": 6.88,
        "slug": "kefir-cabra-ecologico-natural",
        "description": "K\u00e9fir Cabra Ecol\u00f3gico Natural 420 Gr",
        "image": "https:\/\/cdn-consum.aktiosdigitalservices.com\/tol\/consum\/media\/product\/img\/300x300\/7312648.jpg?t=20250227092907"
    },
    {
        "id": 20358,
        "name": "Skyr High Protein Desnatado Natural EHRMANN",
        "price": 0.85,
        "price_kilo": 5.67,
        "slug": "skyr-high-protein-desnatado-natural",
        "description": "Skyr High Protein Desnatado Natural 150 Gr",
        "image": "https:\/\/cdn-consum.aktiosdigitalservices.com\/tol\/consum\/media\/product\/img\/300x300\/7314185.jpg?t=20250313080605"
    },
    {
        "id": 20371,
        "name": "Refresco Lim\u00f3n Lata CONSUM",
        "price": 0.37,
        "price_kilo": 1.12,
        "slug": "refresco-limon-lata",
        "description": "Refresco Lim\u00f3n Lata 0,33 L",
        "image": "https:\/\/cdn-consum.aktiosdigitalservices.com\/tol\/consum\/media\/product\/img\/300x300\/7315596.jpg?t=20250207080114"
    },
    {
        "id": 20374,
        "name": "Cereal Crunchy Nut KELLOGG'S",
        "price": 3.99,
        "price_kilo": 7.98,
        "slug": "cereal-crunchy-nut",
        "description": "Cereal Crunchy Nut",
        "image": "https:\/\/cdn-consum.aktiosdigitalservices.com\/tol\/consum\/media\/product\/img\/300x300\/7315823.jpg?t=20250311110621"
    },
    {
        "id": 20382,
        "name": "Frutos del Bosque congelados C.NAVARRA",
        "price": 1.84,
        "price_kilo": 6.13,
        "slug": "frutos-del-bosque-congelados",
        "description": "Frutos del Bosque congelados 300 Gr",
        "image": "https:\/\/cdn-consum.aktiosdigitalservices.com\/tol\/consum\/media\/product\/img\/300x300\/7317035.jpg?t=20250103081750"
    },
    {
        "id": 20383,
        "name": "Ar\u00e1ndanos C.NAVARRA",
        "price": 2.09,
        "price_kilo": 6.97,
        "slug": "arandanos",
        "description": "Ar\u00e1ndanos 300 Gr",
        "image": "https:\/\/cdn-consum.aktiosdigitalservices.com\/tol\/consum\/media\/product\/img\/300x300\/7317043.jpg?t=20250103081753"
    },
    {
        "id": 20394,
        "name": "Confitura de Fresa BONNE MAMAN",
        "price": 2.99,
        "price_kilo": 8.08,
        "slug": "confitura-de-fresa",
        "description": "Confitura de Fresa 370 Gr",
        "image": "https:\/\/cdn-consum.aktiosdigitalservices.com\/tol\/consum\/media\/product\/img\/300x300\/7318819.jpg?t=20250311110640"
    },
    {
        "id": 20395,
        "name": "Confitura de Melocot\u00f3n BONNE MAMAN",
        "price": 2.99,
        "price_kilo": 8.08,
        "slug": "confitura-de-melocoton",
        "description": "Confitura de Melocot\u00f3n 370 Gr",
        "image": "https:\/\/cdn-consum.aktiosdigitalservices.com\/tol\/consum\/media\/product\/img\/300x300\/7318822.jpg?t=20250311110643"
    },
    {
        "id": 20396,
        "name": "Confitura de Ar\u00e1ndano Salvaje BONNE MAMAN",
        "price": 4.49,
        "price_kilo": 12.14,
        "slug": "confitura-de-arandano-salvaje",
        "description": "Confitura de Ar\u00e1ndano Salvaje 370 Gr",
        "image": "https:\/\/cdn-consum.aktiosdigitalservices.com\/tol\/consum\/media\/product\/img\/300x300\/7318827.jpg?t=20250311134038"
    },
    {
        "id": 20422,
        "name": "Chirivia Granel ",
        "price": 0.47,
        "price_kilo": 3.1,
        "slug": "chirivia-granel",
        "description": "Chirivia Granel",
        "image": "https:\/\/cdn-consum.aktiosdigitalservices.com\/tol\/consum\/media\/product\/img\/300x300\/7324507.jpg?t=20250304112151"
    },
    {
        "id": 20432,
        "name": "Tijera Beb\u00e9 PONETTE",
        "price": 2.85,
        "price_kilo": 2.85,
        "slug": "tijera-bebe",
        "description": "Tijera Beb\u00e9 1 U",
        "image": "https:\/\/cdn-consum.aktiosdigitalservices.com\/tol\/consum\/media\/product\/img\/300x300\/7325751.jpg?t=20250311164608"
    },
    {
        "id": 20452,
        "name": "Limpiador WC Lej\u00eda Gel Mountain Fresh 750+50 WC NET",
        "price": 2.99,
        "price_kilo": 3.74,
        "slug": "limpiador-wc-lejia-gel-mountain-fresh-75050",
        "description": "Limpiador WC Lej\u00eda Gel Mountain Fresh 750+50 800 ml",
        "image": "https:\/\/cdn-consum.aktiosdigitalservices.com\/tol\/consum\/media\/product\/img\/300x300\/7326742.jpg?t=20241217081143"
    },
    {
        "id": 20453,
        "name": "Maquinilla Afeitar 5 H GT5 NEXTGEN",
        "price": 4.75,
        "price_kilo": 4.75,
        "slug": "maquinilla-afeitar-5-h-gt5",
        "description": "Maquinilla Afeitar 5 H GT5 1 U",
        "image": "https:\/\/cdn-consum.aktiosdigitalservices.com\/tol\/consum\/media\/product\/img\/300x300\/7326747.jpg?t=20241217081143"
    },
    {
        "id": 20455,
        "name": "S\u00e9rum Regenerist 3 \u00c1reas OLAY",
        "price": 27.9,
        "price_kilo": 55.8,
        "slug": "serum-regenerist-3-areas",
        "description": "S\u00e9rum Regenerist 3 \u00c1reas 50 ml",
        "image": "https:\/\/cdn-consum.aktiosdigitalservices.com\/tol\/consum\/media\/product\/img\/300x300\/7326809.jpg?t=20250311164608"
    },
    {
        "id": 20463,
        "name": "Nachos de Ma\u00edz Fritos Sabor Natural MEXIFOODS",
        "price": 2.65,
        "price_kilo": 8.83,
        "slug": "nachos-de-maiz-fritos-sabor-natural",
        "description": "Nachos de Ma\u00edz Fritos Sabor Natural 300 Gr",
        "image": "https:\/\/cdn-consum.aktiosdigitalservices.com\/tol\/consum\/media\/product\/img\/300x300\/7327372.jpg?t=20250318080345"
    },
    {
        "id": 20470,
        "name": "Vino Blanco Vino de Mesa D. SIMON",
        "price": 0.85,
        "price_kilo": 1.7,
        "slug": "vino-blanco-vino-de-mesa",
        "description": "Vino Blanco Vino de Mesa 0,5 L",
        "image": "https:\/\/cdn-consum.aktiosdigitalservices.com\/tol\/consum\/media\/product\/img\/300x300\/7327604.jpg?t=20241217081143"
    },
    {
        "id": 20511,
        "name": "Esp\u00e1rragos Medianos Calidad Extra. Frasco CONSUM",
        "price": 1.5,
        "price_kilo": 13.64,
        "slug": "esparragos-medianos-calidad-extra-frasco",
        "description": "Esp\u00e1rragos Medianos Calidad Extra. Frasco 100 Gr",
        "image": "https:\/\/cdn-consum.aktiosdigitalservices.com\/tol\/consum\/media\/product\/img\/300x300\/7302248.jpg?t=20241217081127"
    },
    {
        "id": 20512,
        "name": "Biber\u00f3n L\u00e1tex Cuello Ancho TIGEX",
        "price": 6.99,
        "price_kilo": 2.33,
        "slug": "biberon-latex-cuello-ancho",
        "description": "Biber\u00f3n L\u00e1tex Cuello Ancho 300 ml",
        "image": "https:\/\/cdn-consum.aktiosdigitalservices.com\/tol\/consum\/media\/product\/img\/300x300\/7315682.jpg?t=20250311164607"
    },
    {
        "id": 20514,
        "name": "Servilleta ECO Dos Capas 32x33 CONSUM ECO",
        "price": 1.59,
        "price_kilo": 0.03,
        "slug": "servilleta-eco-dos-capas-32x33",
        "description": "Servilleta ECO Dos Capas 32x33 50 U",
        "image": "https:\/\/cdn-consum.aktiosdigitalservices.com\/tol\/consum\/media\/product\/img\/300x300\/7318103.jpg?t=20241217081138"
    },
    {
        "id": 20515,
        "name": "Tallos Esp\u00e1rragos Lata CONSUM",
        "price": 1.59,
        "price_kilo": 6.36,
        "slug": "tallos-esparragos-lata",
        "description": "Tallos Esp\u00e1rragos Lata 250 Gr",
        "image": "https:\/\/cdn-consum.aktiosdigitalservices.com\/tol\/consum\/media\/product\/img\/300x300\/7319705.jpg?t=20241217081139"
    },
    {
        "id": 20516,
        "name": "Esp\u00e1rragos Trigueros Frasco CONSUM",
        "price": 1.55,
        "price_kilo": 15.5,
        "slug": "esparragos-trigueros-frasco",
        "description": "Esp\u00e1rragos Trigueros Frasco 100 Gr",
        "image": "https:\/\/cdn-consum.aktiosdigitalservices.com\/tol\/consum\/media\/product\/img\/300x300\/7319713.jpg?t=20241217081139"
    },
    {
        "id": 20517,
        "name": "Tiramis\u00fa Pack de 2 Unidades CONSUM",
        "price": 1.19,
        "price_kilo": 7.44,
        "slug": "tiramisu-pack-de-2-unidades",
        "description": "Tiramis\u00fa Pack de 2 Unidades 2 x 80 Gr",
        "image": "https:\/\/cdn-consum.aktiosdigitalservices.com\/tol\/consum\/media\/product\/img\/300x300\/7321776.jpg?t=20250312125629"
    },
    {
        "id": 20524,
        "name": "Apio Rallado Frasco CONSUM",
        "price": 1.15,
        "price_kilo": 6.05,
        "slug": "apio-rallado-frasco",
        "description": "Apio Rallado Frasco 190 Gr",
        "image": "https:\/\/cdn-consum.aktiosdigitalservices.com\/tol\/consum\/media\/product\/img\/300x300\/7322691.jpg?t=20250312092800"
    },
    {
        "id": 20525,
        "name": "Brotes Germinados Frasco CONSUM",
        "price": 1.49,
        "price_kilo": 7.84,
        "slug": "brotes-germinados-frasco",
        "description": "Brotes Germinados Frasco 190 Gr",
        "image": "https:\/\/cdn-consum.aktiosdigitalservices.com\/tol\/consum\/media\/product\/img\/300x300\/7322696.jpg?t=20241217081141"
    },
    {
        "id": 20526,
        "name": "Ensalada China Frasco CONSUM",
        "price": 1.29,
        "price_kilo": 6.79,
        "slug": "ensalada-china-frasco",
        "description": "Ensalada China Frasco 190 Gr",
        "image": "https:\/\/cdn-consum.aktiosdigitalservices.com\/tol\/consum\/media\/product\/img\/300x300\/7322704.jpg?t=20241217081141"
    },
    {
        "id": 20527,
        "name": "Remolacha Rallada Frasco CONSUM",
        "price": 0.99,
        "price_kilo": 5.21,
        "slug": "remolacha-rallada-frasco",
        "description": "Remolacha Rallada Frasco 190 Gr",
        "image": "https:\/\/cdn-consum.aktiosdigitalservices.com\/tol\/consum\/media\/product\/img\/300x300\/7322709.jpg?t=20241217081141"
    },
    {
        "id": 20528,
        "name": "Remolacha Rodajas Frasco CONSUM",
        "price": 0.99,
        "price_kilo": 5.21,
        "slug": "remolacha-rodajas-frasco",
        "description": "Remolacha Rodajas Frasco 190 Gr",
        "image": "https:\/\/cdn-consum.aktiosdigitalservices.com\/tol\/consum\/media\/product\/img\/300x300\/7322712.jpg?t=20241217081141"
    },
    {
        "id": 20529,
        "name": "Zanahoria Rallada Frasco CONSUM",
        "price": 0.99,
        "price_kilo": 5.21,
        "slug": "zanahoria-rallada-frasco",
        "description": "Zanahoria Rallada Frasco 190 Gr",
        "image": "https:\/\/cdn-consum.aktiosdigitalservices.com\/tol\/consum\/media\/product\/img\/300x300\/7322717.jpg?t=20250314121555"
    },
    {
        "id": 20530,
        "name": "Esp\u00e1rragos muy Gruesos Frasco CARRETILLA",
        "price": 2.99,
        "price_kilo": 27.18,
        "slug": "esparragos-muy-gruesos-frasco",
        "description": "Esp\u00e1rragos muy Gruesos Frasco 110 Gr",
        "image": "https:\/\/cdn-consum.aktiosdigitalservices.com\/tol\/consum\/media\/product\/img\/300x300\/7324213.jpg?t=20250320080110"
    },
    {
        "id": 20531,
        "name": "Pimiento Morr\u00f3n Entero Lata Pack de 3 CONSUM",
        "price": 1.89,
        "price_kilo": 10.5,
        "slug": "pimiento-morron-entero-lata-pack-de-3",
        "description": "Pimiento Morr\u00f3n Entero Lata Pack de 3 3 x 60 Gr",
        "image": "https:\/\/cdn-consum.aktiosdigitalservices.com\/tol\/consum\/media\/product\/img\/300x300\/7324833.jpg?t=20250214075926"
    },
    {
        "id": 20532,
        "name": "Pimiento Tiras con Ajo Frasco CONSUM",
        "price": 1.49,
        "price_kilo": 7.84,
        "slug": "pimiento-tiras-con-ajo-frasco",
        "description": "Pimiento Tiras con Ajo Frasco 190 Gr",
        "image": "https:\/\/cdn-consum.aktiosdigitalservices.com\/tol\/consum\/media\/product\/img\/300x300\/7324841.jpg?t=20250214075928"
    },
    {
        "id": 20533,
        "name": "Pimiento Asado Tiras Lata Pack de 3 CONSUM",
        "price": 1.49,
        "price_kilo": 8.28,
        "slug": "pimiento-asado-tiras-lata-pack-de-3",
        "description": "Pimiento Asado Tiras Lata Pack de 3 3 x 60 Gr",
        "image": "https:\/\/cdn-consum.aktiosdigitalservices.com\/tol\/consum\/media\/product\/img\/300x300\/7324846.jpg?t=20250214075930"
    },
    {
        "id": 20551,
        "name": "Pan Tostado Tostas sin Gluten SCH\u00c4R",
        "price": 4.72,
        "price_kilo": 18.15,
        "slug": "pan-tostado-tostas-sin-gluten",
        "description": "Pan Tostado Tostas sin Gluten 260 Gr",
        "image": "https:\/\/cdn-consum.aktiosdigitalservices.com\/tol\/consum\/media\/product\/img\/300x300\/7327732.jpg?t=20250311110757"
    },
    {
        "id": 20554,
        "name": "Huevo Campero XL 1\/2 Docena MONTERDE",
        "price": 2.54,
        "price_kilo": 5.08,
        "slug": "huevo-campero-xl-1-2-docena",
        "description": "Huevo Campero XL 1\/2 Docena 0,5 Dc",
        "image": "https:\/\/cdn-consum.aktiosdigitalservices.com\/tol\/consum\/media\/product\/img\/300x300\/7327752.jpg?t=20250311110759"
    },
    {
        "id": 20559,
        "name": "Cereales con Miel Pops KELLOGG'S",
        "price": 4.2,
        "price_kilo": 10.5,
        "slug": "cereales-con-miel-pops",
        "description": "Cereales con Miel Pops 450 Gr",
        "image": "https:\/\/cdn-consum.aktiosdigitalservices.com\/tol\/consum\/media\/product\/img\/300x300\/7328011.jpg?t=20250313080631"
    },
    {
        "id": 20581,
        "name": "Yogur de Vaca Ecol\u00f3gico Natural Pack 2 Unidades CONSUM ECO",
        "price": 1.49,
        "price_kilo": 5.96,
        "slug": "yogur-de-vaca-ecologico-natural-pack-2-unidades",
        "description": "Yogur de Vaca Ecol\u00f3gico Natural Pack 2 Unidades 2 x 125 Gr",
        "image": "https:\/\/cdn-consum.aktiosdigitalservices.com\/tol\/consum\/media\/product\/img\/300x300\/7324155.jpg?t=20250204081115"
    },
    {
        "id": 20590,
        "name": "Caldo de Pescado Brik Pack de 2 G.BLANCA",
        "price": 3.69,
        "price_kilo": 1.85,
        "slug": "caldo-de-pescado-brik-pack-de-2",
        "description": "Caldo de Pescado Brik Pack de 2 2 x 1 L",
        "image": "https:\/\/cdn-consum.aktiosdigitalservices.com\/tol\/consum\/media\/product\/img\/300x300\/7326353.jpg?t=20250311164608"
    },
    {
        "id": 20591,
        "name": "Aceite de Aguacate Cristal ALBERT",
        "price": 2.35,
        "price_kilo": 9.4,
        "slug": "aceite-de-aguacate-cristal",
        "description": "Aceite de Aguacate Cristal 250 ml",
        "image": "https:\/\/cdn-consum.aktiosdigitalservices.com\/tol\/consum\/media\/product\/img\/300x300\/7327146.jpg?t=20241217081143"
    },
    {
        "id": 20592,
        "name": "Corazones Alcachofa Troceados congelados FINDUS",
        "price": 4.39,
        "price_kilo": 14.64,
        "slug": "corazones-alcachofa-troceados-congelados",
        "description": "Corazones Alcachofa Troceados congelados 300 Gr",
        "image": "https:\/\/cdn-consum.aktiosdigitalservices.com\/tol\/consum\/media\/product\/img\/300x300\/7327526.jpg?t=20250227093041"
    },
    {
        "id": 20598,
        "name": "Servilletas Trapuntati Dos Capas FOXY",
        "price": 1.99,
        "price_kilo": 0.04,
        "slug": "servilletas-trapuntati-dos-capas",
        "description": "Servilletas Trapuntati Dos Capas 50 U",
        "image": "https:\/\/cdn-consum.aktiosdigitalservices.com\/tol\/consum\/media\/product\/img\/300x300\/7327943.jpg?t=20250206093835"
    },
    {
        "id": 20604,
        "name": "Cerveza Dorada Lata EL \u00c1GUILA",
        "price": 0.85,
        "price_kilo": 2.58,
        "slug": "cerveza-dorada-lata",
        "description": "Cerveza Dorada Lata 0,33 L",
        "image": "https:\/\/cdn-consum.aktiosdigitalservices.com\/tol\/consum\/media\/product\/img\/300x300\/7328156.jpg?t=20250320080118"
    },
    {
        "id": 20608,
        "name": "Cereales Choco Krispies KELLOGG'S",
        "price": 3.55,
        "price_kilo": 8.45,
        "slug": "cereales-choco-krispies",
        "description": "Cereales Choco Krispies 420 Gr",
        "image": "https:\/\/cdn-consum.aktiosdigitalservices.com\/tol\/consum\/media\/product\/img\/300x300\/7328235.jpg?t=20250311110809"
    },
    {
        "id": 20611,
        "name": "Pachar\u00e1n Navarro I.G.Pachar\u00e1n Navarro NAPAROA",
        "price": 6.9,
        "price_kilo": 6.9,
        "slug": "pacharan-navarro-igpacharan-navarro",
        "description": "Pachar\u00e1n Navarro I.G.Pachar\u00e1n Navarro 1 L",
        "image": "https:\/\/cdn-consum.aktiosdigitalservices.com\/tol\/consum\/media\/product\/img\/300x300\/7328347.jpg?t=20250312092801"
    },
    {
        "id": 20660,
        "name": "Colonia Femenina CHANSON DEAU",
        "price": 7.95,
        "price_kilo": 3.98,
        "slug": "colonia-femenina",
        "description": "Colonia Femenina 200 ml",
        "image": "https:\/\/cdn-consum.aktiosdigitalservices.com\/tol\/consum\/media\/product\/img\/300x300\/7326007.jpg?t=20250312125635"
    },
    {
        "id": 20674,
        "name": "Salsa Tradicional Tarro Cristal KRAFT",
        "price": 2.49,
        "price_kilo": 5.08,
        "slug": "salsa-tradicional-tarro-cristal",
        "description": "Salsa Tradicional Tarro Cristal 490 Gr",
        "image": "https:\/\/cdn-consum.aktiosdigitalservices.com\/tol\/consum\/media\/product\/img\/300x300\/7328248.jpg?t=20250220080645"
    },
    {
        "id": 20685,
        "name": "Pants Hombre Talla L\/XL DEPEND",
        "price": 13.49,
        "price_kilo": 1.5,
        "slug": "pants-hombre-talla-l-xl",
        "description": "Pants Hombre Talla L\/XL 9 U",
        "image": "https:\/\/cdn-consum.aktiosdigitalservices.com\/tol\/consum\/media\/product\/img\/300x300\/7328867.jpg?t=20250311110812"
    },
    {
        "id": 20700,
        "name": "Lote Chocolate Blanco MILKYBAR",
        "price": 3.49,
        "price_kilo": 17.45,
        "slug": "lote-chocolate-blanco",
        "description": "Lote Chocolate Blanco 2 x 100 Gr",
        "image": "https:\/\/cdn-consum.aktiosdigitalservices.com\/tol\/consum\/media\/product\/img\/300x300\/7309214.jpg?t=20250311164605"
    },
    {
        "id": 20707,
        "name": "Cuchara Desechable Ma\u00edz 6 Unidades BETIK",
        "price": 0.69,
        "price_kilo": 0.12,
        "slug": "cuchara-desechable-maiz-6-unidades",
        "description": "Cuchara Desechable Ma\u00edz 6 Unidades 6 U",
        "image": "https:\/\/cdn-consum.aktiosdigitalservices.com\/tol\/consum\/media\/product\/img\/300x300\/7327901.jpg?t=20250311164608"
    },
    {
        "id": 20708,
        "name": "Tenedor Desechable Ma\u00edz 6 Unidades BETIK",
        "price": 0.85,
        "price_kilo": 0.14,
        "slug": "tenedor-desechable-maiz-6-unidades",
        "description": "Tenedor Desechable Ma\u00edz 6 Unidades 6 U",
        "image": "https:\/\/cdn-consum.aktiosdigitalservices.com\/tol\/consum\/media\/product\/img\/300x300\/7327906.jpg?t=20241217081144"
    },
    {
        "id": 20709,
        "name": "Cuchillo Desechable Ma\u00edz 6 Unidades BETIK",
        "price": 0.85,
        "price_kilo": 0.14,
        "slug": "cuchillo-desechable-maiz-6-unidades",
        "description": "Cuchillo Desechable Ma\u00edz 6 Unidades 6 U",
        "image": "https:\/\/cdn-consum.aktiosdigitalservices.com\/tol\/consum\/media\/product\/img\/300x300\/7327914.jpg?t=20241217081144"
    },
    {
        "id": 20712,
        "name": "Cereales Estrellitas NESTLE",
        "price": 2.45,
        "price_kilo": 9.07,
        "slug": "cereales-estrellitas",
        "description": "Cereales Estrellitas 270 Gr",
        "image": "https:\/\/cdn-consum.aktiosdigitalservices.com\/tol\/consum\/media\/product\/img\/300x300\/7327935.jpg?t=20250311110801"
    },
    {
        "id": 20714,
        "name": "Cerveza sin Filtrar Botella EL \u00c1GUILA",
        "price": 0.89,
        "price_kilo": 2.7,
        "slug": "cerveza-sin-filtrar-botella",
        "description": "Cerveza sin Filtrar Botella 0,33 L",
        "image": "https:\/\/cdn-consum.aktiosdigitalservices.com\/tol\/consum\/media\/product\/img\/300x300\/7328177.jpg?t=20250227093049"
    },
    {
        "id": 20718,
        "name": "Aceite Hidratante Aloe Piel Delicada JOHNSON",
        "price": 3.59,
        "price_kilo": 0.72,
        "slug": "aceite-hidratante-aloe-piel-delicada",
        "description": "Aceite Hidratante Aloe Piel Delicada 500 ml",
        "image": "https:\/\/cdn-consum.aktiosdigitalservices.com\/tol\/consum\/media\/product\/img\/300x300\/7328743.jpg?t=20250312160714"
    },
    {
        "id": 20719,
        "name": "Champ\u00fa Gold Pump JOHNSON",
        "price": 4.99,
        "price_kilo": 0.67,
        "slug": "champu-gold-pump",
        "description": "Champ\u00fa Gold Pump 750 ml",
        "image": "https:\/\/cdn-consum.aktiosdigitalservices.com\/tol\/consum\/media\/product\/img\/300x300\/7328750.jpg?t=20250311134109"
    },
    {
        "id": 20720,
        "name": "Acondicionador Gotas de Brillo JOHNSON",
        "price": 4.19,
        "price_kilo": 0.84,
        "slug": "acondicionador-gotas-de-brillo",
        "description": "Acondicionador Gotas de Brillo 500 ml",
        "image": "https:\/\/cdn-consum.aktiosdigitalservices.com\/tol\/consum\/media\/product\/img\/300x300\/7328805.jpg?t=20250227093100"
    },
    {
        "id": 20732,
        "name": "Toallitas Infantiles Cremosas CONSUM",
        "price": 1.4,
        "price_kilo": 0.02,
        "slug": "toallitas-infantiles-cremosas",
        "description": "Toallitas Infantiles Cremosas 80 U",
        "image": "https:\/\/cdn-consum.aktiosdigitalservices.com\/tol\/consum\/media\/product\/img\/300x300\/7315984.jpg?t=20250312092800"
    },
    {
        "id": 20745,
        "name": "Champ\u00fa Camomila JOHNSON",
        "price": 4.99,
        "price_kilo": 0.67,
        "slug": "champu-camomila",
        "description": "Champ\u00fa Camomila 750 ml",
        "image": "https:\/\/cdn-consum.aktiosdigitalservices.com\/tol\/consum\/media\/product\/img\/300x300\/7328748.jpg?t=20250311164609"
    },
    {
        "id": 20746,
        "name": "Champ\u00fa Infantil Gotas de Brillo JOHNSON",
        "price": 4.19,
        "price_kilo": 0.84,
        "slug": "champu-infantil-gotas-de-brillo",
        "description": "Champ\u00fa Infantil Gotas de Brillo 500 ml",
        "image": "https:\/\/cdn-consum.aktiosdigitalservices.com\/tol\/consum\/media\/product\/img\/300x300\/7328789.jpg?t=20250311164609"
    },
    {
        "id": 20747,
        "name": "Jab\u00f3n L\u00edquido Infantil Dulces Sue\u00f1os JOHNSON",
        "price": 3.99,
        "price_kilo": 0.53,
        "slug": "jabon-liquido-infantil-dulces-suenos",
        "description": "Jab\u00f3n L\u00edquido Infantil Dulces Sue\u00f1os 750 ml",
        "image": "https:\/\/cdn-consum.aktiosdigitalservices.com\/tol\/consum\/media\/product\/img\/300x300\/7328859.jpg?t=20241217081144"
    },
    {
        "id": 20750,
        "name": "Zumo Manzana Ecol\u00f3gico VALFRUTTA",
        "price": 3.39,
        "price_kilo": 3.39,
        "slug": "zumo-manzana-ecologico",
        "description": "Zumo Manzana Ecol\u00f3gico 1 L",
        "image": "https:\/\/cdn-consum.aktiosdigitalservices.com\/tol\/consum\/media\/product\/img\/300x300\/7329019.jpg?t=20250116080251"
    },
    {
        "id": 20751,
        "name": "Tomillo Entero Frasco DUCROS",
        "price": 2.39,
        "price_kilo": 21.73,
        "slug": "tomillo-entero-frasco",
        "description": "Tomillo Entero Frasco 11 Gr",
        "image": "https:\/\/cdn-consum.aktiosdigitalservices.com\/tol\/consum\/media\/product\/img\/300x300\/7329030.jpg?t=20241217081144"
    },
    {
        "id": 20752,
        "name": "Agua Mineral Natural Botella FONT VELLA",
        "price": 0.94,
        "price_kilo": 1.25,
        "slug": "agua-mineral-natural-botella",
        "description": "Agua Mineral Natural Botella 0,75 L",
        "image": "https:\/\/cdn-consum.aktiosdigitalservices.com\/tol\/consum\/media\/product\/img\/300x300\/7329121.jpg?t=20241217081144"
    },
    {
        "id": 20753,
        "name": "Alb\u00f3ndigas con Guisante Lata LOZANO",
        "price": 2.19,
        "price_kilo": 5.15,
        "slug": "albondigas-con-guisante-lata",
        "description": "Alb\u00f3ndigas con Guisante Lata 425 Gr",
        "image": "https:\/\/cdn-consum.aktiosdigitalservices.com\/tol\/consum\/media\/product\/img\/300x300\/7316099.jpg?t=20250313080607"
    },
    {
        "id": 20765,
        "name": "Toallitas Desmaquillantes Viaje VITESSE",
        "price": 1.7,
        "price_kilo": 0.14,
        "slug": "toallitas-desmaquillantes-viaje",
        "description": "Toallitas Desmaquillantes Viaje 12 U",
        "image": "https:\/\/cdn-consum.aktiosdigitalservices.com\/tol\/consum\/media\/product\/img\/300x300\/7328920.jpg?t=20250204081139"
    },
    {
        "id": 20769,
        "name": "Queso Havarti Lonchas ARLA",
        "price": 4.99,
        "price_kilo": 16.63,
        "slug": "queso-havarti-lonchas",
        "description": "Queso Havarti Lonchas 300 Gr",
        "image": "https:\/\/cdn-consum.aktiosdigitalservices.com\/tol\/consum\/media\/product\/img\/300x300\/7329055.jpg?t=20250103081857"
    },
    {
        "id": 20775,
        "name": "Tarta Crujiente de Chocolate y Nata ",
        "price": 7.89,
        "price_kilo": 22.54,
        "slug": "tarta-crujiente-de-chocolate-y-nata",
        "description": "Tarta Crujiente de Chocolate y Nata 350 Gr",
        "image": "https:\/\/cdn-consum.aktiosdigitalservices.com\/tol\/consum\/media\/product\/img\/300x300\/7329188.jpg?t=20250101082059"
    },
    {
        "id": 20785,
        "name": "Cerveza IPA Artesana Botella TYRIS",
        "price": 1.69,
        "price_kilo": 5.12,
        "slug": "cerveza-ipa-artesana-botella",
        "description": "Cerveza IPA Artesana Botella 0,33 L",
        "image": "https:\/\/cdn-consum.aktiosdigitalservices.com\/tol\/consum\/media\/product\/img\/300x300\/7329873.jpg?t=20250227093108"
    },
    {
        "id": 20792,
        "name": "Bolsas Reutilizables Multiusos Zipper M CONSUM",
        "price": 1.4,
        "price_kilo": 0.09,
        "slug": "bolsas-reutilizables-multiusos-zipper-m",
        "description": "Bolsas Reutilizables Multiusos Zipper M 15 U",
        "image": "https:\/\/cdn-consum.aktiosdigitalservices.com\/tol\/consum\/media\/product\/img\/300x300\/7310659.jpg?t=20241217081132"
    },
    {
        "id": 20794,
        "name": "Papel Higi\u00e9nico H\u00famedo CONSUM KIDS",
        "price": 2.15,
        "price_kilo": 0.02,
        "slug": "papel-higienico-humedo",
        "description": "Papel Higi\u00e9nico H\u00famedo 120 U",
        "image": "https:\/\/cdn-consum.aktiosdigitalservices.com\/tol\/consum\/media\/product\/img\/300x300\/7315997.jpg?t=20241217081135"
    },
    {
        "id": 20801,
        "name": "Crema Facial Hidratante KYREY",
        "price": 2.99,
        "price_kilo": 5.98,
        "slug": "crema-facial-hidratante",
        "description": "Crema Facial Hidratante 50 ml",
        "image": "https:\/\/cdn-consum.aktiosdigitalservices.com\/tol\/consum\/media\/product\/img\/300x300\/7328359.jpg?t=20250311164608"
    },
    {
        "id": 20806,
        "name": "Vino Tinto I.G.P. Ribera del Queiles GAR.SALVAJE",
        "price": 6.99,
        "price_kilo": 9.32,
        "slug": "vino-tinto-igp-ribera-del-queiles",
        "description": "Vino Tinto I.G.P. Ribera del Queiles 0,75 L",
        "image": "https:\/\/cdn-consum.aktiosdigitalservices.com\/tol\/consum\/media\/product\/img\/300x300\/7329154.jpg?t=20250311164609"
    },
    {
        "id": 20815,
        "name": "Picoteo Surtido de Snacks TOSFRIT",
        "price": 1.19,
        "price_kilo": 13.22,
        "slug": "picoteo-surtido-de-snacks",
        "description": "Picoteo Surtido de Snacks 90 Gr",
        "image": "https:\/\/cdn-consum.aktiosdigitalservices.com\/tol\/consum\/media\/product\/img\/300x300\/7329944.jpg?t=20250304112255"
    },
    {
        "id": 20816,
        "name": "Vino Tinto Reserva D.O.Valdepe\u00f1as CAST.MENARA",
        "price": 2.25,
        "price_kilo": 3,
        "slug": "vino-tinto-reserva-dovaldepenas",
        "description": "Vino Tinto Reserva D.O.Valdepe\u00f1as 0,75 L",
        "image": "https:\/\/cdn-consum.aktiosdigitalservices.com\/tol\/consum\/media\/product\/img\/300x300\/7330041.jpg?t=20250227093111"
    },
    {
        "id": 20820,
        "name": "Refresco Manzana sin Gas Botella ENJOY",
        "price": 0.87,
        "price_kilo": 0.58,
        "slug": "refresco-manzana-sin-gas-botella",
        "description": "Refresco Manzana sin Gas Botella 1,5 L",
        "image": "https:\/\/cdn-consum.aktiosdigitalservices.com\/tol\/consum\/media\/product\/img\/300x300\/7330579.jpg?t=20250227093113"
    },
    {
        "id": 20852,
        "name": "Cabeza de Jabal\u00ed Ib\u00e9rica Trufa y Pistachos (1%) PICKEN",
        "price": 17.5,
        "price_kilo": 17.5,
        "slug": "cabeza-de-jabali-iberica-trufa-y-pistachos-1",
        "description": "Cabeza de Jabal\u00ed Ib\u00e9rica Trufa y Pistachos (1%)",
        "image": "https:\/\/cdn-consum.aktiosdigitalservices.com\/tol\/consum\/media\/product\/img\/300x300\/7216641.jpg?t=20250303075812"
    },
    {
        "id": 20857,
        "name": "T\u00e9 Earl Grey 25 Bolsitas TWININGS",
        "price": 4.69,
        "price_kilo": 57.2,
        "slug": "te-earl-grey-25-bolsitas",
        "description": "T\u00e9 Earl Grey 25 Bolsitas 82 Gr",
        "image": "https:\/\/cdn-consum.aktiosdigitalservices.com\/tol\/consum\/media\/product\/img\/300x300\/7245272.jpg?t=20250312160346"
    },
    {
        "id": 20865,
        "name": "Saltletts Classic Palitos Pretzel LORENZ",
        "price": 1.35,
        "price_kilo": 18,
        "slug": "saltletts-classic-palitos-pretzel",
        "description": "Saltletts Classic Palitos Pretzel 75 Gr",
        "image": "https:\/\/cdn-consum.aktiosdigitalservices.com\/tol\/consum\/media\/product\/img\/300x300\/7293707.jpg?t=20250313080502"
    },
    {
        "id": 20871,
        "name": "Zumo Naranja con Pulpa Refrigerado CONSUM",
        "price": 2,
        "price_kilo": 2,
        "slug": "zumo-naranja-con-pulpa-refrigerado",
        "description": "Zumo Naranja con Pulpa Refrigerado 1 L",
        "image": "https:\/\/cdn-consum.aktiosdigitalservices.com\/tol\/consum\/media\/product\/img\/300x300\/7314677.jpg?t=20241217081134"
    },
    {
        "id": 20872,
        "name": "Zumo Naranja sin Pulpa Refrigerado CONSUM",
        "price": 2,
        "price_kilo": 2,
        "slug": "zumo-naranja-sin-pulpa-refrigerado",
        "description": "Zumo Naranja sin Pulpa Refrigerado 1 L",
        "image": "https:\/\/cdn-consum.aktiosdigitalservices.com\/tol\/consum\/media\/product\/img\/300x300\/7314680.jpg?t=20241217081134"
    },
    {
        "id": 20873,
        "name": "Zumo de Manzana Refrigerado CONSUM",
        "price": 1.6,
        "price_kilo": 1.6,
        "slug": "zumo-de-manzana-refrigerado",
        "description": "Zumo de Manzana Refrigerado 1 L",
        "image": "https:\/\/cdn-consum.aktiosdigitalservices.com\/tol\/consum\/media\/product\/img\/300x300\/7314685.jpg?t=20241217081134"
    },
    {
        "id": 20874,
        "name": "Zumo de Pi\u00f1a Costa Rica Refrigerado CONSUM",
        "price": 2.1,
        "price_kilo": 2.1,
        "slug": "zumo-de-pina-costa-rica-refrigerado",
        "description": "Zumo de Pi\u00f1a Costa Rica Refrigerado 1 L",
        "image": "https:\/\/cdn-consum.aktiosdigitalservices.com\/tol\/consum\/media\/product\/img\/300x300\/7314693.jpg?t=20250205080404"
    },
    {
        "id": 20876,
        "name": "Zumo de Clementina Refrigerado CONSUM",
        "price": 1.7,
        "price_kilo": 1.7,
        "slug": "zumo-de-clementina-refrigerado",
        "description": "Zumo de Clementina Refrigerado 1 L",
        "image": "https:\/\/cdn-consum.aktiosdigitalservices.com\/tol\/consum\/media\/product\/img\/300x300\/7314701.jpg?t=20241217081134"
    },
    {
        "id": 20877,
        "name": "Zumo de Granada Refrigerado CONSUM",
        "price": 1.59,
        "price_kilo": 4.82,
        "slug": "zumo-de-granada-refrigerado",
        "description": "Zumo de Granada Refrigerado 330 ml",
        "image": "https:\/\/cdn-consum.aktiosdigitalservices.com\/tol\/consum\/media\/product\/img\/300x300\/7314706.jpg?t=20241217081134"
    },
    {
        "id": 20879,
        "name": "Zumo Manzana, Naranja y Zanahoria ACE CONSUM",
        "price": 2.29,
        "price_kilo": 2.29,
        "slug": "zumo-manzana-naranja-y-zanahoria-ace",
        "description": "Zumo Manzana, Naranja y Zanahoria ACE 1 L",
        "image": "https:\/\/cdn-consum.aktiosdigitalservices.com\/tol\/consum\/media\/product\/img\/300x300\/7314719.jpg?t=20241217081134"
    },
    {
        "id": 20880,
        "name": "Zumo Manzana, Naranja y Zanahoria ACE CONSUM",
        "price": 0.95,
        "price_kilo": 2.88,
        "slug": "zumo-manzana-naranja-y-zanahoria-ace",
        "description": "Zumo Manzana, Naranja y Zanahoria ACE 330 ml",
        "image": "https:\/\/cdn-consum.aktiosdigitalservices.com\/tol\/consum\/media\/product\/img\/300x300\/7314722.jpg?t=20250201075957"
    },
    {
        "id": 20882,
        "name": "D\u00e9tox con Pi\u00f1a, Hinojo y Alcachofa CONSUM",
        "price": 1.39,
        "price_kilo": 4.21,
        "slug": "detox-con-pina-hinojo-y-alcachofa",
        "description": "D\u00e9tox con Pi\u00f1a, Hinojo y Alcachofa 330 ml",
        "image": "https:\/\/cdn-consum.aktiosdigitalservices.com\/tol\/consum\/media\/product\/img\/300x300\/7317485.jpg?t=20250206093720"
    },
    {
        "id": 20898,
        "name": "Berberechos al Natural 45\/55 Piezas CONSUM",
        "price": 4.95,
        "price_kilo": 78.57,
        "slug": "berberechos-al-natural-45-55-piezas",
        "description": "Berberechos al Natural 45\/55 Piezas 63 Gr",
        "image": "https:\/\/cdn-consum.aktiosdigitalservices.com\/tol\/consum\/media\/product\/img\/300x300\/7327575.jpg?t=20241217081143"
    },
    {
        "id": 20904,
        "name": "Insecticida El\u00e9ctrico Ap. L\u00edquido 45 Noches RAID",
        "price": 8.45,
        "price_kilo": 8.45,
        "slug": "insecticida-electrico-ap-liquido-45-noches",
        "description": "Insecticida El\u00e9ctrico Ap. L\u00edquido 45 Noches 1 U",
        "image": "https:\/\/cdn-consum.aktiosdigitalservices.com\/tol\/consum\/media\/product\/img\/300x300\/7329105.jpg?t=20241217081144"
    },
    {
        "id": 20905,
        "name": "Recambio Insecticida L\u00edquido 45 Noches RAID",
        "price": 4.99,
        "price_kilo": 4.99,
        "slug": "recambio-insecticida-liquido-45-noches",
        "description": "Recambio Insecticida L\u00edquido 45 Noches 1 U",
        "image": "https:\/\/cdn-consum.aktiosdigitalservices.com\/tol\/consum\/media\/product\/img\/300x300\/7329118.jpg?t=20250206093854"
    },
    {
        "id": 20913,
        "name": "Fartons 5 Unidades ",
        "price": 1.75,
        "price_kilo": 11.67,
        "slug": "fartons-5-unidades",
        "description": "Fartons 5 Unidades 150 Gr",
        "image": "https:\/\/cdn-consum.aktiosdigitalservices.com\/tol\/consum\/media\/product\/img\/300x300\/7329659.jpg?t=20250320080121"
    },
    {
        "id": 20914,
        "name": "Insecticida El\u00e9ctrico Dos Recambios M\u00e1s Uno RAID",
        "price": 9.99,
        "price_kilo": 9.99,
        "slug": "insecticida-electrico-dos-recambios-mas-uno",
        "description": "Insecticida El\u00e9ctrico Dos Recambios M\u00e1s Uno 1 U",
        "image": "https:\/\/cdn-consum.aktiosdigitalservices.com\/tol\/consum\/media\/product\/img\/300x300\/7329840.jpg?t=20250320080124"
    },
    {
        "id": 20926,
        "name": "Longaniza Imperial de Pavo ELPOZO 1954",
        "price": 2.95,
        "price_kilo": 11.8,
        "slug": "longaniza-imperial-de-pavo",
        "description": "Longaniza Imperial de Pavo 250 Gr",
        "image": "https:\/\/cdn-consum.aktiosdigitalservices.com\/tol\/consum\/media\/product\/img\/300x300\/7330822.jpg?t=20250220080648"
    },
    {
        "id": 20932,
        "name": "Lentejas Riojana 30% Menos Grasa y Sal LITORAL",
        "price": 2.85,
        "price_kilo": 6.71,
        "slug": "lentejas-riojana-30-menos-grasa-y-sal",
        "description": "Lentejas Riojana 30% Menos Grasa y Sal 425 Gr",
        "image": "https:\/\/cdn-consum.aktiosdigitalservices.com\/tol\/consum\/media\/product\/img\/300x300\/7330889.jpg?t=20250204081145"
    },
    {
        "id": 20934,
        "name": "Patata Roja Granel ",
        "price": 0.76,
        "price_kilo": 2.29,
        "slug": "patata-roja-granel",
        "description": "Patata Roja Granel",
        "image": "https:\/\/cdn-consum.aktiosdigitalservices.com\/tol\/consum\/media\/product\/img\/300x300\/7330913.jpg?t=20250204081149"
    },
    {
        "id": 20943,
        "name": "Boniato Micro ",
        "price": 2.59,
        "price_kilo": 6.48,
        "slug": "boniato-micro",
        "description": "Boniato Micro 400 Gr",
        "image": "https:\/\/cdn-consum.aktiosdigitalservices.com\/tol\/consum\/media\/product\/img\/300x300\/7331171.jpg?t=20250127075919"
    },
    {
        "id": 20970,
        "name": "Tamp\u00f3n con Aplicador Compacto S\u00faper Plus KYREY",
        "price": 3.15,
        "price_kilo": 0.11,
        "slug": "tampon-con-aplicador-compacto-super-plus",
        "description": "Tamp\u00f3n con Aplicador Compacto S\u00faper Plus 28 U",
        "image": "https:\/\/cdn-consum.aktiosdigitalservices.com\/tol\/consum\/media\/product\/img\/300x300\/7307267.jpg?t=20241217081130"
    },
    {
        "id": 20981,
        "name": "Tinte Color Advance 7.34 Rubio Dorado Cobrizo LLONGUERAS",
        "price": 7.49,
        "price_kilo": 7.49,
        "slug": "tinte-color-advance-734-rubio-dorado-cobrizo",
        "description": "Tinte Color Advance 7.34 Rubio Dorado Cobrizo 1 U",
        "image": "https:\/\/cdn-consum.aktiosdigitalservices.com\/tol\/consum\/media\/product\/img\/300x300\/7329378.jpg?t=20250311164609"
    },
    {
        "id": 20982,
        "name": "Tinte Color Advance 7.77 Marr\u00f3n Glac\u00e9 LLONGUERAS",
        "price": 7.49,
        "price_kilo": 7.49,
        "slug": "tinte-color-advance-777-marron-glace",
        "description": "Tinte Color Advance 7.77 Marr\u00f3n Glac\u00e9 1 U",
        "image": "https:\/\/cdn-consum.aktiosdigitalservices.com\/tol\/consum\/media\/product\/img\/300x300\/7329381.jpg?t=20250311164609"
    },
    {
        "id": 20988,
        "name": "Pizza congelada Vegetal Horno de Piedra NI\u00d1A DEL SUR",
        "price": 2.99,
        "price_kilo": 6.95,
        "slug": "pizza-congelada-vegetal-horno-de-piedra",
        "description": "Pizza congelada Vegetal Horno de Piedra 430 Gr",
        "image": "https:\/\/cdn-consum.aktiosdigitalservices.com\/tol\/consum\/media\/product\/img\/300x300\/7329428.jpg?t=20250109102624"
    },
    {
        "id": 20994,
        "name": "Lavavajillas en Gel Todo en 1 FINISH",
        "price": 7.45,
        "price_kilo": 0.15,
        "slug": "lavavajillas-en-gel-todo-en-1",
        "description": "Lavavajillas en Gel Todo en 1 50 Lv",
        "image": "https:\/\/cdn-consum.aktiosdigitalservices.com\/tol\/consum\/media\/product\/img\/300x300\/7329865.jpg?t=20250313080636"
    },
    {
        "id": 20997,
        "name": "Insecticida No M\u00e1s Pica AUTAN",
        "price": 7.5,
        "price_kilo": 30,
        "slug": "insecticida-no-mas-pica",
        "description": "Insecticida No M\u00e1s Pica 25 ml",
        "image": "https:\/\/cdn-consum.aktiosdigitalservices.com\/tol\/consum\/media\/product\/img\/300x300\/7330157.jpg?t=20250128080606"
    },
    {
        "id": 21003,
        "name": "Caf\u00e9 Blonde Espresso 10 C\u00e1psulas STARBUCKS",
        "price": 3.99,
        "price_kilo": 0.4,
        "slug": "cafe-blonde-espresso-10-capsulas",
        "description": "Caf\u00e9 Blonde Espresso 10 C\u00e1psulas 10 U",
        "image": "https:\/\/cdn-consum.aktiosdigitalservices.com\/tol\/consum\/media\/product\/img\/300x300\/7330751.jpg?t=20250311110820"
    },
    {
        "id": 21004,
        "name": "Caf\u00e9 Pike Place Lungo 10 C\u00e1psulas STARBUCKS",
        "price": 3.99,
        "price_kilo": 0.4,
        "slug": "cafe-pike-place-lungo-10-capsulas",
        "description": "Caf\u00e9 Pike Place Lungo 10 C\u00e1psulas 10 U",
        "image": "https:\/\/cdn-consum.aktiosdigitalservices.com\/tol\/consum\/media\/product\/img\/300x300\/7330756.jpg?t=20250311110823"
    },
    {
        "id": 21005,
        "name": "Caf\u00e9 Espresso Roast Descafeinado STARBUCKS",
        "price": 3.99,
        "price_kilo": 0.4,
        "slug": "cafe-espresso-roast-descafeinado",
        "description": "Caf\u00e9 Espresso Roast Descafeinado C\u00e1psulas 10 U",
        "image": "https:\/\/cdn-consum.aktiosdigitalservices.com\/tol\/consum\/media\/product\/img\/300x300\/7330764.jpg?t=20250311110825"
    },
    {
        "id": 21006,
        "name": "Caf\u00e9 Nespresso Roast Dark STARBUCKS",
        "price": 3.99,
        "price_kilo": 0.4,
        "slug": "cafe-nespresso-roast-dark",
        "description": "Caf\u00e9 Nespresso Roast Dark C\u00e1psulas 10 U",
        "image": "https:\/\/cdn-consum.aktiosdigitalservices.com\/tol\/consum\/media\/product\/img\/300x300\/7330772.jpg?t=20250311110828"
    },
    {
        "id": 21011,
        "name": "Platanitos Salados Bolsa SOLDANZA",
        "price": 1.49,
        "price_kilo": 20.99,
        "slug": "platanitos-salados-bolsa",
        "description": "Platanitos Salados Bolsa 71 Gr",
        "image": "https:\/\/cdn-consum.aktiosdigitalservices.com\/tol\/consum\/media\/product\/img\/300x300\/7331036.jpg?t=20250123075942"
    },
    {
        "id": 21019,
        "name": "Cacao Soluble COLA CAO",
        "price": 5.99,
        "price_kilo": 7.88,
        "slug": "cacao-soluble",
        "description": "Cacao Soluble 760 Gr",
        "image": "https:\/\/cdn-consum.aktiosdigitalservices.com\/tol\/consum\/media\/product\/img\/300x300\/7331569.jpg?t=20250317075820"
    },
    {
        "id": 21071,
        "name": "Papilla 8 Cereales Fruta 0% Az\u00facares HERO",
        "price": 3.85,
        "price_kilo": 11.32,
        "slug": "papilla-8-cereales-fruta-0-azucares",
        "description": "Papilla 8 Cereales Fruta 0% Az\u00facares 340 Gr",
        "image": "https:\/\/cdn-consum.aktiosdigitalservices.com\/tol\/consum\/media\/product\/img\/300x300\/7331085.jpg?t=20250311134116"
    },
    {
        "id": 21080,
        "name": "Acondicionador Spray No M\u00e1s Tirones JOHNSON",
        "price": 4.19,
        "price_kilo": 2.1,
        "slug": "acondicionador-spray-no-mas-tirones",
        "description": "Acondicionador Spray No M\u00e1s Tirones 200 ml",
        "image": "https:\/\/cdn-consum.aktiosdigitalservices.com\/tol\/consum\/media\/product\/img\/300x300\/7331168.jpg?t=20250227093123"
    },
    {
        "id": 21083,
        "name": "Tarta Nata y Trufa ",
        "price": 8.6,
        "price_kilo": 11.86,
        "slug": "tarta-nata-y-trufa",
        "description": "Tarta Nata y Trufa 725 Gr",
        "image": "https:\/\/cdn-consum.aktiosdigitalservices.com\/tol\/consum\/media\/product\/img\/300x300\/7331304.jpg?t=20250227093127"
    },
    {
        "id": 21086,
        "name": "Galletas Mantequilla MELS",
        "price": 1.25,
        "price_kilo": 10,
        "slug": "galletas-mantequilla",
        "description": "Galletas Mantequilla 125 Gr",
        "image": "https:\/\/cdn-consum.aktiosdigitalservices.com\/tol\/consum\/media\/product\/img\/300x300\/7331341.jpg?t=20250311134119"
    },
    {
        "id": 21092,
        "name": "Refresco Agua con Gas Lim\u00f3n Botella M. PERRIER",
        "price": 0.75,
        "price_kilo": 1.5,
        "slug": "refresco-agua-con-gas-limon-botella",
        "description": "Refresco Agua con Gas Lim\u00f3n Botella 0,5 L",
        "image": "https:\/\/cdn-consum.aktiosdigitalservices.com\/tol\/consum\/media\/product\/img\/300x300\/7331465.jpg?t=20250311134120"
    },
    {
        "id": 21093,
        "name": "Cerveza Red Vintage Botella Cristal Pack-6 1906",
        "price": 8.15,
        "price_kilo": 4.12,
        "slug": "cerveza-red-vintage-botella-cristal-pack-6",
        "description": "Cerveza Red Vintage Botella Cristal Pack-6 6 x 0,33 L",
        "image": "https:\/\/cdn-consum.aktiosdigitalservices.com\/tol\/consum\/media\/product\/img\/300x300\/7331473.jpg?t=20250313080642"
    },
    {
        "id": 21103,
        "name": "Kombucha Frutos Rojos Bebida Org\u00e1nica KOMVIDA",
        "price": 2.2,
        "price_kilo": 8.8,
        "slug": "kombucha-frutos-rojos-bebida-organica",
        "description": "Kombucha Frutos Rojos Bebida Org\u00e1nica 250 ml",
        "image": "https:\/\/cdn-consum.aktiosdigitalservices.com\/tol\/consum\/media\/product\/img\/300x300\/7331622.jpg?t=20250312125655"
    },
    {
        "id": 21105,
        "name": "Cider Lata Manzana L.MANZANAS",
        "price": 1.19,
        "price_kilo": 3.61,
        "slug": "cider-lata-manzana",
        "description": "Cider Lata Manzana 0,33 L",
        "image": "https:\/\/cdn-consum.aktiosdigitalservices.com\/tol\/consum\/media\/product\/img\/300x300\/7331648.jpg?t=20250312125656"
    },
    {
        "id": 21111,
        "name": "Desodorante Spray Ice Men REXONA",
        "price": 2.7,
        "price_kilo": 1.35,
        "slug": "desodorante-spray-ice-men",
        "description": "Desodorante Spray Ice Men 200 ml",
        "image": "https:\/\/cdn-consum.aktiosdigitalservices.com\/tol\/consum\/media\/product\/img\/300x300\/7332062.jpg?t=20250312160720"
    },
    {
        "id": 21113,
        "name": "Longaniza Pascuera CONSUM",
        "price": 4.07,
        "price_kilo": 11.59,
        "slug": "longaniza-pascuera",
        "description": "Longaniza Pascuera",
        "image": "https:\/\/cdn-consum.aktiosdigitalservices.com\/tol\/consum\/media\/product\/img\/300x300\/7332153.jpg?t=20250318080351"
    },
    {
        "id": 21124,
        "name": "Az\u00facar de Coco B\u00edo ECOWASSY",
        "price": 2.65,
        "price_kilo": 8.83,
        "slug": "azucar-de-coco-bio",
        "description": "Az\u00facar de Coco B\u00edo 300 Gr",
        "image": "https:\/\/cdn-consum.aktiosdigitalservices.com\/tol\/consum\/media\/product\/img\/300x300\/7329774.jpg?t=20250311164609"
    },
    {
        "id": 21126,
        "name": "Cerveza Magna Lata SAN MIGUEL",
        "price": 0.66,
        "price_kilo": 2,
        "slug": "cerveza-magna-lata",
        "description": "Cerveza Magna Lata 0,33 L",
        "image": "https:\/\/cdn-consum.aktiosdigitalservices.com\/tol\/consum\/media\/product\/img\/300x300\/7329894.jpg?t=20250227093110"
    },
    {
        "id": 21132,
        "name": "Barrita Prote\u00edna Chocolate Corny CORNY",
        "price": 1.99,
        "price_kilo": 5.69,
        "slug": "barrita-proteina-chocolate-corny",
        "description": "Barrita Prote\u00edna Chocolate Corny 35 Gr",
        "image": "https:\/\/cdn-consum.aktiosdigitalservices.com\/tol\/consum\/media\/product\/img\/300x300\/7331072.jpg?t=20250311134114"
    },
    {
        "id": 21134,
        "name": "Salsa Carbonara Frasco GALLO",
        "price": 2.97,
        "price_kilo": 9,
        "slug": "salsa-carbonara-frasco",
        "description": "Salsa Carbonara Frasco 330 Gr",
        "image": "https:\/\/cdn-consum.aktiosdigitalservices.com\/tol\/consum\/media\/product\/img\/300x300\/7331106.jpg?t=20250313080638"
    },
    {
        "id": 21136,
        "name": "Tuc Crackers Pack LU",
        "price": 2.25,
        "price_kilo": 11.25,
        "slug": "tuc-crackers-pack",
        "description": "Tuc Crackers Pack de 2 x 100 Gr",
        "image": "https:\/\/cdn-consum.aktiosdigitalservices.com\/tol\/consum\/media\/product\/img\/300x300\/7331184.jpg?t=20250313080640"
    },
    {
        "id": 21139,
        "name": "Dentalife Gato Salm\u00f3n Snack Gato DENTALIFE",
        "price": 1.99,
        "price_kilo": 1.99,
        "slug": "dentalife-gato-salmon-snack-gato",
        "description": "Dentalife Gato Salm\u00f3n Snack Gato 1 U",
        "image": "https:\/\/cdn-consum.aktiosdigitalservices.com\/tol\/consum\/media\/product\/img\/300x300\/7331361.jpg?t=20250207080126"
    },
    {
        "id": 21141,
        "name": "Lomo Sajonia GEMI",
        "price": 1.99,
        "price_kilo": 19.9,
        "slug": "lomo-sajonia",
        "description": "Lomo Sajonia 100 Gr",
        "image": "https:\/\/cdn-consum.aktiosdigitalservices.com\/tol\/consum\/media\/product\/img\/300x300\/7331523.jpg?t=20241217081146"
    },
    {
        "id": 21149,
        "name": "Vino Blanco D.O.Rioja CAST.ALBAI",
        "price": 3.49,
        "price_kilo": 4.65,
        "slug": "vino-blanco-dorioja",
        "description": "Vino Blanco D.O.Rioja 0,75 L",
        "image": "https:\/\/cdn-consum.aktiosdigitalservices.com\/tol\/consum\/media\/product\/img\/300x300\/7331812.jpg?t=20250227093133"
    },
    {
        "id": 21155,
        "name": "Desodorante Spray Invisible REXONA",
        "price": 2.7,
        "price_kilo": 1.35,
        "slug": "desodorante-spray-invisible",
        "description": "Desodorante Spray Invisible 200 ml",
        "image": "https:\/\/cdn-consum.aktiosdigitalservices.com\/tol\/consum\/media\/product\/img\/300x300\/7332047.jpg?t=20250227093136"
    },
    {
        "id": 21156,
        "name": "Desodorante  Spray Cobalt REXONA",
        "price": 2.7,
        "price_kilo": 1.35,
        "slug": "desodorante-spray-cobalt",
        "description": "Desodorante  Spray Cobalt 200 ml",
        "image": "https:\/\/cdn-consum.aktiosdigitalservices.com\/tol\/consum\/media\/product\/img\/300x300\/7332059.jpg?t=20250312160717"
    },
    {
        "id": 21157,
        "name": "Pistacho Tostado Bolsa PIZARRO",
        "price": 3.39,
        "price_kilo": 26.08,
        "slug": "pistacho-tostado-bolsa",
        "description": "Pistacho Tostado Bolsa 130 Gr",
        "image": "https:\/\/cdn-consum.aktiosdigitalservices.com\/tol\/consum\/media\/product\/img\/300x300\/7332120.jpg?t=20250227093141"
    },
    {
        "id": 21163,
        "name": "Vino Tinto Bobal D.O.Utiel-Requena BO",
        "price": 4.69,
        "price_kilo": 6.25,
        "slug": "vino-tinto-bobal-doutiel-requena",
        "description": "Vino Tinto Bobal D.O.Utiel-Requena 0,75 L",
        "image": "https:\/\/cdn-consum.aktiosdigitalservices.com\/tol\/consum\/media\/product\/img\/300x300\/7332252.jpg?t=20250312160722"
    },
    {
        "id": 21165,
        "name": "Toallitas Infantiles Aloe CONSUM KIDS",
        "price": 1.15,
        "price_kilo": 0.01,
        "slug": "toallitas-infantiles-aloe",
        "description": "Toallitas Infantiles Aloe 80 U",
        "image": "https:\/\/cdn-consum.aktiosdigitalservices.com\/tol\/consum\/media\/product\/img\/300x300\/7315976.jpg?t=20250304112058"
    },
    {
        "id": 21172,
        "name": "Cepillo Ecol\u00f3gico PONETTE",
        "price": 4.99,
        "price_kilo": 4.99,
        "slug": "cepillo-ecologico",
        "description": "Cepillo Ecol\u00f3gico 1 U",
        "image": "https:\/\/cdn-consum.aktiosdigitalservices.com\/tol\/consum\/media\/product\/img\/300x300\/7331143.jpg?t=20241217081146"
    },
    {
        "id": 21180,
        "name": "Tinte 6.60 Rojo Intenso OLIA",
        "price": 8.35,
        "price_kilo": 8.35,
        "slug": "tinte-660-rojo-intenso",
        "description": "Tinte 6.60 Rojo Intenso 1 U",
        "image": "https:\/\/cdn-consum.aktiosdigitalservices.com\/tol\/consum\/media\/product\/img\/300x300\/7332331.jpg?t=20250312160728"
    },
    {
        "id": 21181,
        "name": "Decolorante Extremo sin Amoniaco OLIA",
        "price": 7,
        "price_kilo": 7,
        "slug": "decolorante-extremo-sin-amoniaco",
        "description": "Decolorante Extremo sin Amoniaco 1 U",
        "image": "https:\/\/cdn-consum.aktiosdigitalservices.com\/tol\/consum\/media\/product\/img\/300x300\/7332336.jpg?t=20250312160730"
    },
    {
        "id": 21194,
        "name": "Toallitas Infantiles Pieles At\u00f3picas CONSUM KIDS",
        "price": 1.7,
        "price_kilo": 0.03,
        "slug": "toallitas-infantiles-pieles-atopicas",
        "description": "Toallitas Infantiles Pieles At\u00f3picas 60 U",
        "image": "https:\/\/cdn-consum.aktiosdigitalservices.com\/tol\/consum\/media\/product\/img\/300x300\/7315971.jpg?t=20241217081135"
    },
    {
        "id": 21196,
        "name": "Bomb\u00f3n Blanco con Lim\u00f3n CONSUM",
        "price": 2.59,
        "price_kilo": 13.7,
        "slug": "bombon-blanco-con-limon",
        "description": "Bomb\u00f3n Blanco con Lim\u00f3n 189 Gr",
        "image": "https:\/\/cdn-consum.aktiosdigitalservices.com\/tol\/consum\/media\/product\/img\/300x300\/7325491.jpg?t=20250304112207"
    },
    {
        "id": 21200,
        "name": "Mini Gomas 100 Unidades PONETTE",
        "price": 1.15,
        "price_kilo": 1.15,
        "slug": "mini-gomas-100-unidades",
        "description": "Mini Gomas 100 Unidades 1 U",
        "image": "https:\/\/cdn-consum.aktiosdigitalservices.com\/tol\/consum\/media\/product\/img\/300x300\/7331148.jpg?t=20241217081146"
    },
    {
        "id": 21202,
        "name": "Tortilla con Cebolla Mini FLORISTAN",
        "price": 1.55,
        "price_kilo": 7.75,
        "slug": "tortilla-con-cebolla-mini",
        "description": "Tortilla con Cebolla Mini 200 Gr",
        "image": "https:\/\/cdn-consum.aktiosdigitalservices.com\/tol\/consum\/media\/product\/img\/300x300\/7331536.jpg?t=20250313080644"
    },
    {
        "id": 21203,
        "name": "Tortilla sin Cebolla Mini FLORISTAN",
        "price": 1.55,
        "price_kilo": 7.75,
        "slug": "tortilla-sin-cebolla-mini",
        "description": "Tortilla sin Cebolla Mini 200 Gr",
        "image": "https:\/\/cdn-consum.aktiosdigitalservices.com\/tol\/consum\/media\/product\/img\/300x300\/7331544.jpg?t=20250313080646"
    },
    {
        "id": 21207,
        "name": "Colonia Evasi\u00f3n Ex\u00f3tica N\u00ba4 Hombre V&L",
        "price": 12.95,
        "price_kilo": 8.63,
        "slug": "colonia-evasion-exotica-n4-hombre",
        "description": "Colonia Evasi\u00f3n Ex\u00f3tica N\u00ba4 Hombre 150 ml",
        "image": "https:\/\/cdn-consum.aktiosdigitalservices.com\/tol\/consum\/media\/product\/img\/300x300\/7332380.jpg?t=20250129080021"
    },
    {
        "id": 21215,
        "name": "Postre Soja con Mango Sin Az\u00facares A\u00f1adidos ALPRO",
        "price": 2.59,
        "price_kilo": 6.48,
        "slug": "postre-soja-con-mango-sin-azucares-anadidos",
        "description": "Postre Soja con Mango Sin Az\u00facares A\u00f1adidos 400 Gr",
        "image": "https:\/\/cdn-consum.aktiosdigitalservices.com\/tol\/consum\/media\/product\/img\/300x300\/7332588.jpg?t=20250227093147"
    },
    {
        "id": 21216,
        "name": "H\u00e9lices Ensaladas Integral GALLO",
        "price": 1.78,
        "price_kilo": 4.45,
        "slug": "helices-ensaladas-integral",
        "description": "H\u00e9lices Ensaladas Integral 400 Gr",
        "image": "https:\/\/cdn-consum.aktiosdigitalservices.com\/tol\/consum\/media\/product\/img\/300x300\/7332617.jpg?t=20250319075918"
    },
    {
        "id": 21217,
        "name": "Barrita Fitness Choco Negro 6 Unidades NESTLE",
        "price": 3.5,
        "price_kilo": 24.82,
        "slug": "barrita-fitness-choco-negro-6-unidades",
        "description": "Barrita Fitness Choco Negro 6 Unidades 141 Gr",
        "image": "https:\/\/cdn-consum.aktiosdigitalservices.com\/tol\/consum\/media\/product\/img\/300x300\/7332708.jpg?t=20250311134125"
    },
    {
        "id": 21218,
        "name": "Mayonesa Tarro Cristal HELLMANN'S",
        "price": 5.89,
        "price_kilo": 7.14,
        "slug": "mayonesa-tarro-cristal",
        "description": "Mayonesa Tarro Cristal 825 ml",
        "image": "https:\/\/cdn-consum.aktiosdigitalservices.com\/tol\/consum\/media\/product\/img\/300x300\/7332880.jpg?t=20241217081147"
    },
    {
        "id": 21247,
        "name": "Polvo Bronceador 250 City Bronzer MAYBELLINE",
        "price": 8.49,
        "price_kilo": 8.49,
        "slug": "polvo-bronceador-250-city-bronzer",
        "description": "Polvo Bronceador 250 City Bronzer 1 U",
        "image": "https:\/\/cdn-consum.aktiosdigitalservices.com\/tol\/consum\/media\/product\/img\/300x300\/7330004.jpg?t=20250311164609"
    },
    {
        "id": 21248,
        "name": "Colorete Fit Me 15 MAYBELLINE",
        "price": 8.29,
        "price_kilo": 8.29,
        "slug": "colorete-fit-me-15",
        "description": "Colorete Fit Me 15 1 U",
        "image": "https:\/\/cdn-consum.aktiosdigitalservices.com\/tol\/consum\/media\/product\/img\/300x300\/7330009.jpg?t=20250311164609"
    },
    {
        "id": 21249,
        "name": "Colorete Fit Me 55 MAYBELLINE",
        "price": 8.29,
        "price_kilo": 8.29,
        "slug": "colorete-fit-me-55",
        "description": "Colorete Fit Me 55 1 U",
        "image": "https:\/\/cdn-consum.aktiosdigitalservices.com\/tol\/consum\/media\/product\/img\/300x300\/7330012.jpg?t=20250311164609"
    },
    {
        "id": 21250,
        "name": "Colorete Fit Me 50 MAYBELLINE",
        "price": 8.29,
        "price_kilo": 8.29,
        "slug": "colorete-fit-me-50",
        "description": "Colorete Fit Me 50 1 U",
        "image": "https:\/\/cdn-consum.aktiosdigitalservices.com\/tol\/consum\/media\/product\/img\/300x300\/7330017.jpg?t=20241217081145"
    },
    {
        "id": 21272,
        "name": "Cerveza Blonde Abad\u00eda Botella LEFFE",
        "price": 2.19,
        "price_kilo": 6.64,
        "slug": "cerveza-blonde-abadia-botella",
        "description": "Cerveza Blonde Abad\u00eda Botella 0,33 L",
        "image": "https:\/\/cdn-consum.aktiosdigitalservices.com\/tol\/consum\/media\/product\/img\/300x300\/7332711.jpg?t=20250227093149"
    },
    {
        "id": 21274,
        "name": "Ca\u00f1ita Papel Recta de 20 cm BETIK",
        "price": 1.79,
        "price_kilo": 0.04,
        "slug": "canita-papel-recta-de-20-cm",
        "description": "Ca\u00f1ita Papel Recta de 20 cm 48 U",
        "image": "https:\/\/cdn-consum.aktiosdigitalservices.com\/tol\/consum\/media\/product\/img\/300x300\/7332781.jpg?t=20241217081147"
    },
    {
        "id": 21278,
        "name": "Huesos de Vacuno ",
        "price": 1.99,
        "price_kilo": 7.95,
        "slug": "huesos-de-vacuno",
        "description": "Huesos de Vacuno",
        "image": "https:\/\/cdn-consum.aktiosdigitalservices.com\/tol\/consum\/media\/product\/img\/300x300\/7332869.jpg?t=20250225080354"
    },
    {
        "id": 21286,
        "name": "Tomate Frito Estilo Casero HIDA",
        "price": 1.85,
        "price_kilo": 5.29,
        "slug": "tomate-frito-estilo-casero",
        "description": "Tomate Frito Estilo Casero 350 Gr",
        "image": "https:\/\/cdn-consum.aktiosdigitalservices.com\/tol\/consum\/media\/product\/img\/300x300\/7333011.jpg?t=20250312092801"
    },
    {
        "id": 21299,
        "name": "Zumo Exprimido Naranja con Pulpa Brik CONSUM",
        "price": 1.75,
        "price_kilo": 1.75,
        "slug": "zumo-exprimido-naranja-con-pulpa-brik",
        "description": "Zumo Exprimido Naranja con Pulpa Brik 1 L",
        "image": "https:\/\/cdn-consum.aktiosdigitalservices.com\/tol\/consum\/media\/product\/img\/300x300\/7302792.jpg?t=20241217081127"
    },
    {
        "id": 21306,
        "name": "Cubo Pedal Cubik TATAY",
        "price": 8.49,
        "price_kilo": 8.49,
        "slug": "cubo-pedal-cubik",
        "description": "Cubo Pedal Cubik 21 L",
        "image": "https:\/\/cdn-consum.aktiosdigitalservices.com\/tol\/consum\/media\/product\/img\/300x300\/7332141.jpg?t=20250228080350"
    },
    {
        "id": 21307,
        "name": "Agua Mineral Natural Tap\u00f3n Sport AQUAREL",
        "price": 0.73,
        "price_kilo": 0.97,
        "slug": "agua-mineral-natural-tapon-sport",
        "description": "Agua Mineral Natural Tap\u00f3n Sport 0,75 L",
        "image": "https:\/\/cdn-consum.aktiosdigitalservices.com\/tol\/consum\/media\/product\/img\/300x300\/7332224.jpg?t=20250312092801"
    },
    {
        "id": 21318,
        "name": "Cacao Soluble Caja M\u00e1s Regalo COLA CAO",
        "price": 16.99,
        "price_kilo": 6.8,
        "slug": "cacao-soluble-caja-mas-regalo",
        "description": "Cacao Soluble Caja M\u00e1s Regalo 2,5 Kg",
        "image": "https:\/\/cdn-consum.aktiosdigitalservices.com\/tol\/consum\/media\/product\/img\/300x300\/7332885.jpg?t=20250312092801"
    },
    {
        "id": 21320,
        "name": "Queso Grana Padano D.O.P. SPIGA",
        "price": 2.96,
        "price_kilo": 16.44,
        "slug": "queso-grana-padano-dop",
        "description": "Queso Grana Padano D.O.P. 180 Gr",
        "image": "https:\/\/cdn-consum.aktiosdigitalservices.com\/tol\/consum\/media\/product\/img\/300x300\/7332922.jpg?t=20250318080353"
    },
    {
        "id": 21321,
        "name": "Queso de Cabra Afinado CAPRIMED",
        "price": 5.92,
        "price_kilo": 23.68,
        "slug": "queso-de-cabra-afinado",
        "description": "Queso de Cabra Afinado 250 Gr",
        "image": "https:\/\/cdn-consum.aktiosdigitalservices.com\/tol\/consum\/media\/product\/img\/300x300\/7332955.jpg?t=20250103081910"
    },
    {
        "id": 21324,
        "name": "Bebida de Avena sin Az\u00facar Brik ALPRO",
        "price": 1.59,
        "price_kilo": 1.59,
        "slug": "bebida-de-avena-sin-azucar-brik",
        "description": "Bebida de Avena sin Az\u00facar Brik 1 L",
        "image": "https:\/\/cdn-consum.aktiosdigitalservices.com\/tol\/consum\/media\/product\/img\/300x300\/7333003.jpg?t=20250311110856"
    },
    {
        "id": 21325,
        "name": "Cebolla Confitada Tarro BEBE",
        "price": 1.65,
        "price_kilo": 7.17,
        "slug": "cebolla-confitada-tarro",
        "description": "Cebolla Confitada Tarro 230 Gr",
        "image": "https:\/\/cdn-consum.aktiosdigitalservices.com\/tol\/consum\/media\/product\/img\/300x300\/7333029.jpg?t=20250311110901"
    },
    {
        "id": 21326,
        "name": "Caf\u00e9 Cappuccino Botella PULEVA",
        "price": 2.19,
        "price_kilo": 2.19,
        "slug": "cafe-cappuccino-botella",
        "description": "Caf\u00e9 Cappuccino Botella 1 L",
        "image": "https:\/\/cdn-consum.aktiosdigitalservices.com\/tol\/consum\/media\/product\/img\/300x300\/7333032.jpg?t=20250313080648"
    },
    {
        "id": 21333,
        "name": "Fideos Vermicelli Bolsa YANG-TSE",
        "price": 2.05,
        "price_kilo": 8.2,
        "slug": "fideos-vermicelli-bolsa",
        "description": "Fideos Vermicelli Bolsa 250 Gr",
        "image": "https:\/\/cdn-consum.aktiosdigitalservices.com\/tol\/consum\/media\/product\/img\/300x300\/7333128.jpg?t=20250212080115"
    },
    {
        "id": 21334,
        "name": "Salsa Gaucha YBARRA",
        "price": 2.29,
        "price_kilo": 7.63,
        "slug": "salsa-gaucha",
        "description": "Salsa Gaucha 300 ml",
        "image": "https:\/\/cdn-consum.aktiosdigitalservices.com\/tol\/consum\/media\/product\/img\/300x300\/7333131.jpg?t=20241217081147"
    },
    {
        "id": 21343,
        "name": "Provolone Spiga Gourmet SPIGA",
        "price": 2.07,
        "price_kilo": 13.8,
        "slug": "provolone-spiga-gourmet",
        "description": "Provolone Spiga Gourmet 150 Gr",
        "image": "https:\/\/cdn-consum.aktiosdigitalservices.com\/tol\/consum\/media\/product\/img\/300x300\/7333342.jpg?t=20250103081912"
    },
    {
        "id": 21344,
        "name": "Muslitos de Pollo Certificado CONSUM",
        "price": 4.75,
        "price_kilo": 5.75,
        "slug": "muslitos-de-pollo-certificado",
        "description": "Muslitos de Pollo Certificado",
        "image": "https:\/\/cdn-consum.aktiosdigitalservices.com\/tol\/consum\/media\/product\/img\/300x300\/7333362.jpg?t=20250211080226"
    },
    {
        "id": 21348,
        "name": "Maquinilla Desechable Oceana VENUS",
        "price": 6.99,
        "price_kilo": 1.75,
        "slug": "maquinilla-desechable-oceana",
        "description": "Maquinilla Desechable Oceana 4 U",
        "image": "https:\/\/cdn-consum.aktiosdigitalservices.com\/tol\/consum\/media\/product\/img\/300x300\/7333490.jpg?t=20241217081147"
    },
    {
        "id": 21351,
        "name": "Brownie con Chocolate MR.BROWNIE",
        "price": 1.89,
        "price_kilo": 9.45,
        "slug": "brownie-con-chocolate",
        "description": "Brownie con Chocolate 200 Gr",
        "image": "https:\/\/cdn-consum.aktiosdigitalservices.com\/tol\/consum\/media\/product\/img\/300x300\/7333628.jpg?t=20250319080110"
    },
    {
        "id": 21370,
        "name": "Mousse de Chocolate con Leche CONSUM",
        "price": 1.09,
        "price_kilo": 4.54,
        "slug": "mousse-de-chocolate-con-leche",
        "description": "Mousse de Chocolate con Leche 4 x 60 Gr",
        "image": "https:\/\/cdn-consum.aktiosdigitalservices.com\/tol\/consum\/media\/product\/img\/300x300\/7317324.jpg?t=20250312125615"
    },
    {
        "id": 21373,
        "name": "Ajos Ali\u00f1ados Frasco CONSUM",
        "price": 2.35,
        "price_kilo": 10.68,
        "slug": "ajos-alinados-frasco",
        "description": "Ajos Ali\u00f1ados Frasco 220 Gr",
        "image": "https:\/\/cdn-consum.aktiosdigitalservices.com\/tol\/consum\/media\/product\/img\/300x300\/7325462.jpg?t=20241217081142"
    },
    {
        "id": 21389,
        "name": "Ice Cuvee Rosado D.O.Cava FREIXENET",
        "price": 9.99,
        "price_kilo": 13.32,
        "slug": "ice-cuvee-rosado-docava",
        "description": "Ice Cuvee Rosado D.O.Cava 0,75 L",
        "image": "https:\/\/cdn-consum.aktiosdigitalservices.com\/tol\/consum\/media\/product\/img\/300x300\/7331838.jpg?t=20250109102656"
    },
    {
        "id": 21391,
        "name": "Refresco Agua y Zumo Lim\u00f3n Zero Botella FONT VELLA",
        "price": 1.39,
        "price_kilo": 1.11,
        "slug": "refresco-agua-y-zumo-limon-zero-botella",
        "description": "Refresco Agua y Zumo Lim\u00f3n Zero Botella 1,25 L",
        "image": "https:\/\/cdn-consum.aktiosdigitalservices.com\/tol\/consum\/media\/product\/img\/300x300\/7331882.jpg?t=20250227093135"
    },
    {
        "id": 21392,
        "name": "Ba\u00f1ador Desechable Little Swimmers T 3-4 HUGGIES",
        "price": 7.49,
        "price_kilo": 0.62,
        "slug": "banador-desechable-little-swimmers-t-3-4",
        "description": "Ba\u00f1ador Desechable Little Swimmers T 3-4 12 U",
        "image": "https:\/\/cdn-consum.aktiosdigitalservices.com\/tol\/consum\/media\/product\/img\/300x300\/7332286.jpg?t=20250312160724"
    },
    {
        "id": 21393,
        "name": "Ba\u00f1ador Desechable Little Swimmers T 5-6 HUGGIES",
        "price": 7.49,
        "price_kilo": 0.68,
        "slug": "banador-desechable-little-swimmers-t-5-6",
        "description": "Ba\u00f1ador Desechable Little Swimmers T 5-6 11 U",
        "image": "https:\/\/cdn-consum.aktiosdigitalservices.com\/tol\/consum\/media\/product\/img\/300x300\/7332294.jpg?t=20250312160726"
    },
    {
        "id": 21395,
        "name": "Pimiento Confitado Tarro BEBE",
        "price": 2.35,
        "price_kilo": 10.22,
        "slug": "pimiento-confitado-tarro",
        "description": "Pimiento Confitado Tarro 230 Gr",
        "image": "https:\/\/cdn-consum.aktiosdigitalservices.com\/tol\/consum\/media\/product\/img\/300x300\/7333024.jpg?t=20250311110858"
    },
    {
        "id": 21396,
        "name": "Aceituna Verdial Ali\u00f1o Tradicional Lata JOLCA",
        "price": 1.99,
        "price_kilo": 10.76,
        "slug": "aceituna-verdial-alino-tradicional-lata",
        "description": "Aceituna Verdial Ali\u00f1o Tradicional Lata 185 Gr",
        "image": "https:\/\/cdn-consum.aktiosdigitalservices.com\/tol\/consum\/media\/product\/img\/300x300\/7333094.jpg?t=20250313080649"
    },
    {
        "id": 21404,
        "name": "Refresco Agua con Gas Naranja Botella VICHY",
        "price": 1.96,
        "price_kilo": 1.63,
        "slug": "refresco-agua-con-gas-naranja-botella",
        "description": "Refresco Agua con Gas Naranja Botella 1,2 L",
        "image": "https:\/\/cdn-consum.aktiosdigitalservices.com\/tol\/consum\/media\/product\/img\/300x300\/7333227.jpg?t=20250320080129"
    },
    {
        "id": 21433,
        "name": "Camembert Empanado COBURGER",
        "price": 3.99,
        "price_kilo": 11.4,
        "slug": "camembert-empanado",
        "description": "Camembert Empanado 350 Gr",
        "image": "https:\/\/cdn-consum.aktiosdigitalservices.com\/tol\/consum\/media\/product\/img\/300x300\/7334345.jpg?t=20250313080651"
    },
    {
        "id": 21435,
        "name": "Bebida L\u00e1ctea 0%0% Prote\u00edna Fresa-Frambues YOPRO DANONE",
        "price": 1.99,
        "price_kilo": 6.64,
        "slug": "bebida-lactea-00-proteina-fresa-frambues",
        "description": "Bebida L\u00e1ctea 0%0% Prote\u00edna Fresa-Frambues 300 ml",
        "image": "https:\/\/cdn-consum.aktiosdigitalservices.com\/tol\/consum\/media\/product\/img\/300x300\/7334394.jpg?t=20250227093157"
    },
    {
        "id": 21438,
        "name": "Lionesas Surtidas 10 Unidades ",
        "price": 5.15,
        "price_kilo": 20.6,
        "slug": "lionesas-surtidas-10-unidades",
        "description": "Lionesas Surtidas 10 Unidades 250 Gr",
        "image": "https:\/\/cdn-consum.aktiosdigitalservices.com\/tol\/consum\/media\/product\/img\/300x300\/7334472.jpg?t=20250206094002"
    },
    {
        "id": 21441,
        "name": "Jam\u00f3n Cocido Extra 92% Carne FERRARINI",
        "price": 19.5,
        "price_kilo": 19.5,
        "slug": "jamon-cocido-extra-92-carne",
        "description": "Jam\u00f3n Cocido Extra 92% Carne",
        "image": "https:\/\/cdn-consum.aktiosdigitalservices.com\/tol\/consum\/media\/product\/img\/300x300\/7070469.jpg?t=20250322075825"
    },
    {
        "id": 21443,
        "name": "Caretas de Cerdo ",
        "price": 10.32,
        "price_kilo": 6.19,
        "slug": "caretas-de-cerdo",
        "description": "Caretas de Cerdo",
        "image": "https:\/\/cdn-consum.aktiosdigitalservices.com\/tol\/consum\/media\/product\/img\/300x300\/100032.jpg?t=20250322075643"
    },
    {
        "id": 21444,
        "name": "Rabos de Cerdo ",
        "price": 2.85,
        "price_kilo": 5.69,
        "slug": "rabos-de-cerdo",
        "description": "Rabos de Cerdo",
        "image": "https:\/\/cdn-consum.aktiosdigitalservices.com\/tol\/consum\/media\/product\/img\/300x300\/100040.jpg?t=20250322075645"
    },
    {
        "id": 21445,
        "name": "Papada de Cerdo ",
        "price": 0.59,
        "price_kilo": 6.59,
        "slug": "papada-de-cerdo",
        "description": "Papada de Cerdo",
        "image": "https:\/\/cdn-consum.aktiosdigitalservices.com\/tol\/consum\/media\/product\/img\/300x300\/100206.jpg?t=20250322075647"
    },
    {
        "id": 21446,
        "name": "Patas de cerdo ",
        "price": 2.76,
        "price_kilo": 6.89,
        "slug": "patas-de-cerdo",
        "description": "Patas de cerdo",
        "image": "https:\/\/cdn-consum.aktiosdigitalservices.com\/tol\/consum\/media\/product\/img\/300x300\/100214.jpg?t=20250322075648"
    },
    {
        "id": 21447,
        "name": "Tocino Blanco de Cerdo ",
        "price": 5.99,
        "price_kilo": 5.99,
        "slug": "tocino-blanco-de-cerdo",
        "description": "Tocino Blanco de Cerdo",
        "image": "https:\/\/cdn-consum.aktiosdigitalservices.com\/tol\/consum\/media\/product\/img\/300x300\/100255.jpg?t=20250322075649"
    },
    {
        "id": 21451,
        "name": "Morralla Lonjas del Mediterr\u00e1neo ",
        "price": 7.95,
        "price_kilo": 7.95,
        "slug": "morralla-lonjas-del-mediterraneo",
        "description": "Morralla Lonjas del Mediterr\u00e1neo",
        "image": "https:\/\/cdn-consum.aktiosdigitalservices.com\/tol\/consum\/media\/product\/img\/300x300\/222695.jpg?t=20250318080929"
    },
    {
        "id": 21457,
        "name": "Espinazo de Cerdo ",
        "price": 0.78,
        "price_kilo": 5.19,
        "slug": "espinazo-de-cerdo",
        "description": "Espinazo de Cerdo",
        "image": "https:\/\/cdn-consum.aktiosdigitalservices.com\/tol\/consum\/media\/product\/img\/300x300\/927772.jpg?t=20250322075720"
    },
    {
        "id": 21458,
        "name": "Magro de Jam\u00f3n ",
        "price": 0.57,
        "price_kilo": 6.35,
        "slug": "magro-de-jamon",
        "description": "Magro de Jam\u00f3n",
        "image": "https:\/\/cdn-consum.aktiosdigitalservices.com\/tol\/consum\/media\/product\/img\/300x300\/993555.jpg?t=20250322075729"
    },
    {
        "id": 21459,
        "name": "Estofado de Cerdo ",
        "price": 6.25,
        "price_kilo": 6.25,
        "slug": "estofado-de-cerdo",
        "description": "Estofado de Cerdo",
        "image": "https:\/\/cdn-consum.aktiosdigitalservices.com\/tol\/consum\/media\/product\/img\/300x300\/993589.jpg?t=20250322075730"
    },
    {
        "id": 21460,
        "name": "Rabo de A\u00f1ojo ",
        "price": 18.5,
        "price_kilo": 18.5,
        "slug": "rabo-de-anojo",
        "description": "Rabo de A\u00f1ojo",
        "image": "https:\/\/cdn-consum.aktiosdigitalservices.com\/tol\/consum\/media\/product\/img\/300x300\/1325711.jpg?t=20250320075716"
    },
    {
        "id": 21463,
        "name": "Gallina ",
        "price": 4.9,
        "price_kilo": 4.9,
        "slug": "gallina",
        "description": "Gallina",
        "image": "https:\/\/cdn-consum.aktiosdigitalservices.com\/tol\/consum\/media\/product\/img\/300x300\/3060845.jpg?t=20250314121326"
    },
    {
        "id": 21478,
        "name": "Ternera Gallega para Guisar ",
        "price": 18.7,
        "price_kilo": 18.7,
        "slug": "ternera-gallega-para-guisar",
        "description": "Ternera Gallega para Guisar",
        "image": "https:\/\/cdn-consum.aktiosdigitalservices.com\/tol\/consum\/media\/product\/img\/300x300\/7238280.jpg?t=20250321075854"
    },
    {
        "id": 21488,
        "name": "Refresco Naranja Lata CONSUM",
        "price": 0.37,
        "price_kilo": 1.12,
        "slug": "refresco-naranja-lata",
        "description": "Refresco Naranja Lata 0,33 L",
        "image": "https:\/\/cdn-consum.aktiosdigitalservices.com\/tol\/consum\/media\/product\/img\/300x300\/7315604.jpg?t=20250312092800"
    },
    {
        "id": 21492,
        "name": "Agua Micelar Mini GARNIER",
        "price": 1.75,
        "price_kilo": 1.75,
        "slug": "agua-micelar-mini",
        "description": "Agua Micelar Mini 1 U",
        "image": "https:\/\/cdn-consum.aktiosdigitalservices.com\/tol\/consum\/media\/product\/img\/300x300\/7317568.jpg?t=20250214075921"
    },
    {
        "id": 21495,
        "name": "Longaniza Pascuera ",
        "price": 0.72,
        "price_kilo": 11.59,
        "slug": "longaniza-pascuera",
        "description": "Longaniza Pascuera",
        "image": "https:\/\/cdn-consum.aktiosdigitalservices.com\/tol\/consum\/media\/product\/img\/300x300\/7328214.jpg?t=20250322075956"
    },
    {
        "id": 21534,
        "name": "Fiambre Pechuga Pollo Finas Lonchas B\/G ELPOZO",
        "price": 1,
        "price_kilo": 12.5,
        "slug": "fiambre-pechuga-pollo-finas-lonchas-b-g",
        "description": "Fiambre Pechuga Pollo Finas Lonchas B\/G 80 Gr",
        "image": "https:\/\/cdn-consum.aktiosdigitalservices.com\/tol\/consum\/media\/product\/img\/300x300\/7333826.jpg?t=20241217081147"
    },
    {
        "id": 21537,
        "name": "Patas de Pollo Limpias CONSUM",
        "price": 1.68,
        "price_kilo": 4.2,
        "slug": "patas-de-pollo-limpias",
        "description": "Patas de Pollo Limpias",
        "image": "https:\/\/cdn-consum.aktiosdigitalservices.com\/tol\/consum\/media\/product\/img\/300x300\/7334357.jpg?t=20250312125700"
    },
    {
        "id": 21539,
        "name": "Plantilla Memory Talla 22-46 ACHUCHONAS",
        "price": 4.99,
        "price_kilo": 4.99,
        "slug": "plantilla-memory-talla-22-46",
        "description": "Plantilla Memory Talla 22-46 1 U",
        "image": "https:\/\/cdn-consum.aktiosdigitalservices.com\/tol\/consum\/media\/product\/img\/300x300\/7334688.jpg?t=20241217081147"
    },
    {
        "id": 21543,
        "name": "Sardina Ahumada BRUIMAR",
        "price": 2.52,
        "price_kilo": 31.5,
        "slug": "sardina-ahumada",
        "description": "Sardina Ahumada 80 Gr",
        "image": "https:\/\/cdn-consum.aktiosdigitalservices.com\/tol\/consum\/media\/product\/img\/300x300\/7334857.jpg?t=20241217081148"
    },
    {
        "id": 21545,
        "name": "Desatascador Turbo Gel Tuber\u00edas WC NET",
        "price": 7.99,
        "price_kilo": 7.99,
        "slug": "desatascador-turbo-gel-tuberias",
        "description": "Desatascador Turbo Gel Tuber\u00edas 1 L",
        "image": "https:\/\/cdn-consum.aktiosdigitalservices.com\/tol\/consum\/media\/product\/img\/300x300\/7334944.jpg?t=20250319075920"
    },
    {
        "id": 21567,
        "name": "Pa\u00f1o Especial Vajillas CONSUM",
        "price": 2.75,
        "price_kilo": 1.38,
        "slug": "pano-especial-vajillas",
        "description": "Pa\u00f1o Especial Vajillas 2 U",
        "image": "https:\/\/cdn-consum.aktiosdigitalservices.com\/tol\/consum\/media\/product\/img\/300x300\/7312531.jpg?t=20241217081133"
    },
    {
        "id": 21570,
        "name": "Jab\u00f3n Neutralizador Olores KYREY",
        "price": 1.8,
        "price_kilo": 0.36,
        "slug": "jabon-neutralizador-olores",
        "description": "Jab\u00f3n Neutralizador Olores 500 ml",
        "image": "https:\/\/cdn-consum.aktiosdigitalservices.com\/tol\/consum\/media\/product\/img\/300x300\/7320690.jpg?t=20241217081139"
    },
    {
        "id": 21572,
        "name": "Dent\u00edfrico Sensibilidad y Enc\u00edas SENSODYNE",
        "price": 4.79,
        "price_kilo": 6.39,
        "slug": "dentifrico-sensibilidad-y-encias",
        "description": "Dent\u00edfrico Sensibilidad y Enc\u00edas 75 ml",
        "image": "https:\/\/cdn-consum.aktiosdigitalservices.com\/tol\/consum\/media\/product\/img\/300x300\/7324317.jpg?t=20250227093003"
    },
    {
        "id": 21573,
        "name": "Dent\u00edfrico Blanqueante Sensibilidad y Encias SENSODYNE",
        "price": 4.79,
        "price_kilo": 6.39,
        "slug": "dentifrico-blanqueante-sensibilidad-y-encias",
        "description": "Dent\u00edfrico Blanqueante Sensibilidad y Encias 75 ml",
        "image": "https:\/\/cdn-consum.aktiosdigitalservices.com\/tol\/consum\/media\/product\/img\/300x300\/7324320.jpg?t=20250312160708"
    },
    {
        "id": 21579,
        "name": "Mermelada Melocot\u00f3n de Temporada HERO",
        "price": 2.49,
        "price_kilo": 7.11,
        "slug": "mermelada-melocoton-de-temporada",
        "description": "Mermelada Melocot\u00f3n de Temporada 350 Gr",
        "image": "https:\/\/cdn-consum.aktiosdigitalservices.com\/tol\/consum\/media\/product\/img\/300x300\/7332971.jpg?t=20250311110853"
    },
    {
        "id": 21583,
        "name": "Pavo Trufado Bi Pack SERRANO",
        "price": 1.55,
        "price_kilo": 12.92,
        "slug": "pavo-trufado-bi-pack",
        "description": "Pavo Trufado Bi Pack 2 x 60 Gr",
        "image": "https:\/\/cdn-consum.aktiosdigitalservices.com\/tol\/consum\/media\/product\/img\/300x300\/7333479.jpg?t=20250109102723"
    },
    {
        "id": 21584,
        "name": "Galleta Digestive Finas Chocolate Negro FONTANEDA",
        "price": 2.8,
        "price_kilo": 16.47,
        "slug": "galleta-digestive-finas-chocolate-negro",
        "description": "Galleta Digestive Finas Chocolate Negro 170 Gr",
        "image": "https:\/\/cdn-consum.aktiosdigitalservices.com\/tol\/consum\/media\/product\/img\/300x300\/7333586.jpg?t=20250311110906"
    },
    {
        "id": 21590,
        "name": "Parches Puntos Negros al Carb\u00f3n ACTY MASK",
        "price": 3.85,
        "price_kilo": 0.48,
        "slug": "parches-puntos-negros-al-carbon",
        "description": "Parches Puntos Negros al Carb\u00f3n 8 U",
        "image": "https:\/\/cdn-consum.aktiosdigitalservices.com\/tol\/consum\/media\/product\/img\/300x300\/7334493.jpg?t=20241217081147"
    },
    {
        "id": 21603,
        "name": "Penne Integral Paquete BARILLA",
        "price": 1.99,
        "price_kilo": 3.98,
        "slug": "penne-integral-paquete",
        "description": "Penne Integral Paquete 500 Gr",
        "image": "https:\/\/cdn-consum.aktiosdigitalservices.com\/tol\/consum\/media\/product\/img\/300x300\/7335755.jpg?t=20250220080658"
    },
    {
        "id": 21606,
        "name": "Limpiador Desinfectante LAS 3 BRUJAS",
        "price": 3.15,
        "price_kilo": 3.15,
        "slug": "limpiador-desinfectante",
        "description": "Limpiador Desinfectante 1 L",
        "image": "https:\/\/cdn-consum.aktiosdigitalservices.com\/tol\/consum\/media\/product\/img\/300x300\/7335821.jpg?t=20241217081148"
    },
    {
        "id": 21613,
        "name": "Pechuga de Pollo al Natural Pack de 2 ALDELIS",
        "price": 2.25,
        "price_kilo": 21.63,
        "slug": "pechuga-de-pollo-al-natural-pack-de-2",
        "description": "Pechuga de Pollo al Natural Pack de 2 2 x 52 Gr",
        "image": "https:\/\/cdn-consum.aktiosdigitalservices.com\/tol\/consum\/media\/product\/img\/300x300\/7336006.jpg?t=20241217081148"
    },
    {
        "id": 21616,
        "name": "Frijoles Negros Guisados Bote GOYA",
        "price": 2.35,
        "price_kilo": 5.53,
        "slug": "frijoles-negros-guisados-bote",
        "description": "Frijoles Negros Guisados Bote 425 Gr",
        "image": "https:\/\/cdn-consum.aktiosdigitalservices.com\/tol\/consum\/media\/product\/img\/300x300\/7336159.jpg?t=20250123075944"
    },
    {
        "id": 21617,
        "name": "Lonchas Veganas Sabor Original VIOLIFE",
        "price": 3.59,
        "price_kilo": 17.95,
        "slug": "lonchas-veganas-sabor-original",
        "description": "Lonchas Veganas Sabor Original 200 Gr",
        "image": "https:\/\/cdn-consum.aktiosdigitalservices.com\/tol\/consum\/media\/product\/img\/300x300\/7336266.jpg?t=20250312160732"
    },
    {
        "id": 21621,
        "name": "Plantilla Sport Talla 41-46 ACHUCHONAS",
        "price": 6.39,
        "price_kilo": 6.39,
        "slug": "plantilla-sport-talla-41-46",
        "description": "Plantilla Sport Talla 41-46 1 U",
        "image": "https:\/\/cdn-consum.aktiosdigitalservices.com\/tol\/consum\/media\/product\/img\/300x300\/7336548.jpg?t=20241217081149"
    },
    {
        "id": 21622,
        "name": "Bizcocho Casero de Chocolate con Leche ",
        "price": 2.65,
        "price_kilo": 6.63,
        "slug": "bizcocho-casero-de-chocolate-con-leche",
        "description": "Bizcocho Casero de Chocolate con Leche 400 Gr",
        "image": "https:\/\/cdn-consum.aktiosdigitalservices.com\/tol\/consum\/media\/product\/img\/300x300\/7336626.jpg?t=20250204081159"
    },
    {
        "id": 21624,
        "name": "Mojama Extra ANGOMAR",
        "price": 56.5,
        "price_kilo": 56.5,
        "slug": "mojama-extra",
        "description": "Mojama Extra",
        "image": "https:\/\/cdn-consum.aktiosdigitalservices.com\/tol\/consum\/media\/product\/img\/300x300\/3085552.jpg?t=20250319075716"
    },
    {
        "id": 21677,
        "name": "Bebida de Avena Chocolate Brik YOSOY",
        "price": 2.1,
        "price_kilo": 2.1,
        "slug": "bebida-de-avena-chocolate-brik",
        "description": "Bebida de Avena Chocolate Brik 1 L",
        "image": "https:\/\/cdn-consum.aktiosdigitalservices.com\/tol\/consum\/media\/product\/img\/300x300\/7336279.jpg?t=20250311110916"
    },
    {
        "id": 21680,
        "name": "Ma\u00edz Mistercorn Maxi Ahorro Bolsa MISTERCORN",
        "price": 2.85,
        "price_kilo": 10,
        "slug": "maiz-mistercorn-maxi-ahorro-bolsa",
        "description": "Ma\u00edz Mistercorn Maxi Ahorro Bolsa 285 Gr",
        "image": "https:\/\/cdn-consum.aktiosdigitalservices.com\/tol\/consum\/media\/product\/img\/300x300\/7336402.jpg?t=20250206094016"
    },
    {
        "id": 21681,
        "name": "Masa de Hojaldre sin Gluten CERELIA",
        "price": 2.8,
        "price_kilo": 10,
        "slug": "masa-de-hojaldre-sin-gluten",
        "description": "Masa de Hojaldre sin Gluten 280 Gr",
        "image": "https:\/\/cdn-consum.aktiosdigitalservices.com\/tol\/consum\/media\/product\/img\/300x300\/7336428.jpg?t=20241217081149"
    },
    {
        "id": 21685,
        "name": "Aperitivo Fiero MARTINI",
        "price": 10.39,
        "price_kilo": 13.85,
        "slug": "aperitivo-fiero",
        "description": "Aperitivo Fiero 0,75 L",
        "image": "https:\/\/cdn-consum.aktiosdigitalservices.com\/tol\/consum\/media\/product\/img\/300x300\/7336576.jpg?t=20250311164609"
    },
    {
        "id": 21693,
        "name": "Cerveza IPA Lata 5 Estrelllas MAHOU",
        "price": 1.19,
        "price_kilo": 3.61,
        "slug": "cerveza-ipa-lata-5-estrelllas",
        "description": "Cerveza IPA Lata 5 Estrelllas 0,33 L",
        "image": "https:\/\/cdn-consum.aktiosdigitalservices.com\/tol\/consum\/media\/product\/img\/300x300\/7336832.jpg?t=20250206094017"
    },
    {
        "id": 21698,
        "name": "Ensalada C\u00e9sar American Style FLORETTE",
        "price": 3.35,
        "price_kilo": 16.75,
        "slug": "ensalada-cesar-american-style",
        "description": "Ensalada C\u00e9sar American Style 200 Gr",
        "image": "https:\/\/cdn-consum.aktiosdigitalservices.com\/tol\/consum\/media\/product\/img\/300x300\/7337058.jpg?t=20250311110924"
    },
    {
        "id": 21725,
        "name": "Refresco Naranja Botella CONSUM",
        "price": 0.95,
        "price_kilo": 0.48,
        "slug": "refresco-naranja-botella",
        "description": "Refresco Naranja Botella 2 L",
        "image": "https:\/\/cdn-consum.aktiosdigitalservices.com\/tol\/consum\/media\/product\/img\/300x300\/7315562.jpg?t=20250311164607"
    },
    {
        "id": 21729,
        "name": "Br\u00f3coli Natural Frasco CONSUM",
        "price": 1.59,
        "price_kilo": 4.3,
        "slug": "brocoli-natural-frasco",
        "description": "Br\u00f3coli Natural Frasco 370 Gr",
        "image": "https:\/\/cdn-consum.aktiosdigitalservices.com\/tol\/consum\/media\/product\/img\/300x300\/7330884.jpg?t=20241217081145"
    },
    {
        "id": 21731,
        "name": "Caf\u00e9 Espresso Refrigerado CONSUM",
        "price": 0.85,
        "price_kilo": 3.4,
        "slug": "cafe-espresso-refrigerado",
        "description": "Caf\u00e9 Espresso Refrigerado 250 ml",
        "image": "https:\/\/cdn-consum.aktiosdigitalservices.com\/tol\/consum\/media\/product\/img\/300x300\/7331242.jpg?t=20250220080650"
    },
    {
        "id": 21733,
        "name": "Galleta Digestive Finas Chocolate con Leche FONTANEDA",
        "price": 2.8,
        "price_kilo": 16.47,
        "slug": "galleta-digestive-finas-chocolate-con-leche",
        "description": "Galleta Digestive Finas Chocolate con Leche 170 Gr",
        "image": "https:\/\/cdn-consum.aktiosdigitalservices.com\/tol\/consum\/media\/product\/img\/300x300\/7333594.jpg?t=20250311110909"
    },
    {
        "id": 21740,
        "name": "Cerveza 0,0% Tostada Lata AMSTEL ORO",
        "price": 0.68,
        "price_kilo": 2.06,
        "slug": "cerveza-00-tostada-lata",
        "description": "Cerveza 0,0% Tostada Lata 0,33 L",
        "image": "https:\/\/cdn-consum.aktiosdigitalservices.com\/tol\/consum\/media\/product\/img\/300x300\/7336063.jpg?t=20250228080358"
    },
    {
        "id": 21746,
        "name": "Miel Cruda de Romero Tarro R.APICOLA",
        "price": 6.25,
        "price_kilo": 12.5,
        "slug": "miel-cruda-de-romero-tarro",
        "description": "Miel Cruda de Romero Tarro 500 Gr",
        "image": "https:\/\/cdn-consum.aktiosdigitalservices.com\/tol\/consum\/media\/product\/img\/300x300\/7336287.jpg?t=20250311110919"
    },
    {
        "id": 21759,
        "name": "Crema Revitalift Ginseng Rojo L'OREAL",
        "price": 10.95,
        "price_kilo": 21.9,
        "slug": "crema-revitalift-ginseng-rojo",
        "description": "Crema Revitalift Ginseng Rojo 50 ml",
        "image": "https:\/\/cdn-consum.aktiosdigitalservices.com\/tol\/consum\/media\/product\/img\/300x300\/7336753.jpg?t=20241217081149"
    },
    {
        "id": 21768,
        "name": "Lej\u00eda con Detergente CONSUM",
        "price": 1.15,
        "price_kilo": 0.58,
        "slug": "lejia-con-detergente",
        "description": "Lej\u00eda con Detergente 2 L",
        "image": "https:\/\/cdn-consum.aktiosdigitalservices.com\/tol\/consum\/media\/product\/img\/300x300\/7328321.jpg?t=20241217081144"
    },
    {
        "id": 21769,
        "name": "Lej\u00eda Lavadora Densa CONSUM",
        "price": 1.25,
        "price_kilo": 0.63,
        "slug": "lejia-lavadora-densa",
        "description": "Lej\u00eda Lavadora Densa 2 L",
        "image": "https:\/\/cdn-consum.aktiosdigitalservices.com\/tol\/consum\/media\/product\/img\/300x300\/7328326.jpg?t=20250312092801"
    },
    {
        "id": 21770,
        "name": "Lej\u00eda Multiusos CONSUM",
        "price": 0.8,
        "price_kilo": 0.4,
        "slug": "lejia-multiusos",
        "description": "Lej\u00eda Multiusos 2 L",
        "image": "https:\/\/cdn-consum.aktiosdigitalservices.com\/tol\/consum\/media\/product\/img\/300x300\/7328334.jpg?t=20241217081144"
    },
    {
        "id": 21771,
        "name": "Lej\u00eda Lavadora Densa CONSUM",
        "price": 2.69,
        "price_kilo": 0.54,
        "slug": "lejia-lavadora-densa",
        "description": "Lej\u00eda Lavadora Densa 5 L",
        "image": "https:\/\/cdn-consum.aktiosdigitalservices.com\/tol\/consum\/media\/product\/img\/300x300\/7328339.jpg?t=20250312092801"
    },
    {
        "id": 21772,
        "name": "Lej\u00eda Multiusos CONSUM",
        "price": 1.85,
        "price_kilo": 0.37,
        "slug": "lejia-multiusos",
        "description": "Lej\u00eda Multiusos 5 L",
        "image": "https:\/\/cdn-consum.aktiosdigitalservices.com\/tol\/consum\/media\/product\/img\/300x300\/7328342.jpg?t=20250312092801"
    },
    {
        "id": 21773,
        "name": "Jab\u00f3n de Manos L\u00edquido Dermo KYREY",
        "price": 0.9,
        "price_kilo": 0.18,
        "slug": "jabon-de-manos-liquido-dermo",
        "description": "Jab\u00f3n de Manos L\u00edquido Dermo 500 ml",
        "image": "https:\/\/cdn-consum.aktiosdigitalservices.com\/tol\/consum\/media\/product\/img\/300x300\/7318785.jpg?t=20250312092800"
    },
    {
        "id": 21774,
        "name": "Champi\u00f1ones Laminados Pack de 3 CONSUM",
        "price": 2.19,
        "price_kilo": 6.95,
        "slug": "champinones-laminados-pack-de-3",
        "description": "Champi\u00f1ones Laminados Pack de 3 3 x 105 Gr",
        "image": "https:\/\/cdn-consum.aktiosdigitalservices.com\/tol\/consum\/media\/product\/img\/300x300\/7327307.jpg?t=20241217081143"
    },
    {
        "id": 21783,
        "name": "Bol Ventosa Color TIGEX",
        "price": 6.75,
        "price_kilo": 6.75,
        "slug": "bol-ventosa-color",
        "description": "Bol Ventosa Color 1 U",
        "image": "https:\/\/cdn-consum.aktiosdigitalservices.com\/tol\/consum\/media\/product\/img\/300x300\/7336105.jpg?t=20250311164609"
    },
    {
        "id": 21784,
        "name": "Lomo Embuchado 2 Unidades BOADAS",
        "price": 2.49,
        "price_kilo": 24.9,
        "slug": "lomo-embuchado-2-unidades",
        "description": "Lomo Embuchado 2 Unidades 2 x 50 Gr",
        "image": "https:\/\/cdn-consum.aktiosdigitalservices.com\/tol\/consum\/media\/product\/img\/300x300\/7336183.jpg?t=20241217081149"
    },
    {
        "id": 21785,
        "name": "Cabecero de Lomo 2 Unidades BOADAS",
        "price": 2.29,
        "price_kilo": 22.9,
        "slug": "cabecero-de-lomo-2-unidades",
        "description": "Cabecero de Lomo 2 Unidades 2 x 50 Gr",
        "image": "https:\/\/cdn-consum.aktiosdigitalservices.com\/tol\/consum\/media\/product\/img\/300x300\/7336188.jpg?t=20241217081149"
    },
    {
        "id": 21786,
        "name": "Rallado Vegano Estilo Mozzarella VIOLIFE",
        "price": 3.59,
        "price_kilo": 17.95,
        "slug": "rallado-vegano-estilo-mozzarella",
        "description": "Rallado Vegano Estilo Mozzarella 200 Gr",
        "image": "https:\/\/cdn-consum.aktiosdigitalservices.com\/tol\/consum\/media\/product\/img\/300x300\/7336337.jpg?t=20250122080000"
    },
    {
        "id": 21788,
        "name": "Vino Blanco Sauvignon D.O. Utiel Requena CON UN PAR",
        "price": 6.59,
        "price_kilo": 8.79,
        "slug": "vino-blanco-sauvignon-do-utiel-requena",
        "description": "Vino Blanco Sauvignon D.O. Utiel Requena 0,75 L",
        "image": "https:\/\/cdn-consum.aktiosdigitalservices.com\/tol\/consum\/media\/product\/img\/300x300\/7336837.jpg?t=20250220080700"
    },
    {
        "id": 21789,
        "name": "Cracker Naturales RECONDO",
        "price": 2.32,
        "price_kilo": 9.28,
        "slug": "cracker-naturales",
        "description": "Cracker Naturales 250 Gr",
        "image": "https:\/\/cdn-consum.aktiosdigitalservices.com\/tol\/consum\/media\/product\/img\/300x300\/7336840.jpg?t=20250311164610"
    },
    {
        "id": 21798,
        "name": "Ginebra Pure Dry 38",
        "price": 5.99,
        "price_kilo": 8.56,
        "slug": "ginebra-pure-dry",
        "description": "Ginebra Pure Dry 0,7 L",
        "image": "https:\/\/cdn-consum.aktiosdigitalservices.com\/tol\/consum\/media\/product\/img\/300x300\/7337207.jpg?t=20241217081149"
    },
    {
        "id": 21801,
        "name": "Kebab Loncheado Pollo congelado OZ QUEBAB",
        "price": 3.79,
        "price_kilo": 15.16,
        "slug": "kebab-loncheado-pollo-congelado",
        "description": "Kebab Loncheado Pollo congelado 250 Gr",
        "image": "https:\/\/cdn-consum.aktiosdigitalservices.com\/tol\/consum\/media\/product\/img\/300x300\/7337280.jpg?t=20241217081150"
    },
    {
        "id": 21809,
        "name": "Limpiador Desinfectante Para Ba\u00f1os SANYTOL",
        "price": 3.25,
        "price_kilo": 4.33,
        "slug": "limpiador-desinfectante-para-banos",
        "description": "Limpiador Desinfectante Para Ba\u00f1os 750 ml",
        "image": "https:\/\/cdn-consum.aktiosdigitalservices.com\/tol\/consum\/media\/product\/img\/300x300\/7337553.jpg?t=20250227093211"
    },
    {
        "id": 21811,
        "name": "Jab\u00f3n Pastilla LAGARTO",
        "price": 2.95,
        "price_kilo": 0.98,
        "slug": "jabon-pastilla",
        "description": "Jab\u00f3n Pastilla 3 U",
        "image": "https:\/\/cdn-consum.aktiosdigitalservices.com\/tol\/consum\/media\/product\/img\/300x300\/7337603.jpg?t=20241217081150"
    },
    {
        "id": 21832,
        "name": "Surtido Galletas Compliments LAMBERTZ",
        "price": 4.89,
        "price_kilo": 9.78,
        "slug": "surtido-galletas-compliments",
        "description": "Surtido Galletas Compliments 500 Gr",
        "image": "https:\/\/cdn-consum.aktiosdigitalservices.com\/tol\/consum\/media\/product\/img\/300x300\/7337264.jpg?t=20250311134130"
    },
    {
        "id": 21833,
        "name": "Crema Nutrici\u00f3n Intensa Piel Seca DOVE",
        "price": 2.49,
        "price_kilo": 1.66,
        "slug": "crema-nutricion-intensa-piel-seca",
        "description": "Crema Nutrici\u00f3n Intensa Piel Seca 150 ml",
        "image": "https:\/\/cdn-consum.aktiosdigitalservices.com\/tol\/consum\/media\/product\/img\/300x300\/7337335.jpg?t=20250227093208"
    },
    {
        "id": 21849,
        "name": "Harina Espelta Integral Paquete GALLO",
        "price": 2.59,
        "price_kilo": 2.59,
        "slug": "harina-espelta-integral-paquete",
        "description": "Harina Espelta Integral Paquete 1 Kg",
        "image": "https:\/\/cdn-consum.aktiosdigitalservices.com\/tol\/consum\/media\/product\/img\/300x300\/7337673.jpg?t=20250227093214"
    },
    {
        "id": 21851,
        "name": "Mini Centeno 30% 3 Unidades ",
        "price": 1.04,
        "price_kilo": 4.08,
        "slug": "mini-centeno-30-3-unidades",
        "description": "Mini Centeno 30% 3 Unidades 255 Gr",
        "image": "https:\/\/cdn-consum.aktiosdigitalservices.com\/tol\/consum\/media\/product\/img\/300x300\/7337756.jpg?t=20250322075959"
    },
    {
        "id": 21856,
        "name": "Vino Tinto Crianza D.O.Navarra HOMENAJE",
        "price": 4.99,
        "price_kilo": 6.65,
        "slug": "vino-tinto-crianza-donavarra",
        "description": "Vino Tinto Crianza D.O.Navarra 0,75 L",
        "image": "https:\/\/cdn-consum.aktiosdigitalservices.com\/tol\/consum\/media\/product\/img\/300x300\/7337962.jpg?t=20250227093216"
    },
    {
        "id": 21858,
        "name": "Gel Dental + 6 a\u00f1os Sabor Menta CONSUM KIDS",
        "price": 1.25,
        "price_kilo": 1.67,
        "slug": "gel-dental-6-anos-sabor-menta",
        "description": "Gel Dental + 6 a\u00f1os Sabor Menta 75 ml",
        "image": "https:\/\/cdn-consum.aktiosdigitalservices.com\/tol\/consum\/media\/product\/img\/300x300\/7325921.jpg?t=20241217081143"
    },
    {
        "id": 21860,
        "name": "Colgador WC D\u00fao Blue Activ Floral BREF",
        "price": 3.85,
        "price_kilo": 1.93,
        "slug": "colgador-wc-duo-blue-activ-floral",
        "description": "Colgador WC D\u00fao Blue Activ Floral 2 U",
        "image": "https:\/\/cdn-consum.aktiosdigitalservices.com\/tol\/consum\/media\/product\/img\/300x300\/7336147.jpg?t=20250311110914"
    },
    {
        "id": 21861,
        "name": "Colgador WC D\u00fao Poder Activo Lim\u00f3n BREF",
        "price": 3.35,
        "price_kilo": 1.68,
        "slug": "colgador-wc-duo-poder-activo-limon",
        "description": "Colgador WC D\u00fao Poder Activo Lim\u00f3n 2 U",
        "image": "https:\/\/cdn-consum.aktiosdigitalservices.com\/tol\/consum\/media\/product\/img\/300x300\/7336154.jpg?t=20250227093203"
    },
    {
        "id": 21866,
        "name": "Kebab Loncheado Ternera congelado OZ QUEBAB",
        "price": 3.79,
        "price_kilo": 15.16,
        "slug": "kebab-loncheado-ternera-congelado",
        "description": "Kebab Loncheado Ternera congelado 250 Gr",
        "image": "https:\/\/cdn-consum.aktiosdigitalservices.com\/tol\/consum\/media\/product\/img\/300x300\/7337277.jpg?t=20241217081150"
    },
    {
        "id": 21876,
        "name": "Champ\u00fa Infantil Gotas de Fuerza JOHNSON",
        "price": 3.45,
        "price_kilo": 0.69,
        "slug": "champu-infantil-gotas-de-fuerza",
        "description": "Champ\u00fa Infantil Gotas de Fuerza 500 ml",
        "image": "https:\/\/cdn-consum.aktiosdigitalservices.com\/tol\/consum\/media\/product\/img\/300x300\/7337665.jpg?t=20250227093213"
    },
    {
        "id": 21882,
        "name": "Tinte Casta\u00f1o 5.6 Caramelo PALETTE",
        "price": 4.79,
        "price_kilo": 4.79,
        "slug": "tinte-castano-56-caramelo",
        "description": "Tinte Casta\u00f1o 5.6 Caramelo 1 U",
        "image": "https:\/\/cdn-consum.aktiosdigitalservices.com\/tol\/consum\/media\/product\/img\/300x300\/7338085.jpg?t=20250311164610"
    },
    {
        "id": 21896,
        "name": "Jab\u00f3n de Manos L\u00edquido Avena KYREY",
        "price": 1.4,
        "price_kilo": 0.28,
        "slug": "jabon-de-manos-liquido-avena",
        "description": "Jab\u00f3n de Manos L\u00edquido Avena 500 ml",
        "image": "https:\/\/cdn-consum.aktiosdigitalservices.com\/tol\/consum\/media\/product\/img\/300x300\/7318793.jpg?t=20250206093732"
    },
    {
        "id": 21897,
        "name": "Sardinilla en Aceite de Girasol Pack de 2 CONSUM",
        "price": 1.65,
        "price_kilo": 12.69,
        "slug": "sardinilla-en-aceite-de-girasol-pack-de-2",
        "description": "Sardinilla en Aceite de Girasol Pack de 2 2 x 65 Gr",
        "image": "https:\/\/cdn-consum.aktiosdigitalservices.com\/tol\/consum\/media\/product\/img\/300x300\/7325798.jpg?t=20241217081143"
    },
    {
        "id": 21898,
        "name": "Sardinilla en Tomate Pack 2 CONSUM",
        "price": 1.6,
        "price_kilo": 13.56,
        "slug": "sardinilla-en-tomate-pack-2",
        "description": "Sardinilla en Tomate Pack 2 2 x 59 Gr",
        "image": "https:\/\/cdn-consum.aktiosdigitalservices.com\/tol\/consum\/media\/product\/img\/300x300\/7325801.jpg?t=20241227075840"
    },
    {
        "id": 21907,
        "name": "Desodorante Spray Zero Aluminio SANEX",
        "price": 3,
        "price_kilo": 1.5,
        "slug": "desodorante-spray-zero-aluminio",
        "description": "Desodorante Spray Zero Aluminio 200 ml",
        "image": "https:\/\/cdn-consum.aktiosdigitalservices.com\/tol\/consum\/media\/product\/img\/300x300\/7337467.jpg?t=20241217081150"
    },
    {
        "id": 21908,
        "name": "Desodorante Roll-on Zero Aluminio SANEX",
        "price": 2.1,
        "price_kilo": 4.2,
        "slug": "desodorante-roll-on-zero-aluminio",
        "description": "Desodorante Roll-on Zero Aluminio 50 ml",
        "image": "https:\/\/cdn-consum.aktiosdigitalservices.com\/tol\/consum\/media\/product\/img\/300x300\/7337470.jpg?t=20250312160734"
    },
    {
        "id": 21917,
        "name": "Aceituna Rellena Lim\u00f3n JOLCA",
        "price": 2.05,
        "price_kilo": 15.77,
        "slug": "aceituna-rellena-limon",
        "description": "Aceituna Rellena Lim\u00f3n 130 Gr",
        "image": "https:\/\/cdn-consum.aktiosdigitalservices.com\/tol\/consum\/media\/product\/img\/300x300\/7337744.jpg?t=20250318080356"
    },
    {
        "id": 21918,
        "name": "Aceituna Gordal sin Hueso Ali\u00f1ada JOLCA",
        "price": 5.99,
        "price_kilo": 16.64,
        "slug": "aceituna-gordal-sin-hueso-alinada",
        "description": "Aceituna Gordal sin Hueso Ali\u00f1ada 360 Gr",
        "image": "https:\/\/cdn-consum.aktiosdigitalservices.com\/tol\/consum\/media\/product\/img\/300x300\/7337749.jpg?t=20250318080358"
    },
    {
        "id": 21928,
        "name": "Tinte Rubio 10 Muy Claro PALETTE",
        "price": 4.79,
        "price_kilo": 4.79,
        "slug": "tinte-rubio-10-muy-claro",
        "description": "Tinte Rubio 10 Muy Claro 1 U",
        "image": "https:\/\/cdn-consum.aktiosdigitalservices.com\/tol\/consum\/media\/product\/img\/300x300\/7338093.jpg?t=20250311164610"
    },
    {
        "id": 21941,
        "name": "Cepillo Sensibilidad y Enc\u00edas SENSODYNE",
        "price": 2.69,
        "price_kilo": 2.69,
        "slug": "cepillo-sensibilidad-y-encias",
        "description": "Cepillo Sensibilidad y Enc\u00edas 1 U",
        "image": "https:\/\/cdn-consum.aktiosdigitalservices.com\/tol\/consum\/media\/product\/img\/300x300\/7338671.jpg?t=20250227093219"
    },
    {
        "id": 21947,
        "name": "Patatas Fritas Sal al Horno LAY'S",
        "price": 2.39,
        "price_kilo": 15.93,
        "slug": "patatas-fritas-sal-al-horno",
        "description": "Patatas Fritas Sal al Horno 150 Gr",
        "image": "https:\/\/cdn-consum.aktiosdigitalservices.com\/tol\/consum\/media\/product\/img\/300x300\/7338940.jpg?t=20250227093220"
    },
    {
        "id": 21951,
        "name": "Sardinillas en Aceite de Oliva Pack 2 CONSUM",
        "price": 2,
        "price_kilo": 15.38,
        "slug": "sardinillas-en-aceite-de-oliva-pack-2",
        "description": "Sardinillas en Aceite de Oliva Pack 2 2 x 65 Gr",
        "image": "https:\/\/cdn-consum.aktiosdigitalservices.com\/tol\/consum\/media\/product\/img\/300x300\/7325793.jpg?t=20241217081143"
    },
    {
        "id": 21952,
        "name": "Sardinillas Bajo en Sal en Aceite Oliva Pack 2 CONSUM",
        "price": 2.05,
        "price_kilo": 15.77,
        "slug": "sardinillas-bajo-en-sal-en-aceite-oliva-pack-2",
        "description": "Sardinillas Bajo en Sal en Aceite Oliva Pack 2 2 x 65 Gr",
        "image": "https:\/\/cdn-consum.aktiosdigitalservices.com\/tol\/consum\/media\/product\/img\/300x300\/7325806.jpg?t=20241217081143"
    },
    {
        "id": 21962,
        "name": "Queso Servilleta Artesano Leche de Cabra LA CABRITA",
        "price": 5.59,
        "price_kilo": 15.97,
        "slug": "queso-servilleta-artesano-leche-de-cabra",
        "description": "Queso Servilleta Artesano Leche de Cabra 350 Gr",
        "image": "https:\/\/cdn-consum.aktiosdigitalservices.com\/tol\/consum\/media\/product\/img\/300x300\/7337801.jpg?t=20250103081919"
    },
    {
        "id": 21967,
        "name": "Pat\u00e9 de Cerdo Ib\u00e9rico Monodosis APIS",
        "price": 1.55,
        "price_kilo": 10.33,
        "slug": "pate-de-cerdo-iberico-monodosis",
        "description": "Pat\u00e9 de Cerdo Ib\u00e9rico Monodosis 3 x 50 Gr",
        "image": "https:\/\/cdn-consum.aktiosdigitalservices.com\/tol\/consum\/media\/product\/img\/300x300\/7338072.jpg?t=20250131075922"
    },
    {
        "id": 21970,
        "name": "Quitamanchas Oxi Action White VANISH",
        "price": 4.99,
        "price_kilo": 11.09,
        "slug": "quitamanchas-oxi-action-white",
        "description": "Quitamanchas Oxi Action White 450 Gr",
        "image": "https:\/\/cdn-consum.aktiosdigitalservices.com\/tol\/consum\/media\/product\/img\/300x300\/7338697.jpg?t=20250116080302"
    },
    {
        "id": 21981,
        "name": "Tinte Creme Gloss 200 Negro \u00c9bano CASTING",
        "price": 6.6,
        "price_kilo": 6.6,
        "slug": "tinte-creme-gloss-200-negro-ebano",
        "description": "Tinte Creme Gloss 200 Negro \u00c9bano 1 U",
        "image": "https:\/\/cdn-consum.aktiosdigitalservices.com\/tol\/consum\/media\/product\/img\/300x300\/7338965.jpg?t=20250311164610"
    },
    {
        "id": 21985,
        "name": "Tinte N\u00ba 5.3 Chocolate Praline EXCELLENCE",
        "price": 8.9,
        "price_kilo": 8.9,
        "slug": "tinte-n-53-chocolate-praline",
        "description": "Tinte N\u00ba 5.3 Chocolate Praline 1 U",
        "image": "https:\/\/cdn-consum.aktiosdigitalservices.com\/tol\/consum\/media\/product\/img\/300x300\/7338994.jpg?t=20250311164610"
    },
    {
        "id": 21986,
        "name": "Tinte N\u00ba 01 Rubio Ultra Claro Natural EXCELLENCE",
        "price": 8.9,
        "price_kilo": 8.9,
        "slug": "tinte-n-01-rubio-ultra-claro-natural",
        "description": "Tinte N\u00ba 01 Rubio Ultra Claro Natural 1 U",
        "image": "https:\/\/cdn-consum.aktiosdigitalservices.com\/tol\/consum\/media\/product\/img\/300x300\/7338999.jpg?t=20250311164610"
    },
    {
        "id": 21988,
        "name": "Tinte N\u00ba 6.1 Rubio Oscuro Ceniza EXCELLENCE",
        "price": 8.9,
        "price_kilo": 8.9,
        "slug": "tinte-n-61-rubio-oscuro-ceniza",
        "description": "Tinte N\u00ba 6.1 Rubio Oscuro Ceniza 1 U",
        "image": "https:\/\/cdn-consum.aktiosdigitalservices.com\/tol\/consum\/media\/product\/img\/300x300\/7339005.jpg?t=20241217081150"
    },
    {
        "id": 22038,
        "name": "Paleta Sombras Ojos Nude MAYBELLINE",
        "price": 10.99,
        "price_kilo": 10.99,
        "slug": "paleta-sombras-ojos-nude",
        "description": "Paleta Sombras Ojos Nude 1 U",
        "image": "https:\/\/cdn-consum.aktiosdigitalservices.com\/tol\/consum\/media\/product\/img\/300x300\/7248136.jpg?t=20250227092133"
    },
    {
        "id": 22216,
        "name": "Concealer Corrector 20 Sand Fit me MAYBELLINE",
        "price": 6.99,
        "price_kilo": 6.99,
        "slug": "concealer-corrector-20-sand-fit-me",
        "description": "Concealer Corrector 20 Sand Fit me 1 U",
        "image": "https:\/\/cdn-consum.aktiosdigitalservices.com\/tol\/consum\/media\/product\/img\/300x300\/7309180.jpg?t=20250204082216"
    },
    {
        "id": 22217,
        "name": "Concealer Corrector 15 Fair Fit Me MAYBELLINE",
        "price": 6.99,
        "price_kilo": 6.99,
        "slug": "concealer-corrector-15-fair-fit-me",
        "description": "Concealer Corrector 15 Fair Fit Me 1 U",
        "image": "https:\/\/cdn-consum.aktiosdigitalservices.com\/tol\/consum\/media\/product\/img\/300x300\/7309193.jpg?t=20241217081131"
    },
    {
        "id": 22264,
        "name": "Barra de Labios 65 Ink Mate Nude MAYBELLINE",
        "price": 8.95,
        "price_kilo": 8.95,
        "slug": "barra-de-labios-65-ink-mate-nude",
        "description": "Barra de Labios 65 Ink Mate Nude 1 U",
        "image": "https:\/\/cdn-consum.aktiosdigitalservices.com\/tol\/consum\/media\/product\/img\/300x300\/7310956.jpg?t=20250311164606"
    },
    {
        "id": 22265,
        "name": "Barra de Labios 80 Ink Mate Nude MAYBELLINE",
        "price": 8.95,
        "price_kilo": 8.95,
        "slug": "barra-de-labios-80-ink-mate-nude",
        "description": "Barra de Labios 80 Ink Mate Nude 1 U",
        "image": "https:\/\/cdn-consum.aktiosdigitalservices.com\/tol\/consum\/media\/product\/img\/300x300\/7310972.jpg?t=20250311164606"
    },
    {
        "id": 22270,
        "name": "Polvo Traslucido Master Fix MAYBELLINE",
        "price": 8.99,
        "price_kilo": 8.99,
        "slug": "polvo-traslucido-master-fix",
        "description": "Polvo Traslucido Master Fix 1 U",
        "image": "https:\/\/cdn-consum.aktiosdigitalservices.com\/tol\/consum\/media\/product\/img\/300x300\/7312114.jpg?t=20241217081133"
    },
    {
        "id": 22278,
        "name": "Colorete en Polvo Naughty Nude REVLON",
        "price": 10.99,
        "price_kilo": 10.99,
        "slug": "colorete-en-polvo-naughty-nude",
        "description": "Colorete en Polvo Naughty Nude 1 U",
        "image": "https:\/\/cdn-consum.aktiosdigitalservices.com\/tol\/consum\/media\/product\/img\/300x300\/7312739.jpg?t=20250311164606"
    },
    {
        "id": 22279,
        "name": "Colorete en Polvo Mauvelous REVLON",
        "price": 10.99,
        "price_kilo": 10.99,
        "slug": "colorete-en-polvo-mauvelous",
        "description": "Colorete en Polvo Mauvelous 1 U",
        "image": "https:\/\/cdn-consum.aktiosdigitalservices.com\/tol\/consum\/media\/product\/img\/300x300\/7312742.jpg?t=20250311164606"
    },
    {
        "id": 22281,
        "name": "Eyeliner L\u00edquido Negro Colorstay REVLON",
        "price": 8.99,
        "price_kilo": 8.99,
        "slug": "eyeliner-liquido-negro-colorstay",
        "description": "Eyeliner L\u00edquido Negro Colorstay 1 U",
        "image": "https:\/\/cdn-consum.aktiosdigitalservices.com\/tol\/consum\/media\/product\/img\/300x300\/7312775.jpg?t=20250304111951"
    },
    {
        "id": 22282,
        "name": "Eyeliner Negro Autom\u00e1tico REVLON",
        "price": 8.99,
        "price_kilo": 8.99,
        "slug": "eyeliner-negro-automatico",
        "description": "Eyeliner Negro Autom\u00e1tico 1 U",
        "image": "https:\/\/cdn-consum.aktiosdigitalservices.com\/tol\/consum\/media\/product\/img\/300x300\/7312791.jpg?t=20250304111952"
    },
    {
        "id": 22283,
        "name": "Eyeliner Marr\u00f3n Autom\u00e1tico Colorstay REVLON",
        "price": 8.99,
        "price_kilo": 8.99,
        "slug": "eyeliner-marron-automatico-colorstay",
        "description": "Eyeliner Marr\u00f3n Autom\u00e1tico Colorstay 1 U",
        "image": "https:\/\/cdn-consum.aktiosdigitalservices.com\/tol\/consum\/media\/product\/img\/300x300\/7312809.jpg?t=20250311164606"
    },
    {
        "id": 22284,
        "name": "Eyeliner Verde Autom\u00e1tico Colorstay REVLON",
        "price": 8.99,
        "price_kilo": 8.99,
        "slug": "eyeliner-verde-automatico-colorstay",
        "description": "Eyeliner Verde Autom\u00e1tico Colorstay 1 U",
        "image": "https:\/\/cdn-consum.aktiosdigitalservices.com\/tol\/consum\/media\/product\/img\/300x300\/7312817.jpg?t=20250311164606"
    },
    {
        "id": 22285,
        "name": "Eyeliner Autom\u00e1tico Gris REVLON",
        "price": 8.99,
        "price_kilo": 8.99,
        "slug": "eyeliner-automatico-gris",
        "description": "Eyeliner Autom\u00e1tico Gris 1 U",
        "image": "https:\/\/cdn-consum.aktiosdigitalservices.com\/tol\/consum\/media\/product\/img\/300x300\/7312825.jpg?t=20250311164606"
    },
    {
        "id": 22286,
        "name": "Sombra Crema Brulee Colorstay 24 Horas REVLON",
        "price": 9.25,
        "price_kilo": 9.25,
        "slug": "sombra-crema-brulee-colorstay-24-horas",
        "description": "Sombra Crema Brulee Colorstay 24 Horas 1 U",
        "image": "https:\/\/cdn-consum.aktiosdigitalservices.com\/tol\/consum\/media\/product\/img\/300x300\/7312841.jpg?t=20250311164606"
    },
    {
        "id": 22287,
        "name": "Sombra Crema Chocolate 24 H. Colorstay REVLON",
        "price": 9.25,
        "price_kilo": 9.25,
        "slug": "sombra-crema-chocolate-24-h-colorstay",
        "description": "Sombra Crema Chocolate 24 H. Colorstay 1 U",
        "image": "https:\/\/cdn-consum.aktiosdigitalservices.com\/tol\/consum\/media\/product\/img\/300x300\/7312846.jpg?t=20250311164606"
    },
    {
        "id": 22288,
        "name": "Sombra Crema Black 24 H.Colorstay REVLON",
        "price": 9.25,
        "price_kilo": 9.25,
        "slug": "sombra-crema-black-24-hcolorstay",
        "description": "Sombra Crema Black 24 H.Colorstay 1 U",
        "image": "https:\/\/cdn-consum.aktiosdigitalservices.com\/tol\/consum\/media\/product\/img\/300x300\/7312858.jpg?t=20250304112004"
    },
    {
        "id": 22289,
        "name": "Barra de Labios Orchid Superlostruos REVLON",
        "price": 7.25,
        "price_kilo": 7.25,
        "slug": "barra-de-labios-orchid-superlostruos",
        "description": "Barra de Labios Orchid Superlostruos 1 U",
        "image": "https:\/\/cdn-consum.aktiosdigitalservices.com\/tol\/consum\/media\/product\/img\/300x300\/7312874.jpg?t=20250311164606"
    },
    {
        "id": 22290,
        "name": "Barra de Labios Red Superlustruos REVLON",
        "price": 7.25,
        "price_kilo": 7.25,
        "slug": "barra-de-labios-red-superlustruos",
        "description": "Barra de Labios Red Superlustruos 1 U",
        "image": "https:\/\/cdn-consum.aktiosdigitalservices.com\/tol\/consum\/media\/product\/img\/300x300\/7312887.jpg?t=20250311164606"
    },
    {
        "id": 22291,
        "name": "Barra de Labios Rum Raisin Superlustruo REVLON",
        "price": 7.25,
        "price_kilo": 7.25,
        "slug": "barra-de-labios-rum-raisin-superlustruo",
        "description": "Barra de Labios Rum Raisin Superlustruo 1 U",
        "image": "https:\/\/cdn-consum.aktiosdigitalservices.com\/tol\/consum\/media\/product\/img\/300x300\/7312895.jpg?t=20250311164606"
    },
    {
        "id": 22292,
        "name": "Barra de Labios Mauve Superlustruos REVLON",
        "price": 7.25,
        "price_kilo": 7.25,
        "slug": "barra-de-labios-mauve-superlustruos",
        "description": "Barra de Labios Mauve Superlustruos 1 U",
        "image": "https:\/\/cdn-consum.aktiosdigitalservices.com\/tol\/consum\/media\/product\/img\/300x300\/7312903.jpg?t=20250311164606"
    },
    {
        "id": 22293,
        "name": "Barra de Labios Cherry Superlustruos REVLON",
        "price": 7.25,
        "price_kilo": 7.25,
        "slug": "barra-de-labios-cherry-superlustruos",
        "description": "Barra de Labios Cherry Superlustruos 1 U",
        "image": "https:\/\/cdn-consum.aktiosdigitalservices.com\/tol\/consum\/media\/product\/img\/300x300\/7312911.jpg?t=20250311164606"
    },
    {
        "id": 22294,
        "name": "Barra de Labios Pink Superlustruis REVLON",
        "price": 7.25,
        "price_kilo": 7.25,
        "slug": "barra-de-labios-pink-superlustruis",
        "description": "Barra de Labios Pink Superlustruis 1 U",
        "image": "https:\/\/cdn-consum.aktiosdigitalservices.com\/tol\/consum\/media\/product\/img\/300x300\/7312924.jpg?t=20250311164606"
    },
    {
        "id": 22306,
        "name": "Maquillaje 220 N.Beige Colorstay Larga Duraci\u00f3n REVLON",
        "price": 13.45,
        "price_kilo": 13.45,
        "slug": "maquillaje-220-nbeige-colorstay-larga-duracion",
        "description": "Maquillaje 220 N.Beige Colorstay Larga Duraci\u00f3n 1 U",
        "image": "https:\/\/cdn-consum.aktiosdigitalservices.com\/tol\/consum\/media\/product\/img\/300x300\/7313120.jpg?t=20250304112019"
    },
    {
        "id": 22307,
        "name": "Maquillaje 180 Sand Beig Colorstay Larga Duraci\u00f3n REVLON",
        "price": 13.45,
        "price_kilo": 13.45,
        "slug": "maquillaje-180-sand-beig-colorstay-larga-duracion",
        "description": "Maquillaje 180 Sand Beig Colorstay Larga Duraci\u00f3n 1 U",
        "image": "https:\/\/cdn-consum.aktiosdigitalservices.com\/tol\/consum\/media\/product\/img\/300x300\/7313125.jpg?t=20250311164607"
    },
    {
        "id": 22308,
        "name": "Maquillaje 330 N.Tan Colorstay Larga Duraci\u00f3n REVLON",
        "price": 13.45,
        "price_kilo": 13.45,
        "slug": "maquillaje-330-ntan-colorstay-larga-duracion",
        "description": "Maquillaje 330 N.Tan Colorstay Larga Duraci\u00f3n 1 U",
        "image": "https:\/\/cdn-consum.aktiosdigitalservices.com\/tol\/consum\/media\/product\/img\/300x300\/7313133.jpg?t=20250311164607"
    },
    {
        "id": 22309,
        "name": "Maquillaje 320 True Beig Colorstay Larga Duraci\u00f3n REVLON",
        "price": 13.45,
        "price_kilo": 13.45,
        "slug": "maquillaje-320-true-beig-colorstay-larga-duracion",
        "description": "Maquillaje 320 True Beig Colorstay Larga Duraci\u00f3n 1 U",
        "image": "https:\/\/cdn-consum.aktiosdigitalservices.com\/tol\/consum\/media\/product\/img\/300x300\/7313138.jpg?t=20250304112023"
    },
    {
        "id": 22310,
        "name": "Maquillaje 340 Early Tan Colorstay Larga Duraci\u00f3n REVLON",
        "price": 13.45,
        "price_kilo": 13.45,
        "slug": "maquillaje-340-early-tan-colorstay-larga-duracion",
        "description": "Maquillaje 340 Early Tan Colorstay Larga Duraci\u00f3n 1 U",
        "image": "https:\/\/cdn-consum.aktiosdigitalservices.com\/tol\/consum\/media\/product\/img\/300x300\/7313141.jpg?t=20250311164607"
    },
    {
        "id": 22311,
        "name": "Maquillaje 240 M.Beige Colorstay Larga Duraci\u00f3n REVLON",
        "price": 13.45,
        "price_kilo": 13.45,
        "slug": "maquillaje-240-mbeige-colorstay-larga-duracion",
        "description": "Maquillaje 240 M.Beige Colorstay Larga Duraci\u00f3n 1 U",
        "image": "https:\/\/cdn-consum.aktiosdigitalservices.com\/tol\/consum\/media\/product\/img\/300x300\/7313153.jpg?t=20250311164607"
    },
    {
        "id": 22325,
        "name": "Maquillaje 240 M.Beige Colorstay REVLON",
        "price": 13.45,
        "price_kilo": 13.45,
        "slug": "maquillaje-240-mbeige-colorstay",
        "description": "Maquillaje 240 M.Beige Colorstay 1 U",
        "image": "https:\/\/cdn-consum.aktiosdigitalservices.com\/tol\/consum\/media\/product\/img\/300x300\/7313398.jpg?t=20250304112027"
    },
    {
        "id": 22326,
        "name": "Maquillaje 320 Colorstay True Beige REVLON",
        "price": 13.45,
        "price_kilo": 13.45,
        "slug": "maquillaje-320-colorstay-true-beige",
        "description": "Maquillaje 320 Colorstay True Beige 1 U",
        "image": "https:\/\/cdn-consum.aktiosdigitalservices.com\/tol\/consum\/media\/product\/img\/300x300\/7313401.jpg?t=20250311164607"
    },
    {
        "id": 22330,
        "name": "Perfilador Labios Mauve Colorstay REVLON",
        "price": 8.99,
        "price_kilo": 8.99,
        "slug": "perfilador-labios-mauve-colorstay",
        "description": "Perfilador Labios Mauve Colorstay 1 U",
        "image": "https:\/\/cdn-consum.aktiosdigitalservices.com\/tol\/consum\/media\/product\/img\/300x300\/7313505.jpg?t=20250311164607"
    },
    {
        "id": 22331,
        "name": "Perfilador Labios Rojo Colorstay REVLON",
        "price": 8.99,
        "price_kilo": 8.99,
        "slug": "perfilador-labios-rojo-colorstay",
        "description": "Perfilador Labios Rojo Colorstay 1 U",
        "image": "https:\/\/cdn-consum.aktiosdigitalservices.com\/tol\/consum\/media\/product\/img\/300x300\/7313518.jpg?t=20250311164607"
    },
    {
        "id": 22332,
        "name": "Perfilador Labios Rosa Colorstay REVLON",
        "price": 8.99,
        "price_kilo": 8.99,
        "slug": "perfilador-labios-rosa-colorstay",
        "description": "Perfilador Labios Rosa Colorstay 1 U",
        "image": "https:\/\/cdn-consum.aktiosdigitalservices.com\/tol\/consum\/media\/product\/img\/300x300\/7313526.jpg?t=20250311164607"
    },
    {
        "id": 22334,
        "name": "Polvo Compacto Colorstay Medium REVLON",
        "price": 10.95,
        "price_kilo": 10.95,
        "slug": "polvo-compacto-colorstay-medium",
        "description": "Polvo Compacto Colorstay Medium 1 U",
        "image": "https:\/\/cdn-consum.aktiosdigitalservices.com\/tol\/consum\/media\/product\/img\/300x300\/7313596.jpg?t=20250304112037"
    },
    {
        "id": 22335,
        "name": "Polvo Compacto Colorstay Medium Deep REVLON",
        "price": 10.95,
        "price_kilo": 10.95,
        "slug": "polvo-compacto-colorstay-medium-deep",
        "description": "Polvo Compacto Colorstay Medium Deep 1 U",
        "image": "https:\/\/cdn-consum.aktiosdigitalservices.com\/tol\/consum\/media\/product\/img\/300x300\/7313604.jpg?t=20250304112038"
    },
    {
        "id": 22336,
        "name": "Cuarteto Sombra Rosa Colorstay Decadent REVLON",
        "price": 10.75,
        "price_kilo": 10.75,
        "slug": "cuarteto-sombra-rosa-colorstay-decadent",
        "description": "Cuarteto Sombra Rosa Colorstay Decadent 1 U",
        "image": "https:\/\/cdn-consum.aktiosdigitalservices.com\/tol\/consum\/media\/product\/img\/300x300\/7313609.jpg?t=20250304112039"
    },
    {
        "id": 22338,
        "name": "Cuarteto Sombra Marron Colorstay Addictive 500 REVLON",
        "price": 10.75,
        "price_kilo": 10.75,
        "slug": "cuarteto-sombra-marron-colorstay-addictive-500",
        "description": "Cuarteto Sombra Marron Colorstay Addictive 500 1 U",
        "image": "https:\/\/cdn-consum.aktiosdigitalservices.com\/tol\/consum\/media\/product\/img\/300x300\/7313625.jpg?t=20250311164607"
    },
    {
        "id": 22352,
        "name": "M\u00e1scara Volumizing WP REVLON",
        "price": 10.99,
        "price_kilo": 10.99,
        "slug": "mascara-volumizing-wp",
        "description": "M\u00e1scara Volumizing  WP 1 U",
        "image": "https:\/\/cdn-consum.aktiosdigitalservices.com\/tol\/consum\/media\/product\/img\/300x300\/7322415.jpg?t=20250304112137"
    },
    {
        "id": 22357,
        "name": "Eyeliner Tatoo Gel 910 MAYBELLINE",
        "price": 5.49,
        "price_kilo": 5.49,
        "slug": "eyeliner-tatoo-gel-910",
        "description": "Eyeliner Tatoo Gel 910 1 U",
        "image": "https:\/\/cdn-consum.aktiosdigitalservices.com\/tol\/consum\/media\/product\/img\/300x300\/7327864.jpg?t=20250311164608"
    },
    {
        "id": 22358,
        "name": "Laca de U\u00f1as 20 Gel Envy REVLON",
        "price": 5.59,
        "price_kilo": 5.59,
        "slug": "laca-de-unas-20-gel-envy",
        "description": "Laca de U\u00f1as 20 Gel Envy 1 U",
        "image": "https:\/\/cdn-consum.aktiosdigitalservices.com\/tol\/consum\/media\/product\/img\/300x300\/7327992.jpg?t=20250312125642"
    },
    {
        "id": 22359,
        "name": "Laca de U\u00f1as Top Coat Gel Envy REVLON",
        "price": 5.59,
        "price_kilo": 5.59,
        "slug": "laca-de-unas-top-coat-gel-envy",
        "description": "Laca de U\u00f1as Top Coat Gel Envy 1 U",
        "image": "https:\/\/cdn-consum.aktiosdigitalservices.com\/tol\/consum\/media\/product\/img\/300x300\/7327997.jpg?t=20250312125644"
    },
    {
        "id": 22360,
        "name": "Laca de U\u00f1as 600 Gel Envy REVLON",
        "price": 5.59,
        "price_kilo": 5.59,
        "slug": "laca-de-unas-600-gel-envy",
        "description": "Laca de U\u00f1as 600 Gel Envy 1 U",
        "image": "https:\/\/cdn-consum.aktiosdigitalservices.com\/tol\/consum\/media\/product\/img\/300x300\/7329332.jpg?t=20250312125648"
    },
    {
        "id": 22361,
        "name": "Laca de U\u00f1as 15 Gel Envy REVLON",
        "price": 5.59,
        "price_kilo": 5.59,
        "slug": "laca-de-unas-15-gel-envy",
        "description": "Laca de U\u00f1as 15 Gel Envy 1 U",
        "image": "https:\/\/cdn-consum.aktiosdigitalservices.com\/tol\/consum\/media\/product\/img\/300x300\/7329340.jpg?t=20250312125650"
    },
    {
        "id": 22406,
        "name": "Laca de U\u00f1as G02 Gel Effect GIO GIOVANNI",
        "price": 1.85,
        "price_kilo": 1.85,
        "slug": "laca-de-unas-g02-gel-effect",
        "description": "Laca de U\u00f1as G02 Gel Effect 1 U",
        "image": "https:\/\/cdn-consum.aktiosdigitalservices.com\/tol\/consum\/media\/product\/img\/300x300\/7187730.jpg?t=20250318080935"
    },
    {
        "id": 22408,
        "name": "Laca de U\u00f1as N\u00ba14 Gel Effect GIO GIOVANNI",
        "price": 1.85,
        "price_kilo": 1.85,
        "slug": "laca-de-unas-n14-gel-effect",
        "description": "Laca de U\u00f1as N\u00ba14 Gel Effect 1 U",
        "image": "https:\/\/cdn-consum.aktiosdigitalservices.com\/tol\/consum\/media\/product\/img\/300x300\/7272375.jpg?t=20241217081109"
    },
    {
        "id": 22409,
        "name": "Laca de U\u00f1as N\u00ba13 Gel Effect GIO GIOVANNI",
        "price": 1.85,
        "price_kilo": 1.85,
        "slug": "laca-de-unas-n13-gel-effect",
        "description": "Laca de U\u00f1as N\u00ba13 Gel Effect 1 U",
        "image": "https:\/\/cdn-consum.aktiosdigitalservices.com\/tol\/consum\/media\/product\/img\/300x300\/7272383.jpg?t=20250204082211"
    },
    {
        "id": 22410,
        "name": "Laca de U\u00f1as 15 Gel Effect GIO GIOVANNI",
        "price": 1.85,
        "price_kilo": 1.85,
        "slug": "laca-de-unas-15-gel-effect",
        "description": "Laca de U\u00f1as 15 Gel Effect 1 U",
        "image": "https:\/\/cdn-consum.aktiosdigitalservices.com\/tol\/consum\/media\/product\/img\/300x300\/7272388.jpg?t=20250204082211"
    },
    {
        "id": 22413,
        "name": "Base Endurecedora U\u00f1as GIO GIOVANNI",
        "price": 1.85,
        "price_kilo": 1.85,
        "slug": "base-endurecedora-unas",
        "description": "Base Endurecedora U\u00f1as 1 U",
        "image": "https:\/\/cdn-consum.aktiosdigitalservices.com\/tol\/consum\/media\/product\/img\/300x300\/7284813.jpg?t=20250204082212"
    },
    {
        "id": 22415,
        "name": "Base Vitaminada U\u00f1as GIO GIOVANNI",
        "price": 1.85,
        "price_kilo": 1.85,
        "slug": "base-vitaminada-unas",
        "description": "Base Vitaminada U\u00f1as 1 U",
        "image": "https:\/\/cdn-consum.aktiosdigitalservices.com\/tol\/consum\/media\/product\/img\/300x300\/7284821.jpg?t=20250204082212"
    },
    {
        "id": 22420,
        "name": "Bolsa Basura Reciclada Cubo Alto CONSUM",
        "price": 1.85,
        "price_kilo": 0.09,
        "slug": "bolsa-basura-reciclada-cubo-alto",
        "description": "Bolsa Basura Reciclada Cubo Alto 20 U",
        "image": "https:\/\/cdn-consum.aktiosdigitalservices.com\/tol\/consum\/media\/product\/img\/300x300\/7311405.jpg?t=20250312092759"
    },
    {
        "id": 22422,
        "name": "Polvos Traslucidos GIO GIOVANNI",
        "price": 5.99,
        "price_kilo": 5.99,
        "slug": "polvos-traslucidos",
        "description": "Polvos Traslucidos 1 U",
        "image": "https:\/\/cdn-consum.aktiosdigitalservices.com\/tol\/consum\/media\/product\/img\/300x300\/7323962.jpg?t=20241217081141"
    },
    {
        "id": 22423,
        "name": "Polvos Bronzer GIO GIOVANNI",
        "price": 7.49,
        "price_kilo": 7.49,
        "slug": "polvos-bronzer",
        "description": "Polvos Bronzer 1 U",
        "image": "https:\/\/cdn-consum.aktiosdigitalservices.com\/tol\/consum\/media\/product\/img\/300x300\/7323975.jpg?t=20250318080942"
    },
    {
        "id": 22424,
        "name": "Pat\u00e9 Campa\u00f1a Tarro CONSUM",
        "price": 1.1,
        "price_kilo": 6.88,
        "slug": "pate-campana-tarro",
        "description": "Pat\u00e9 Campa\u00f1a Tarro 160 Gr",
        "image": "https:\/\/cdn-consum.aktiosdigitalservices.com\/tol\/consum\/media\/product\/img\/300x300\/7326023.jpg?t=20250131075920"
    },
    {
        "id": 22426,
        "name": "L\u00e1piz Labios Ink Mate 25 MAYBELLINE",
        "price": 9.25,
        "price_kilo": 9.25,
        "slug": "lapiz-labios-ink-mate-25",
        "description": "L\u00e1piz Labios Ink Mate 25 1 U",
        "image": "https:\/\/cdn-consum.aktiosdigitalservices.com\/tol\/consum\/media\/product\/img\/300x300\/7334555.jpg?t=20250311164609"
    },
    {
        "id": 22427,
        "name": "L\u00e1piz Labial Superstay Larga Duraci\u00f3n N\u00ba30 MAYBELLINE",
        "price": 9.25,
        "price_kilo": 9.25,
        "slug": "lapiz-labial-superstay-larga-duracion-n30",
        "description": "L\u00e1piz Labial Superstay Larga Duraci\u00f3n N\u00ba30 1 U",
        "image": "https:\/\/cdn-consum.aktiosdigitalservices.com\/tol\/consum\/media\/product\/img\/300x300\/7334571.jpg?t=20250204082223"
    },
    {
        "id": 22430,
        "name": "L\u00e1piz Labios Ink Mate 50 MAYBELLINE",
        "price": 9.25,
        "price_kilo": 9.25,
        "slug": "lapiz-labios-ink-mate-50",
        "description": "L\u00e1piz Labios Ink Mate 50 1 U",
        "image": "https:\/\/cdn-consum.aktiosdigitalservices.com\/tol\/consum\/media\/product\/img\/300x300\/7334667.jpg?t=20241217081147"
    },
    {
        "id": 22435,
        "name": "Secante U\u00f1as GIO GIOVANNI",
        "price": 2.95,
        "price_kilo": 2.95,
        "slug": "secante-unas",
        "description": "Secante U\u00f1as 1 U",
        "image": "https:\/\/cdn-consum.aktiosdigitalservices.com\/tol\/consum\/media\/product\/img\/300x300\/7337397.jpg?t=20250318080942"
    },
    {
        "id": 22436,
        "name": "L\u00e1piz Labios Ink Mate 15 MAYBELLINE",
        "price": 9.25,
        "price_kilo": 9.25,
        "slug": "lapiz-labios-ink-mate-15",
        "description": "L\u00e1piz Labios Ink Mate 15 1 U",
        "image": "https:\/\/cdn-consum.aktiosdigitalservices.com\/tol\/consum\/media\/product\/img\/300x300\/7337785.jpg?t=20250204082225"
    },
    {
        "id": 22443,
        "name": "Tabla de Quesos Gourmet G.BAQUERO",
        "price": 3.89,
        "price_kilo": 25.93,
        "slug": "tabla-de-quesos-gourmet",
        "description": "Tabla de Quesos Gourmet 150 Gr",
        "image": "https:\/\/cdn-consum.aktiosdigitalservices.com\/tol\/consum\/media\/product\/img\/300x300\/7338882.jpg?t=20250121080540"
    },
    {
        "id": 22446,
        "name": "Crema de Limoncello FRANCESCOLI",
        "price": 6.6,
        "price_kilo": 9.43,
        "slug": "crema-de-limoncello",
        "description": "Crema de Limoncello 0,7 L",
        "image": "https:\/\/cdn-consum.aktiosdigitalservices.com\/tol\/consum\/media\/product\/img\/300x300\/7339054.jpg?t=20241217081150"
    },
    {
        "id": 22447,
        "name": "Crema de Meloncello FRANCESCOLI",
        "price": 6.99,
        "price_kilo": 9.99,
        "slug": "crema-de-meloncello",
        "description": "Crema de Meloncello 0,7 L",
        "image": "https:\/\/cdn-consum.aktiosdigitalservices.com\/tol\/consum\/media\/product\/img\/300x300\/7339059.jpg?t=20241217081150"
    },
    {
        "id": 22451,
        "name": "Vino Tinto Crianza D.O.Ribera del Duero CLEA",
        "price": 8.3,
        "price_kilo": 11.06,
        "slug": "vino-tinto-crianza-doribera-del-duero",
        "description": "Vino Tinto Crianza D.O.Ribera del Duero 0,75 L",
        "image": "https:\/\/cdn-consum.aktiosdigitalservices.com\/tol\/consum\/media\/product\/img\/300x300\/7339158.jpg?t=20250311124853"
    },
    {
        "id": 22453,
        "name": "Salsa Allioli Tarro CHOVI",
        "price": 1.49,
        "price_kilo": 7.84,
        "slug": "salsa-allioli-tarro",
        "description": "Salsa Allioli Tarro 190 ml",
        "image": "https:\/\/cdn-consum.aktiosdigitalservices.com\/tol\/consum\/media\/product\/img\/300x300\/7339349.jpg?t=20250322080001"
    },
    {
        "id": 22460,
        "name": "Leche Infantil Polvo Continuaci\u00f3n 3 NATIVA",
        "price": 10.95,
        "price_kilo": 13.69,
        "slug": "leche-infantil-polvo-continuacion-3",
        "description": "Leche Infantil Polvo Continuaci\u00f3n 3 800 Gr",
        "image": "https:\/\/cdn-consum.aktiosdigitalservices.com\/tol\/consum\/media\/product\/img\/300x300\/7339682.jpg?t=20250313080659"
    },
    {
        "id": 22461,
        "name": "Rosquilletas Saladas PASTOR",
        "price": 0.99,
        "price_kilo": 16.5,
        "slug": "rosquilletas-saladas",
        "description": "Rosquilletas Saladas 60 Gr",
        "image": "https:\/\/cdn-consum.aktiosdigitalservices.com\/tol\/consum\/media\/product\/img\/300x300\/7339695.jpg?t=20250320080134"
    },
    {
        "id": 22462,
        "name": "Yogolino Melocot\u00f3n y Pl\u00e1tano 0% Az\u00facar NESTLE",
        "price": 2.35,
        "price_kilo": 5.88,
        "slug": "yogolino-melocoton-y-platano-0-azucar",
        "description": "Yogolino Melocot\u00f3n y Pl\u00e1tano 0% Az\u00facar 4 x 100 Gr",
        "image": "https:\/\/cdn-consum.aktiosdigitalservices.com\/tol\/consum\/media\/product\/img\/300x300\/7339703.jpg?t=20250311110947"
    },
    {
        "id": 22463,
        "name": "Rosquilletas Natural PASTOR",
        "price": 0.99,
        "price_kilo": 16.5,
        "slug": "rosquilletas-natural",
        "description": "Rosquilletas Natural 60 Gr",
        "image": "https:\/\/cdn-consum.aktiosdigitalservices.com\/tol\/consum\/media\/product\/img\/300x300\/7339708.jpg?t=20250320080136"
    },
    {
        "id": 22466,
        "name": "Yogolino Fresa y Pl\u00e1tano 0% Az\u00facar NESTLE",
        "price": 2.35,
        "price_kilo": 5.88,
        "slug": "yogolino-fresa-y-platano-0-azucar",
        "description": "Yogolino Fresa y Pl\u00e1tano 0% Az\u00facar 4 x 100 Gr",
        "image": "https:\/\/cdn-consum.aktiosdigitalservices.com\/tol\/consum\/media\/product\/img\/300x300\/7339752.jpg?t=20250311110956"
    },
    {
        "id": 22482,
        "name": "Queso Edam Lonchas ROYAL ORANGE",
        "price": 1.64,
        "price_kilo": 8.2,
        "slug": "queso-edam-lonchas",
        "description": "Queso Edam Lonchas 200 Gr",
        "image": "https:\/\/cdn-consum.aktiosdigitalservices.com\/tol\/consum\/media\/product\/img\/300x300\/7339471.jpg?t=20250103081923"
    },
    {
        "id": 22488,
        "name": "Rollino Latte BALCONI",
        "price": 1.79,
        "price_kilo": 8.06,
        "slug": "rollino-latte",
        "description": "Rollino Latte 222 Gr",
        "image": "https:\/\/cdn-consum.aktiosdigitalservices.com\/tol\/consum\/media\/product\/img\/300x300\/7339596.jpg?t=20250311110935"
    },
    {
        "id": 22489,
        "name": "Trancetto Cacao BALCONI",
        "price": 1.79,
        "price_kilo": 6.39,
        "slug": "trancetto-cacao",
        "description": "Trancetto Cacao 280 Gr",
        "image": "https:\/\/cdn-consum.aktiosdigitalservices.com\/tol\/consum\/media\/product\/img\/300x300\/7339604.jpg?t=20250311110937"
    },
    {
        "id": 22500,
        "name": "Vaso Cart\u00f3n Kraft 120 ml BETIK",
        "price": 0.99,
        "price_kilo": 0.08,
        "slug": "vaso-carton-kraft-120-ml",
        "description": "Vaso Cart\u00f3n Kraft 120 ml 12 U",
        "image": "https:\/\/cdn-consum.aktiosdigitalservices.com\/tol\/consum\/media\/product\/img\/300x300\/7340284.jpg?t=20241217081151"
    },
    {
        "id": 22502,
        "name": "Pila Alcalina AAA Blister 4 M\u00e1s 2 ENERGIZER",
        "price": 5.39,
        "price_kilo": 0.9,
        "slug": "pila-alcalina-aaa-blister-4-mas-2",
        "description": "Pila Alcalina AAA Blister 4 M\u00e1s 2 6 x 1 U",
        "image": "https:\/\/cdn-consum.aktiosdigitalservices.com\/tol\/consum\/media\/product\/img\/300x300\/7262454.jpg?t=20241217081106"
    },
    {
        "id": 22511,
        "name": "Perfilador Labios N\u00ba7 Coral GIO GIOVANNI",
        "price": 2.25,
        "price_kilo": 2.25,
        "slug": "perfilador-labios-n7-coral",
        "description": "Perfilador Labios N\u00ba7 Coral 1 U",
        "image": "https:\/\/cdn-consum.aktiosdigitalservices.com\/tol\/consum\/media\/product\/img\/300x300\/7339232.jpg?t=20250318080942"
    },
    {
        "id": 22512,
        "name": "Perfilador Labios N\u00ba8 Rojo Vino GIO GIOVANNI",
        "price": 2.25,
        "price_kilo": 2.25,
        "slug": "perfilador-labios-n8-rojo-vino",
        "description": "Perfilador Labios N\u00ba8 Rojo Vino 1 U",
        "image": "https:\/\/cdn-consum.aktiosdigitalservices.com\/tol\/consum\/media\/product\/img\/300x300\/7339237.jpg?t=20250318080942"
    },
    {
        "id": 22518,
        "name": "Magdalena Choco Chips Zero HERAS",
        "price": 2.25,
        "price_kilo": 10,
        "slug": "magdalena-choco-chips-zero",
        "description": "Magdalena Choco Chips Zero 256 Gr",
        "image": "https:\/\/cdn-consum.aktiosdigitalservices.com\/tol\/consum\/media\/product\/img\/300x300\/7339620.jpg?t=20250313080655"
    },
    {
        "id": 22526,
        "name": "Arroz Largo Pack de 2 BRILLANTE",
        "price": 2.15,
        "price_kilo": 5.38,
        "slug": "arroz-largo-pack-de-2",
        "description": "Arroz Largo Pack de 2 200 Gr",
        "image": "https:\/\/cdn-consum.aktiosdigitalservices.com\/tol\/consum\/media\/product\/img\/300x300\/7340248.jpg?t=20250227093231"
    },
    {
        "id": 22528,
        "name": "Freixenet sin Alcohol FREIXENET",
        "price": 7.45,
        "price_kilo": 9.93,
        "slug": "freixenet-sin-alcohol",
        "description": "Freixenet sin Alcohol 0,75 L",
        "image": "https:\/\/cdn-consum.aktiosdigitalservices.com\/tol\/consum\/media\/product\/img\/300x300\/7340300.jpg?t=20250225080108"
    },
    {
        "id": 22531,
        "name": "Perfilador Labios N\u00ba05 Terracota GIO GIOVANNI",
        "price": 2.25,
        "price_kilo": 2.25,
        "slug": "perfilador-labios-n05-terracota",
        "description": "Perfilador Labios N\u00ba05 Terracota 1 U",
        "image": "https:\/\/cdn-consum.aktiosdigitalservices.com\/tol\/consum\/media\/product\/img\/300x300\/7246168.jpg?t=20241217081057"
    },
    {
        "id": 22532,
        "name": "Perfilador Labios N\u00ba06 Nude GIO GIOVANNI",
        "price": 2.25,
        "price_kilo": 2.25,
        "slug": "perfilador-labios-n06-nude",
        "description": "Perfilador Labios N\u00ba06 Nude 1 U",
        "image": "https:\/\/cdn-consum.aktiosdigitalservices.com\/tol\/consum\/media\/product\/img\/300x300\/7246184.jpg?t=20250318080939"
    },
    {
        "id": 22533,
        "name": "Perfilador Labios N\u00ba02 Marsala GIO GIOVANNI",
        "price": 2.25,
        "price_kilo": 2.25,
        "slug": "perfilador-labios-n02-marsala",
        "description": "Perfilador Labios N\u00ba02 Marsala 1 U",
        "image": "https:\/\/cdn-consum.aktiosdigitalservices.com\/tol\/consum\/media\/product\/img\/300x300\/7282031.jpg?t=20250318080939"
    },
    {
        "id": 22536,
        "name": "Eyeliner Tatoo Gel 900 MAYBELLINE",
        "price": 5.49,
        "price_kilo": 5.49,
        "slug": "eyeliner-tatoo-gel-900",
        "description": "Eyeliner Tatoo Gel 900 1 U",
        "image": "https:\/\/cdn-consum.aktiosdigitalservices.com\/tol\/consum\/media\/product\/img\/300x300\/7327880.jpg?t=20250227093045"
    },
    {
        "id": 22538,
        "name": "Cucharilla de Ma\u00edz 12 cm BETIK",
        "price": 0.85,
        "price_kilo": 0.14,
        "slug": "cucharilla-de-maiz-12-cm",
        "description": "Cucharilla de Ma\u00edz 12 cm 6 U",
        "image": "https:\/\/cdn-consum.aktiosdigitalservices.com\/tol\/consum\/media\/product\/img\/300x300\/7337157.jpg?t=20241217081149"
    },
    {
        "id": 22554,
        "name": "Cerveza Especial Lata AMBAR",
        "price": 0.87,
        "price_kilo": 2.64,
        "slug": "cerveza-especial-lata",
        "description": "Cerveza Especial Lata 0,33 L",
        "image": "https:\/\/cdn-consum.aktiosdigitalservices.com\/tol\/consum\/media\/product\/img\/300x300\/7340628.jpg?t=20250320080138"
    },
    {
        "id": 22555,
        "name": "Perfilador Labios N\u00ba04 Rosa Palo GIO GIOVANNI",
        "price": 2.25,
        "price_kilo": 2.25,
        "slug": "perfilador-labios-n04-rosa-palo",
        "description": "Perfilador Labios N\u00ba04 Rosa Palo 1 U",
        "image": "https:\/\/cdn-consum.aktiosdigitalservices.com\/tol\/consum\/media\/product\/img\/300x300\/7282049.jpg?t=20241217081114"
    },
    {
        "id": 22595,
        "name": "Porci\u00f3n Cheesecake Oreo ",
        "price": 3.49,
        "price_kilo": 34.9,
        "slug": "porcion-cheesecake-oreo",
        "description": "Porci\u00f3n Cheesecake Oreo 100 Gr",
        "image": "https:\/\/cdn-consum.aktiosdigitalservices.com\/tol\/consum\/media\/product\/img\/300x300\/7340862.jpg?t=20250131075924"
    },
    {
        "id": 22605,
        "name": "Bolsas Vac\u00edo Dos Rollos FLISS",
        "price": 4.49,
        "price_kilo": 2.25,
        "slug": "bolsas-vacio-dos-rollos",
        "description": "Bolsas Vac\u00edo Dos Rollos 2 U",
        "image": "https:\/\/cdn-consum.aktiosdigitalservices.com\/tol\/consum\/media\/product\/img\/300x300\/7340771.jpg?t=20241217081151"
    },
    {
        "id": 22606,
        "name": "Activia 00% Semillas Ch\u00eda y Almendra DANONE",
        "price": 2,
        "price_kilo": 4.35,
        "slug": "activia-00-semillas-chia-y-almendra",
        "description": "Activia 00% Semillas Ch\u00eda y Almendra 4 x 115 Gr",
        "image": "https:\/\/cdn-consum.aktiosdigitalservices.com\/tol\/consum\/media\/product\/img\/300x300\/7340953.jpg?t=20250227093235"
    },
    {
        "id": 22608,
        "name": "Alubias con Seta Shiitake CONSUM",
        "price": 1.99,
        "price_kilo": 5.31,
        "slug": "alubias-con-seta-shiitake",
        "description": "Alubias con Seta Shiitake 375 Gr",
        "image": "https:\/\/cdn-consum.aktiosdigitalservices.com\/tol\/consum\/media\/product\/img\/300x300\/7332856.jpg?t=20241217081147"
    },
    {
        "id": 22609,
        "name": "Garbanzos con Trufa Negra CONSUM",
        "price": 2.35,
        "price_kilo": 5.88,
        "slug": "garbanzos-con-trufa-negra",
        "description": "Garbanzos con Trufa Negra 400 Gr",
        "image": "https:\/\/cdn-consum.aktiosdigitalservices.com\/tol\/consum\/media\/product\/img\/300x300\/7332864.jpg?t=20241217081147"
    },
    {
        "id": 22611,
        "name": "Maquinilla Desechable Blue II Fija GILLETTE",
        "price": 8,
        "price_kilo": 0.4,
        "slug": "maquinilla-desechable-blue-ii-fija",
        "description": "Maquinilla Desechable Blue II Fija 20 U",
        "image": "https:\/\/cdn-consum.aktiosdigitalservices.com\/tol\/consum\/media\/product\/img\/300x300\/7339666.jpg?t=20250313080657"
    },
    {
        "id": 22614,
        "name": "Vasos Pla 1000 cc Desechable BETIK",
        "price": 3.49,
        "price_kilo": 0.35,
        "slug": "vasos-pla-1000-cc-desechable",
        "description": "Vasos Pla 1000 cc Desechable 10 U",
        "image": "https:\/\/cdn-consum.aktiosdigitalservices.com\/tol\/consum\/media\/product\/img\/300x300\/7340987.jpg?t=20250318080942"
    },
    {
        "id": 22616,
        "name": "Colonia Cl\u00e1sica Fresh S-3",
        "price": 3.5,
        "price_kilo": 0.47,
        "slug": "colonia-clasica-fresh",
        "description": "Colonia Cl\u00e1sica Fresh 750 ml",
        "image": "https:\/\/cdn-consum.aktiosdigitalservices.com\/tol\/consum\/media\/product\/img\/300x300\/7341220.jpg?t=20250211080237"
    },
    {
        "id": 22621,
        "name": "Colgador WC D\u00fao Poder Activo Natura BREF",
        "price": 3,
        "price_kilo": 1.5,
        "slug": "colgador-wc-duo-poder-activo-natura",
        "description": "Colgador WC D\u00fao Poder Activo Natura 2 U",
        "image": "https:\/\/cdn-consum.aktiosdigitalservices.com\/tol\/consum\/media\/product\/img\/300x300\/7308443.jpg?t=20250227092842"
    },
    {
        "id": 22626,
        "name": "Margarina Ligera Tarrina CONSUM",
        "price": 1.45,
        "price_kilo": 2.9,
        "slug": "margarina-ligera-tarrina",
        "description": "Margarina Ligera Tarrina 500 Gr",
        "image": "https:\/\/cdn-consum.aktiosdigitalservices.com\/tol\/consum\/media\/product\/img\/300x300\/7333073.jpg?t=20241231075859"
    },
    {
        "id": 22640,
        "name": "Borrador Ojos Ivory 00 MAYBELLINE",
        "price": 9.99,
        "price_kilo": 9.99,
        "slug": "borrador-ojos-ivory-00",
        "description": "Borrador Ojos Ivory 00 1 U",
        "image": "https:\/\/cdn-consum.aktiosdigitalservices.com\/tol\/consum\/media\/product\/img\/300x300\/7341100.jpg?t=20250204082225"
    },
    {
        "id": 22642,
        "name": "Borrador Ojos 07 MAYBELLINE",
        "price": 9.99,
        "price_kilo": 9.99,
        "slug": "borrador-ojos-07",
        "description": "Borrador Ojos 07 1 U",
        "image": "https:\/\/cdn-consum.aktiosdigitalservices.com\/tol\/consum\/media\/product\/img\/300x300\/7341113.jpg?t=20250311164611"
    },
    {
        "id": 22643,
        "name": "Borrador Ojos 08 MAYBELLINE",
        "price": 9.99,
        "price_kilo": 9.99,
        "slug": "borrador-ojos-08",
        "description": "Borrador Ojos 08 1 U",
        "image": "https:\/\/cdn-consum.aktiosdigitalservices.com\/tol\/consum\/media\/product\/img\/300x300\/7341118.jpg?t=20241217081151"
    },
    {
        "id": 22644,
        "name": "Wraps Semillas Paqueta 6 Unidades ZANUY",
        "price": 1.6,
        "price_kilo": 6.67,
        "slug": "wraps-semillas-paqueta-6-unidades",
        "description": "Wraps Semillas Paqueta 6 Unidades 240 Gr",
        "image": "https:\/\/cdn-consum.aktiosdigitalservices.com\/tol\/consum\/media\/product\/img\/300x300\/7341332.jpg?t=20250312092802"
    },
    {
        "id": 22645,
        "name": "Barra Huerta ",
        "price": 0.89,
        "price_kilo": 3.49,
        "slug": "barra-huerta",
        "description": "Barra Huerta 255 Gr",
        "image": "https:\/\/cdn-consum.aktiosdigitalservices.com\/tol\/consum\/media\/product\/img\/300x300\/7341340.jpg?t=20250318080402"
    },
    {
        "id": 22654,
        "name": "Fideos Orientales Hot&Spicy Yatekomo YATEKOMO",
        "price": 1.59,
        "price_kilo": 26.5,
        "slug": "fideos-orientales-hotspicy-yatekomo",
        "description": "Fideos Orientales Hot&Spicy Yatekomo 60 Gr",
        "image": "https:\/\/cdn-consum.aktiosdigitalservices.com\/tol\/consum\/media\/product\/img\/300x300\/7341514.jpg?t=20250218080812"
    },
    {
        "id": 22658,
        "name": "Mascarilla Facial Tejido Carb\u00f3n GARNIER",
        "price": 2.49,
        "price_kilo": 2.49,
        "slug": "mascarilla-facial-tejido-carbon",
        "description": "Mascarilla Facial Tejido Carb\u00f3n 1 U",
        "image": "https:\/\/cdn-consum.aktiosdigitalservices.com\/tol\/consum\/media\/product\/img\/300x300\/7341550.jpg?t=20241217081152"
    },
    {
        "id": 22664,
        "name": "Margarina Vegetal Tarrina CONSUM",
        "price": 1.5,
        "price_kilo": 3,
        "slug": "margarina-vegetal-tarrina",
        "description": "Margarina Vegetal Tarrina 500 Gr",
        "image": "https:\/\/cdn-consum.aktiosdigitalservices.com\/tol\/consum\/media\/product\/img\/300x300\/7333065.jpg?t=20241231075857"
    },
    {
        "id": 22671,
        "name": "Calcio, Magnesio y Vitaminas D3 NATURTIERRA",
        "price": 4.35,
        "price_kilo": 0.1,
        "slug": "calcio-magnesio-y-vitaminas-d3",
        "description": "Calcio, Magnesio y Vitaminas D3 45 U",
        "image": "https:\/\/cdn-consum.aktiosdigitalservices.com\/tol\/consum\/media\/product\/img\/300x300\/7341654.jpg?t=20241217081152"
    },
    {
        "id": 22675,
        "name": "Pila 6LR61 9V S\u00faper Alkaline CEGASA",
        "price": 3.99,
        "price_kilo": 3.99,
        "slug": "pila-6lr61-9v-super-alkaline",
        "description": "Pila 6LR61 9V S\u00faper Alkaline 1 U",
        "image": "https:\/\/cdn-consum.aktiosdigitalservices.com\/tol\/consum\/media\/product\/img\/300x300\/7342074.jpg?t=20250204081224"
    },
    {
        "id": 22686,
        "name": "Bebida Naranja Brick DON SIMON",
        "price": 1.25,
        "price_kilo": 0.63,
        "slug": "bebida-naranja-brick",
        "description": "Bebida Naranja Brick 2 L",
        "image": "https:\/\/cdn-consum.aktiosdigitalservices.com\/tol\/consum\/media\/product\/img\/300x300\/7342710.jpg?t=20241217081153"
    },
    {
        "id": 22687,
        "name": "Panecillo 10 Unidades ",
        "price": 1.24,
        "price_kilo": 2.76,
        "slug": "panecillo-10-unidades",
        "description": "Panecillo 10 Unidades 450 Gr",
        "image": "https:\/\/cdn-consum.aktiosdigitalservices.com\/tol\/consum\/media\/product\/img\/300x300\/7342780.jpg?t=20250103081930"
    },
    {
        "id": 22689,
        "name": "Suavizante Concentrado Brisa de Santorini CONSUM",
        "price": 2.39,
        "price_kilo": 0.04,
        "slug": "suavizante-concentrado-brisa-de-santorini",
        "description": "Suavizante Concentrado Brisa de Santorini 60 Lv",
        "image": "https:\/\/cdn-consum.aktiosdigitalservices.com\/tol\/consum\/media\/product\/img\/300x300\/7330384.jpg?t=20241217081145"
    },
    {
        "id": 22693,
        "name": "Laca de U\u00f1as N\u00ba16 Gel Effect GIO GIOVANNI",
        "price": 1.85,
        "price_kilo": 1.85,
        "slug": "laca-de-unas-n16-gel-effect",
        "description": "Laca de U\u00f1as N\u00ba16 Gel Effect 1 U",
        "image": "https:\/\/cdn-consum.aktiosdigitalservices.com\/tol\/consum\/media\/product\/img\/300x300\/7272391.jpg?t=20250318080939"
    },
    {
        "id": 22699,
        "name": "Guante Desechable Nitrilo Talla M CONSUM",
        "price": 2.95,
        "price_kilo": 0.1,
        "slug": "guante-desechable-nitrilo-talla-m",
        "description": "Guante Desechable Nitrilo Talla M 30 U",
        "image": "https:\/\/cdn-consum.aktiosdigitalservices.com\/tol\/consum\/media\/product\/img\/300x300\/7329923.jpg?t=20241217081145"
    },
    {
        "id": 22702,
        "name": "Bebida de Avena y Nueces Brik YOSOY",
        "price": 2.45,
        "price_kilo": 2.45,
        "slug": "bebida-de-avena-y-nueces-brik",
        "description": "Bebida de Avena y Nueces Brik 1 L",
        "image": "https:\/\/cdn-consum.aktiosdigitalservices.com\/tol\/consum\/media\/product\/img\/300x300\/7338895.jpg?t=20250311110929"
    },
    {
        "id": 22726,
        "name": "Sal de Frutas EL VESUBIO",
        "price": 2,
        "price_kilo": 8,
        "slug": "sal-de-frutas",
        "description": "Sal de Frutas 250 Gr",
        "image": "https:\/\/cdn-consum.aktiosdigitalservices.com\/tol\/consum\/media\/product\/img\/300x300\/7341790.jpg?t=20241217081152"
    },
    {
        "id": 22741,
        "name": "Chocolate Negro 82% con Almendra VALOR",
        "price": 6.99,
        "price_kilo": 27.96,
        "slug": "chocolate-negro-82-con-almendra",
        "description": "Chocolate Negro 82% con Almendra 250 Gr",
        "image": "https:\/\/cdn-consum.aktiosdigitalservices.com\/tol\/consum\/media\/product\/img\/300x300\/7342637.jpg?t=20250311134147"
    },
    {
        "id": 22749,
        "name": "Mix Barbacoa Bolsa MISTERCORN",
        "price": 1.95,
        "price_kilo": 10,
        "slug": "mix-barbacoa-bolsa",
        "description": "Mix Barbacoa Bolsa 195 Gr",
        "image": "https:\/\/cdn-consum.aktiosdigitalservices.com\/tol\/consum\/media\/product\/img\/300x300\/7342892.jpg?t=20250206094104"
    },
    {
        "id": 22752,
        "name": "Aceituna Rellena Anchoa Cant\u00e1brico Pack de 3 JOLCA",
        "price": 3.29,
        "price_kilo": 21.93,
        "slug": "aceituna-rellena-anchoa-cantabrico-pack-de-3",
        "description": "Aceituna Rellena Anchoa Cant\u00e1brico Pack de 3 3 x 50 Gr",
        "image": "https:\/\/cdn-consum.aktiosdigitalservices.com\/tol\/consum\/media\/product\/img\/300x300\/7342939.jpg?t=20250318080404"
    },
    {
        "id": 22790,
        "name": "Pizza congelada Ristorante Mozzarella sin Gluten RISTORANTE",
        "price": 4.59,
        "price_kilo": 12.41,
        "slug": "pizza-congelada-ristorante-mozzarella-sin-gluten",
        "description": "Pizza congelada Ristorante Mozzarella sin Gluten 370 Gr",
        "image": "https:\/\/cdn-consum.aktiosdigitalservices.com\/tol\/consum\/media\/product\/img\/300x300\/7342707.jpg?t=20250312125727"
    },
    {
        "id": 22794,
        "name": "Crema Nutritiva Care R\u00e1pida Absorci\u00f3n NIVEA",
        "price": 5.55,
        "price_kilo": 1.39,
        "slug": "crema-nutritiva-care-rapida-absorcion",
        "description": "Crema Nutritiva Care R\u00e1pida Absorci\u00f3n 400 ml",
        "image": "https:\/\/cdn-consum.aktiosdigitalservices.com\/tol\/consum\/media\/product\/img\/300x300\/7343130.jpg?t=20250312092803"
    },
    {
        "id": 22795,
        "name": "Gel Limpiador Men Pure Charcoal L'OREAL",
        "price": 5.99,
        "price_kilo": 5.99,
        "slug": "gel-limpiador-men-pure-charcoal",
        "description": "Gel Limpiador Men Pure Charcoal 100 ml",
        "image": "https:\/\/cdn-consum.aktiosdigitalservices.com\/tol\/consum\/media\/product\/img\/300x300\/7343135.jpg?t=20241217081153"
    },
    {
        "id": 22796,
        "name": "Ambientador Coche Aire Fresco MYHOME",
        "price": 2.19,
        "price_kilo": 2.19,
        "slug": "ambientador-coche-aire-fresco",
        "description": "Ambientador Coche Aire Fresco 1 U",
        "image": "https:\/\/cdn-consum.aktiosdigitalservices.com\/tol\/consum\/media\/product\/img\/300x300\/7343416.jpg?t=20241217081153"
    },
    {
        "id": 22797,
        "name": "Ambientador Coche Frutos Rojos MYHOME",
        "price": 2.19,
        "price_kilo": 2.19,
        "slug": "ambientador-coche-frutos-rojos",
        "description": "Ambientador Coche Frutos Rojos 1 U",
        "image": "https:\/\/cdn-consum.aktiosdigitalservices.com\/tol\/consum\/media\/product\/img\/300x300\/7343432.jpg?t=20241217081153"
    },
    {
        "id": 22805,
        "name": "Zumo de Pi\u00f1a y Mango Refrigerado FRUTAE",
        "price": 2.59,
        "price_kilo": 3.45,
        "slug": "zumo-de-pina-y-mango-refrigerado",
        "description": "Zumo de Pi\u00f1a y Mango Refrigerado 750 ml",
        "image": "https:\/\/cdn-consum.aktiosdigitalservices.com\/tol\/consum\/media\/product\/img\/300x300\/7341290.jpg?t=20250201080014"
    },
    {
        "id": 22814,
        "name": "Nabicol Granel ",
        "price": 0.93,
        "price_kilo": 3.1,
        "slug": "nabicol-granel",
        "description": "Nabicol Granel",
        "image": "https:\/\/cdn-consum.aktiosdigitalservices.com\/tol\/consum\/media\/product\/img\/300x300\/7324523.jpg?t=20250227093008"
    },
    {
        "id": 22815,
        "name": "Crema Casera Pollo con Verduras G.BLANCA",
        "price": 1.99,
        "price_kilo": 3.98,
        "slug": "crema-casera-pollo-con-verduras",
        "description": "Crema Casera Pollo con Verduras 500 ml",
        "image": "https:\/\/cdn-consum.aktiosdigitalservices.com\/tol\/consum\/media\/product\/img\/300x300\/7341303.jpg?t=20241217081151"
    },
    {
        "id": 22819,
        "name": "Lavavajillas en Gel Lim\u00f3n Todo en Uno SOMAT",
        "price": 10.69,
        "price_kilo": 0.18,
        "slug": "lavavajillas-en-gel-limon-todo-en-uno",
        "description": "Lavavajillas en Gel Lim\u00f3n Todo en Uno 60 Lv",
        "image": "https:\/\/cdn-consum.aktiosdigitalservices.com\/tol\/consum\/media\/product\/img\/300x300\/7342004.jpg?t=20250206094055"
    },
    {
        "id": 22825,
        "name": "Palillo Redondo Torneado Palillero Ab 140-200 Uds BETIK",
        "price": 0.99,
        "price_kilo": 0.99,
        "slug": "palillo-redondo-torneado-palillero-ab-140-200-uds",
        "description": "Palillo Redondo Torneado Palillero Ab 140-200 Uds 1 U",
        "image": "https:\/\/cdn-consum.aktiosdigitalservices.com\/tol\/consum\/media\/product\/img\/300x300\/7342751.jpg?t=20241217081153"
    },
    {
        "id": 22836,
        "name": "Desmaquillante Ojos Bif\u00e1sico NIVEA",
        "price": 5.75,
        "price_kilo": 5.75,
        "slug": "desmaquillante-ojos-bifasico",
        "description": "Desmaquillante Ojos Bif\u00e1sico 1 U",
        "image": "https:\/\/cdn-consum.aktiosdigitalservices.com\/tol\/consum\/media\/product\/img\/300x300\/7343502.jpg?t=20250311124917"
    },
    {
        "id": 22839,
        "name": "Sidra Plateada EL GAITERO",
        "price": 2.55,
        "price_kilo": 3.4,
        "slug": "sidra-plateada",
        "description": "Sidra Plateada 0,75 L",
        "image": "https:\/\/cdn-consum.aktiosdigitalservices.com\/tol\/consum\/media\/product\/img\/300x300\/7343536.jpg?t=20250211080241"
    },
    {
        "id": 22840,
        "name": "Gel Crema Q10 Anticelul\u00edtica Reafirmante NIVEA",
        "price": 9.99,
        "price_kilo": 5,
        "slug": "gel-crema-q10-anticelulitica-reafirmante",
        "description": "Gel Crema Q10 Anticelul\u00edtica Reafirmante 200 ml",
        "image": "https:\/\/cdn-consum.aktiosdigitalservices.com\/tol\/consum\/media\/product\/img\/300x300\/7343788.jpg?t=20250102080731"
    },
    {
        "id": 22845,
        "name": "Crema Hidratante Oliva Piel Seca NIVEA",
        "price": 4.19,
        "price_kilo": 1.4,
        "slug": "crema-hidratante-oliva-piel-seca",
        "description": "Crema Hidratante Oliva Piel Seca 300 ml",
        "image": "https:\/\/cdn-consum.aktiosdigitalservices.com\/tol\/consum\/media\/product\/img\/300x300\/7343973.jpg?t=20250311164614"
    },
    {
        "id": 22851,
        "name": "Tomate Seco en Aceite CONSUM",
        "price": 2.65,
        "price_kilo": 24.09,
        "slug": "tomate-seco-en-aceite",
        "description": "Tomate Seco en Aceite 110 Gr",
        "image": "https:\/\/cdn-consum.aktiosdigitalservices.com\/tol\/consum\/media\/product\/img\/300x300\/7333602.jpg?t=20250312092801"
    },
    {
        "id": 22858,
        "name": "Pincho Brocheta Bamb\u00fa 25 cm 100 Unidades BETIK",
        "price": 0.99,
        "price_kilo": 0.99,
        "slug": "pincho-brocheta-bambu-25-cm-100-unidades",
        "description": "Pincho Brocheta Bamb\u00fa 25 cm 100 Unidades 1 U",
        "image": "https:\/\/cdn-consum.aktiosdigitalservices.com\/tol\/consum\/media\/product\/img\/300x300\/7342756.jpg?t=20241217081153"
    },
    {
        "id": 22859,
        "name": "Pincho Aperitivo Bamb\u00fa 12 cm 90 Unidades BETIK",
        "price": 3.75,
        "price_kilo": 3.75,
        "slug": "pincho-aperitivo-bambu-12-cm-90-unidades",
        "description": "Pincho Aperitivo Bamb\u00fa 12 cm 90 Unidades 1 U",
        "image": "https:\/\/cdn-consum.aktiosdigitalservices.com\/tol\/consum\/media\/product\/img\/300x300\/7342764.jpg?t=20250318080942"
    },
    {
        "id": 22860,
        "name": "Or\u00e9gano B\u00edo Frasco DUCROS",
        "price": 2.69,
        "price_kilo": 33.63,
        "slug": "oregano-bio-frasco",
        "description": "Or\u00e9gano B\u00edo Frasco 8 Gr",
        "image": "https:\/\/cdn-consum.aktiosdigitalservices.com\/tol\/consum\/media\/product\/img\/300x300\/7342793.jpg?t=20241217081153"
    },
    {
        "id": 22862,
        "name": "Ajo B\u00edo Frasco DUCROS",
        "price": 2.85,
        "price_kilo": 54.81,
        "slug": "ajo-bio-frasco",
        "description": "Ajo B\u00edo Frasco 52 Gr",
        "image": "https:\/\/cdn-consum.aktiosdigitalservices.com\/tol\/consum\/media\/product\/img\/300x300\/7342801.jpg?t=20241217081153"
    },
    {
        "id": 22863,
        "name": "Canela Molida B\u00edo Frasco DUCROS",
        "price": 2.95,
        "price_kilo": 10.93,
        "slug": "canela-molida-bio-frasco",
        "description": "Canela Molida B\u00edo Frasco 27 Gr",
        "image": "https:\/\/cdn-consum.aktiosdigitalservices.com\/tol\/consum\/media\/product\/img\/300x300\/7342806.jpg?t=20241217081153"
    },
    {
        "id": 22865,
        "name": "C\u00farcuma B\u00edo Frasco DUCROS",
        "price": 3.09,
        "price_kilo": 7.36,
        "slug": "curcuma-bio-frasco",
        "description": "C\u00farcuma B\u00edo Frasco 42 Gr",
        "image": "https:\/\/cdn-consum.aktiosdigitalservices.com\/tol\/consum\/media\/product\/img\/300x300\/7342822.jpg?t=20241217081153"
    },
    {
        "id": 22870,
        "name": "Pimienta Negra B\u00edo Frasco DUCROS",
        "price": 3.35,
        "price_kilo": 7.79,
        "slug": "pimienta-negra-bio-frasco",
        "description": "Pimienta Negra B\u00edo Frasco 43 Gr",
        "image": "https:\/\/cdn-consum.aktiosdigitalservices.com\/tol\/consum\/media\/product\/img\/300x300\/7342855.jpg?t=20250311164614"
    },
    {
        "id": 22877,
        "name": "Chocolate Taza en Polvo PALADIN",
        "price": 3.29,
        "price_kilo": 9.68,
        "slug": "chocolate-taza-en-polvo",
        "description": "Chocolate Taza en Polvo 340 Gr",
        "image": "https:\/\/cdn-consum.aktiosdigitalservices.com\/tol\/consum\/media\/product\/img\/300x300\/7343189.jpg?t=20250311134149"
    },
    {
        "id": 22879,
        "name": "K\u00e9fir Natural Pack 6 Unidades NESTLE",
        "price": 2.45,
        "price_kilo": 4.08,
        "slug": "kefir-natural-pack-6-unidades",
        "description": "K\u00e9fir Natural Pack 6 Unidades 6 x 100 Gr",
        "image": "https:\/\/cdn-consum.aktiosdigitalservices.com\/tol\/consum\/media\/product\/img\/300x300\/7343283.jpg?t=20250227093241"
    },
    {
        "id": 22896,
        "name": "Tostaditas Toque Pasas y Miel CONSUM",
        "price": 1.13,
        "price_kilo": 9.42,
        "slug": "tostaditas-toque-pasas-y-miel",
        "description": "Tostaditas Toque Pasas y Miel 120 Gr",
        "image": "https:\/\/cdn-consum.aktiosdigitalservices.com\/tol\/consum\/media\/product\/img\/300x300\/7332765.jpg?t=20250311110848"
    },
    {
        "id": 22898,
        "name": "Palillo Redondo Abedul 800 Unidades BETIK",
        "price": 1.8,
        "price_kilo": 1.8,
        "slug": "palillo-redondo-abedul-800-unidades",
        "description": "Palillo Redondo Abedul 800 Unidades 1 U",
        "image": "https:\/\/cdn-consum.aktiosdigitalservices.com\/tol\/consum\/media\/product\/img\/300x300\/7342736.jpg?t=20250311164611"
    },
    {
        "id": 22903,
        "name": "Pesta\u00f1as Postizas Magn\u00e9ticas PONETTE",
        "price": 4.99,
        "price_kilo": 4.99,
        "slug": "pestanas-postizas-magneticas",
        "description": "Pesta\u00f1as Postizas Magn\u00e9ticas 1 U",
        "image": "https:\/\/cdn-consum.aktiosdigitalservices.com\/tol\/consum\/media\/product\/img\/300x300\/7344042.jpg?t=20241217081154"
    },
    {
        "id": 22907,
        "name": "Bolsa Basura Peque\u00f1a Naranja 10 Litros CONSUM",
        "price": 1.45,
        "price_kilo": 0.07,
        "slug": "bolsa-basura-pequena-naranja-10-litros",
        "description": "Bolsa Basura Peque\u00f1a Naranja 10 Litros 20 U",
        "image": "https:\/\/cdn-consum.aktiosdigitalservices.com\/tol\/consum\/media\/product\/img\/300x300\/7344724.jpg?t=20241224080458"
    },
    {
        "id": 22909,
        "name": "Lej\u00eda Multiusos Pistola Hogar y Ropa Blanca SANICENTRO",
        "price": 2.29,
        "price_kilo": 3.05,
        "slug": "lejia-multiusos-pistola-hogar-y-ropa-blanca",
        "description": "Lej\u00eda Multiusos Pistola Hogar y Ropa Blanca 750 ml",
        "image": "https:\/\/cdn-consum.aktiosdigitalservices.com\/tol\/consum\/media\/product\/img\/300x300\/7344810.jpg?t=20250312125729"
    },
    {
        "id": 22912,
        "name": "Mini Chapata R\u00fastica RECONDO",
        "price": 2.35,
        "price_kilo": 23.5,
        "slug": "mini-chapata-rustica",
        "description": "Mini Chapata R\u00fastica 100 Gr",
        "image": "https:\/\/cdn-consum.aktiosdigitalservices.com\/tol\/consum\/media\/product\/img\/300x300\/7344914.jpg?t=20250311111046"
    },
    {
        "id": 22913,
        "name": "Crema Nutri Rizos Secado al Aire FRUCTIS",
        "price": 5.89,
        "price_kilo": 1.47,
        "slug": "crema-nutri-rizos-secado-al-aire",
        "description": "Crema Nutri Rizos Secado al Aire 400 ml",
        "image": "https:\/\/cdn-consum.aktiosdigitalservices.com\/tol\/consum\/media\/product\/img\/300x300\/7345010.jpg?t=20250311164614"
    },
    {
        "id": 22916,
        "name": "Chorizo Ib\u00e9rico IBHER",
        "price": 2.65,
        "price_kilo": 13.25,
        "slug": "chorizo-iberico",
        "description": "Chorizo Ib\u00e9rico 200 Gr",
        "image": "https:\/\/cdn-consum.aktiosdigitalservices.com\/tol\/consum\/media\/product\/img\/300x300\/7345184.jpg?t=20240910080422"
    },
    {
        "id": 22917,
        "name": "Salchich\u00f3n Ib\u00e9rico IBHER",
        "price": 2.65,
        "price_kilo": 13.25,
        "slug": "salchichon-iberico",
        "description": "Salchich\u00f3n Ib\u00e9rico 200 Gr",
        "image": "https:\/\/cdn-consum.aktiosdigitalservices.com\/tol\/consum\/media\/product\/img\/300x300\/7345192.jpg?t=20240910080422"
    },
    {
        "id": 22919,
        "name": "Quema-Grasa Plus Multinfusi\u00f3n POMPADOUR",
        "price": 2.35,
        "price_kilo": 0.12,
        "slug": "quema-grasa-plus-multinfusion",
        "description": "Quema-Grasa Plus Multinfusi\u00f3n 20 U",
        "image": "https:\/\/cdn-consum.aktiosdigitalservices.com\/tol\/consum\/media\/product\/img\/300x300\/7345361.jpg?t=20250312092803"
    },
    {
        "id": 22921,
        "name": "Caf\u00e9 Espresso Colombia C\u00e1psulas STARBUCKS",
        "price": 3.99,
        "price_kilo": 0.4,
        "slug": "cafe-espresso-colombia-capsulas",
        "description": "Caf\u00e9 Espresso Colombia C\u00e1psulas 10 U",
        "image": "https:\/\/cdn-consum.aktiosdigitalservices.com\/tol\/consum\/media\/product\/img\/300x300\/7345416.jpg?t=20250311111051"
    },
    {
        "id": 22922,
        "name": "Caf\u00e9 Nespresso House Blend C\u00e1psulas STARBUCKS",
        "price": 3.99,
        "price_kilo": 0.4,
        "slug": "cafe-nespresso-house-blend-capsulas",
        "description": "Caf\u00e9 Nespresso House Blend C\u00e1psulas 10 U",
        "image": "https:\/\/cdn-consum.aktiosdigitalservices.com\/tol\/consum\/media\/product\/img\/300x300\/7345424.jpg?t=20250311111054"
    },
    {
        "id": 22923,
        "name": "Caf\u00e9 Nespresso Verona C\u00e1psulas STARBUCKS",
        "price": 3.99,
        "price_kilo": 0.4,
        "slug": "cafe-nespresso-verona-capsulas",
        "description": "Caf\u00e9 Nespresso Verona C\u00e1psulas 10 U",
        "image": "https:\/\/cdn-consum.aktiosdigitalservices.com\/tol\/consum\/media\/product\/img\/300x300\/7345429.jpg?t=20250311111056"
    },
    {
        "id": 22928,
        "name": "Queso Semicurado Barra Leche Pasteurizada G.BAQUERO",
        "price": 18.7,
        "price_kilo": 18.7,
        "slug": "queso-semicurado-barra-leche-pasteurizada",
        "description": "Queso Semicurado Barra Leche Pasteurizada",
        "image": "https:\/\/cdn-consum.aktiosdigitalservices.com\/tol\/consum\/media\/product\/img\/300x300\/7309941.jpg?t=20250321075922"
    },
    {
        "id": 22951,
        "name": "Vaso Desechable Pla Compostable 220 ml BETIK",
        "price": 1.89,
        "price_kilo": 0.13,
        "slug": "vaso-desechable-pla-compostable-220-ml",
        "description": "Vaso Desechable Pla Compostable 220 ml 15 U",
        "image": "https:\/\/cdn-consum.aktiosdigitalservices.com\/tol\/consum\/media\/product\/img\/300x300\/7343635.jpg?t=20250320080141"
    },
    {
        "id": 22959,
        "name": "Limpiapantallas LUMINIA",
        "price": 3.4,
        "price_kilo": 13.6,
        "slug": "limpiapantallas",
        "description": "Limpiapantallas 250 ml",
        "image": "https:\/\/cdn-consum.aktiosdigitalservices.com\/tol\/consum\/media\/product\/img\/300x300\/7344737.jpg?t=20241217081154"
    },
    {
        "id": 22962,
        "name": "Pila Cegasa LR14 C Superalkaline CEGASA",
        "price": 3.99,
        "price_kilo": 2,
        "slug": "pila-cegasa-lr14-c-superalkaline",
        "description": "Pila Cegasa LR14 C Superalkaline 2 x 1 U",
        "image": "https:\/\/cdn-consum.aktiosdigitalservices.com\/tol\/consum\/media\/product\/img\/300x300\/7344971.jpg?t=20250204081227"
    },
    {
        "id": 22964,
        "name": "Colonia Alba VICKY MARTIN",
        "price": 11.5,
        "price_kilo": 11.5,
        "slug": "colonia-alba",
        "description": "Colonia Alba 100 ml",
        "image": "https:\/\/cdn-consum.aktiosdigitalservices.com\/tol\/consum\/media\/product\/img\/300x300\/7345072.jpg?t=20250311164614"
    },
    {
        "id": 22965,
        "name": "Vino Blanco Albari\u00f1o D.O.Rias Baixas MAR D.FRADES",
        "price": 18.99,
        "price_kilo": 25.32,
        "slug": "vino-blanco-albarino-dorias-baixas",
        "description": "Vino Blanco Albari\u00f1o D.O.Rias Baixas 0,75 L",
        "image": "https:\/\/cdn-consum.aktiosdigitalservices.com\/tol\/consum\/media\/product\/img\/300x300\/7345101.jpg?t=20250311164614"
    },
    {
        "id": 22974,
        "name": "Confitura Fresa Pack de 10 HELIOS",
        "price": 1.79,
        "price_kilo": 7.16,
        "slug": "confitura-fresa-pack-de-10",
        "description": "Confitura Fresa Pack de 10 10 x 25 Gr",
        "image": "https:\/\/cdn-consum.aktiosdigitalservices.com\/tol\/consum\/media\/product\/img\/300x300\/7345929.jpg?t=20250311111104"
    },
    {
        "id": 22975,
        "name": "Refresco Cola Regular Pack Indivisible 6 Latas COCA-COLA",
        "price": 3.99,
        "price_kilo": 3.33,
        "slug": "refresco-cola-regular-pack-indivisible-6-latas",
        "description": "Refresco Cola Regular Pack Indivisible 6 Latas 6 x 0,2 L",
        "image": "https:\/\/cdn-consum.aktiosdigitalservices.com\/tol\/consum\/media\/product\/img\/300x300\/7346021.jpg?t=20250312092804"
    },
    {
        "id": 22976,
        "name": "Refresco Cola Zero Pack Indivisible 6 Latas COCA-COLA",
        "price": 3.99,
        "price_kilo": 3.33,
        "slug": "refresco-cola-zero-pack-indivisible-6-latas",
        "description": "Refresco Cola Zero Pack Indivisible 6 Latas 6 x 0,2 L",
        "image": "https:\/\/cdn-consum.aktiosdigitalservices.com\/tol\/consum\/media\/product\/img\/300x300\/7346026.jpg?t=20250312092804"
    },
    {
        "id": 22979,
        "name": "Tinte 8\/03 Rubio Claro KYREY",
        "price": 3.9,
        "price_kilo": 3.9,
        "slug": "tinte-8-03-rubio-claro",
        "description": "Tinte 8\/03 Rubio Claro 1 U",
        "image": "https:\/\/cdn-consum.aktiosdigitalservices.com\/tol\/consum\/media\/product\/img\/300x300\/7318780.jpg?t=20241217081138"
    },
    {
        "id": 22980,
        "name": "Tinte 4\/00 Casta\u00f1o Medio KYREY",
        "price": 3.9,
        "price_kilo": 3.9,
        "slug": "tinte-4-00-castano-medio",
        "description": "Tinte 4\/00 Casta\u00f1o Medio 1 U",
        "image": "https:\/\/cdn-consum.aktiosdigitalservices.com\/tol\/consum\/media\/product\/img\/300x300\/7330272.jpg?t=20241217081145"
    },
    {
        "id": 22981,
        "name": "Tinte 5\/55 Caoba Rojo KYREY",
        "price": 3.9,
        "price_kilo": 3.9,
        "slug": "tinte-5-55-caoba-rojo",
        "description": "Tinte 5\/55 Caoba Rojo 1 U",
        "image": "https:\/\/cdn-consum.aktiosdigitalservices.com\/tol\/consum\/media\/product\/img\/300x300\/7330298.jpg?t=20241217081145"
    },
    {
        "id": 22982,
        "name": "Tinte 7\/03 Rubio Medio Dorado KYREY",
        "price": 3.9,
        "price_kilo": 3.9,
        "slug": "tinte-7-03-rubio-medio-dorado",
        "description": "Tinte 7\/03 Rubio Medio Dorado 1 U",
        "image": "https:\/\/cdn-consum.aktiosdigitalservices.com\/tol\/consum\/media\/product\/img\/300x300\/7330306.jpg?t=20250311164609"
    },
    {
        "id": 22983,
        "name": "Tinte 9\/00 Rubio Extraclaro KYREY",
        "price": 3.9,
        "price_kilo": 3.9,
        "slug": "tinte-9-00-rubio-extraclaro",
        "description": "Tinte 9\/00 Rubio Extraclaro 1 U",
        "image": "https:\/\/cdn-consum.aktiosdigitalservices.com\/tol\/consum\/media\/product\/img\/300x300\/7330322.jpg?t=20241217081145"
    },
    {
        "id": 22984,
        "name": "At\u00fan Claro Virgen Extra en Aceite de Oliva CONSUM",
        "price": 3.8,
        "price_kilo": 24.36,
        "slug": "atun-claro-virgen-extra-en-aceite-de-oliva",
        "description": "At\u00fan Claro Virgen Extra en Aceite de Oliva 3 x 52 Gr",
        "image": "https:\/\/cdn-consum.aktiosdigitalservices.com\/tol\/consum\/media\/product\/img\/300x300\/7334464.jpg?t=20241217081147"
    },
    {
        "id": 22985,
        "name": "Tortilla de Patata Fresca con Cebolla CONSUM",
        "price": 2.6,
        "price_kilo": 4.33,
        "slug": "tortilla-de-patata-fresca-con-cebolla",
        "description": "Tortilla de Patata Fresca con Cebolla 600 Gr",
        "image": "https:\/\/cdn-consum.aktiosdigitalservices.com\/tol\/consum\/media\/product\/img\/300x300\/7342574.jpg?t=20250206094057"
    },
    {
        "id": 22986,
        "name": "Tortilla de Patata Fresca sin Cebolla CONSUM",
        "price": 2.6,
        "price_kilo": 4.33,
        "slug": "tortilla-de-patata-fresca-sin-cebolla",
        "description": "Tortilla de Patata Fresca sin Cebolla 600 Gr",
        "image": "https:\/\/cdn-consum.aktiosdigitalservices.com\/tol\/consum\/media\/product\/img\/300x300\/7342579.jpg?t=20250206094059"
    },
    {
        "id": 22991,
        "name": "Masa de Pizza 5 Semillas y Cereales TARRADELLAS",
        "price": 1.45,
        "price_kilo": 5.58,
        "slug": "masa-de-pizza-5-semillas-y-cereales",
        "description": "Masa de Pizza 5 Semillas y Cereales 260 Gr",
        "image": "https:\/\/cdn-consum.aktiosdigitalservices.com\/tol\/consum\/media\/product\/img\/300x300\/7344273.jpg?t=20241217081154"
    },
    {
        "id": 22994,
        "name": "Dent\u00edfrico Bicarbonato SIGNAL",
        "price": 1.85,
        "price_kilo": 1.85,
        "slug": "dentifrico-bicarbonato",
        "description": "Dent\u00edfrico Bicarbonato 100 ml",
        "image": "https:\/\/cdn-consum.aktiosdigitalservices.com\/tol\/consum\/media\/product\/img\/300x300\/7344849.jpg?t=20250304112547"
    },
    {
        "id": 22998,
        "name": "Vino Tinto D.O.Ribera del Duero EMILIO MORO",
        "price": 22.5,
        "price_kilo": 30,
        "slug": "vino-tinto-doribera-del-duero",
        "description": "Vino Tinto D.O.Ribera del Duero 0,75 L",
        "image": "https:\/\/cdn-consum.aktiosdigitalservices.com\/tol\/consum\/media\/product\/img\/300x300\/7345098.jpg?t=20250311164614"
    },
    {
        "id": 23001,
        "name": "Berberechos al Natural 80\/100 CABO PE\u00d1AS",
        "price": 4.65,
        "price_kilo": 73.81,
        "slug": "berberechos-al-natural-80-100",
        "description": "Berberechos al Natural 80\/100 63 Gr",
        "image": "https:\/\/cdn-consum.aktiosdigitalservices.com\/tol\/consum\/media\/product\/img\/300x300\/7345353.jpg?t=20250227093246"
    },
    {
        "id": 23012,
        "name": "Refresco Cola Pack de 4 Botellas Vidrio COCA-COLA",
        "price": 4.32,
        "price_kilo": 5.4,
        "slug": "refresco-cola-pack-de-4-botellas-vidrio",
        "description": "Refresco Cola Pack de 4 Botellas Vidrio 4 x 0,2 L",
        "image": "https:\/\/cdn-consum.aktiosdigitalservices.com\/tol\/consum\/media\/product\/img\/300x300\/7346018.jpg?t=20250101082144"
    },
    {
        "id": 23013,
        "name": "Arroz al Horno DELINATUR",
        "price": 3.59,
        "price_kilo": 12.82,
        "slug": "arroz-al-horno",
        "description": "Arroz al Horno 280 Gr",
        "image": "https:\/\/cdn-consum.aktiosdigitalservices.com\/tol\/consum\/media\/product\/img\/300x300\/7346042.jpg?t=20241217081156"
    },
    {
        "id": 23020,
        "name": "Fideu\u00e1 de Pescado y Marisco DELINATUR",
        "price": 3.59,
        "price_kilo": 12.82,
        "slug": "fideua-de-pescado-y-marisco",
        "description": "Fideu\u00e1 de Pescado y Marisco 280 Gr",
        "image": "https:\/\/cdn-consum.aktiosdigitalservices.com\/tol\/consum\/media\/product\/img\/300x300\/7346083.jpg?t=20241217081156"
    },
    {
        "id": 23024,
        "name": "Carrillada de Cerdo con Patatas DELINATUR",
        "price": 4.39,
        "price_kilo": 15.68,
        "slug": "carrillada-de-cerdo-con-patatas",
        "description": "Carrillada de Cerdo con Patatas 280 Gr",
        "image": "https:\/\/cdn-consum.aktiosdigitalservices.com\/tol\/consum\/media\/product\/img\/300x300\/7346109.jpg?t=20250312125731"
    },
    {
        "id": 23027,
        "name": "Escalope de Pechuga de Pollo SABOREA",
        "price": 3.15,
        "price_kilo": 15.75,
        "slug": "escalope-de-pechuga-de-pollo",
        "description": "Escalope de Pechuga de Pollo 200 Gr",
        "image": "https:\/\/cdn-consum.aktiosdigitalservices.com\/tol\/consum\/media\/product\/img\/300x300\/7346257.jpg?t=20250206094136"
    },
    {
        "id": 23077,
        "name": "Colonia Free Spirit Men REBEL",
        "price": 5.99,
        "price_kilo": 5.99,
        "slug": "colonia-free-spirit-men",
        "description": "Colonia Free Spirit Men 100 ml",
        "image": "https:\/\/cdn-consum.aktiosdigitalservices.com\/tol\/consum\/media\/product\/img\/300x300\/7345705.jpg?t=20241217081155"
    },
    {
        "id": 23079,
        "name": "Colonia Wild Heart Men REBEL",
        "price": 5.99,
        "price_kilo": 5.99,
        "slug": "colonia-wild-heart-men",
        "description": "Colonia Wild Heart Men 100 ml",
        "image": "https:\/\/cdn-consum.aktiosdigitalservices.com\/tol\/consum\/media\/product\/img\/300x300\/7345734.jpg?t=20250311164614"
    },
    {
        "id": 23087,
        "name": "Tinte 7\/55 Rojo Intenso KYREY",
        "price": 3.9,
        "price_kilo": 3.9,
        "slug": "tinte-7-55-rojo-intenso",
        "description": "Tinte 7\/55 Rojo Intenso 1 U",
        "image": "https:\/\/cdn-consum.aktiosdigitalservices.com\/tol\/consum\/media\/product\/img\/300x300\/7318777.jpg?t=20241217081138"
    },
    {
        "id": 23091,
        "name": "Guante Desechable Nitrilo Talla S CONSUM",
        "price": 2.95,
        "price_kilo": 0.1,
        "slug": "guante-desechable-nitrilo-talla-s",
        "description": "Guante Desechable Nitrilo Talla S 30 U",
        "image": "https:\/\/cdn-consum.aktiosdigitalservices.com\/tol\/consum\/media\/product\/img\/300x300\/7329907.jpg?t=20241217081145"
    },
    {
        "id": 23092,
        "name": "Tinte 1\/00 Negro Intenso KYREY",
        "price": 3.9,
        "price_kilo": 3.9,
        "slug": "tinte-1-00-negro-intenso",
        "description": "Tinte 1\/00 Negro Intenso 1 U",
        "image": "https:\/\/cdn-consum.aktiosdigitalservices.com\/tol\/consum\/media\/product\/img\/300x300\/7330251.jpg?t=20250116080253"
    },
    {
        "id": 23093,
        "name": "Tinte 7\/01 Rubio Medio Ceniza KYREY",
        "price": 3.9,
        "price_kilo": 3.9,
        "slug": "tinte-7-01-rubio-medio-ceniza",
        "description": "Tinte 7\/01 Rubio Medio Ceniza 1 U",
        "image": "https:\/\/cdn-consum.aktiosdigitalservices.com\/tol\/consum\/media\/product\/img\/300x300\/7330314.jpg?t=20241217081145"
    },
    {
        "id": 23094,
        "name": "Tinte 8\/00 Rubio Claro KYREY",
        "price": 3.9,
        "price_kilo": 3.9,
        "slug": "tinte-8-00-rubio-claro",
        "description": "Tinte 8\/00 Rubio Claro 1 U",
        "image": "https:\/\/cdn-consum.aktiosdigitalservices.com\/tol\/consum\/media\/product\/img\/300x300\/7330319.jpg?t=20250311164609"
    },
    {
        "id": 23095,
        "name": "Tinte 10\/00 Rubio Platino KYREY",
        "price": 3.9,
        "price_kilo": 3.9,
        "slug": "tinte-10-00-rubio-platino",
        "description": "Tinte 10\/00 Rubio Platino 1 U",
        "image": "https:\/\/cdn-consum.aktiosdigitalservices.com\/tol\/consum\/media\/product\/img\/300x300\/7330327.jpg?t=20241217081145"
    },
    {
        "id": 23096,
        "name": "Tinte 11\/00 Rubio Clar\u00edsimo KYREY",
        "price": 3.9,
        "price_kilo": 3.9,
        "slug": "tinte-11-00-rubio-clarisimo",
        "description": "Tinte 11\/00 Rubio Clar\u00edsimo 1 U",
        "image": "https:\/\/cdn-consum.aktiosdigitalservices.com\/tol\/consum\/media\/product\/img\/300x300\/7330330.jpg?t=20241217081145"
    },
    {
        "id": 23114,
        "name": "Codorniz 2 Unidades CONSUM",
        "price": 4.35,
        "price_kilo": 14.5,
        "slug": "codorniz-2-unidades",
        "description": "Codorniz 2 Unidades 300 Gr",
        "image": "https:\/\/cdn-consum.aktiosdigitalservices.com\/tol\/consum\/media\/product\/img\/300x300\/7345213.jpg?t=20241217081155"
    },
    {
        "id": 23122,
        "name": "Bomba de Ba\u00f1o Color Therapy IDCINSTITUTE",
        "price": 1.89,
        "price_kilo": 1.89,
        "slug": "bomba-de-bano-color-therapy",
        "description": "Bomba de Ba\u00f1o Color Therapy 1 U",
        "image": "https:\/\/cdn-consum.aktiosdigitalservices.com\/tol\/consum\/media\/product\/img\/300x300\/7346641.jpg?t=20250109103010"
    },
    {
        "id": 23123,
        "name": "Pastel San Marcos Bajo en Az\u00facar ",
        "price": 3.95,
        "price_kilo": 18.81,
        "slug": "pastel-san-marcos-bajo-en-azucar",
        "description": "Pastel San Marcos Bajo en Az\u00facar 210 Gr",
        "image": "https:\/\/cdn-consum.aktiosdigitalservices.com\/tol\/consum\/media\/product\/img\/300x300\/7346682.jpg?t=20250101082150"
    },
    {
        "id": 23145,
        "name": "Guante Desechable Nitrilo Talla G CONSUM",
        "price": 2.95,
        "price_kilo": 0.1,
        "slug": "guante-desechable-nitrilo-talla-g",
        "description": "Guante Desechable Nitrilo Talla G 30 U",
        "image": "https:\/\/cdn-consum.aktiosdigitalservices.com\/tol\/consum\/media\/product\/img\/300x300\/7329928.jpg?t=20241217081145"
    },
    {
        "id": 23146,
        "name": "Tinte 7\/95 Marr\u00f3n Avellana KYREY",
        "price": 3.9,
        "price_kilo": 3.9,
        "slug": "tinte-7-95-marron-avellana",
        "description": "Tinte 7\/95 Marr\u00f3n Avellana 1 U",
        "image": "https:\/\/cdn-consum.aktiosdigitalservices.com\/tol\/consum\/media\/product\/img\/300x300\/7330293.jpg?t=20250311164609"
    },
    {
        "id": 23153,
        "name": "Cava Brut Reserva D.O.Cava EXPRESSION",
        "price": 6.3,
        "price_kilo": 17.03,
        "slug": "cava-brut-reserva-docava",
        "description": "Cava Brut Reserva D.O.Cava 0,37 L",
        "image": "https:\/\/cdn-consum.aktiosdigitalservices.com\/tol\/consum\/media\/product\/img\/300x300\/7344823.jpg?t=20250318080405"
    },
    {
        "id": 23161,
        "name": "Crema de Cacahuete JUST LOADING",
        "price": 2.85,
        "price_kilo": 5.7,
        "slug": "crema-de-cacahuete",
        "description": "Crema de Cacahuete 500 Gr",
        "image": "https:\/\/cdn-consum.aktiosdigitalservices.com\/tol\/consum\/media\/product\/img\/300x300\/7345820.jpg?t=20250315075840"
    },
    {
        "id": 23167,
        "name": "Eyeliner Master Precise Matte Black MAYBELLINE",
        "price": 7.99,
        "price_kilo": 7.99,
        "slug": "eyeliner-master-precise-matte-black",
        "description": "Eyeliner Master Precise Matte Black 1 U",
        "image": "https:\/\/cdn-consum.aktiosdigitalservices.com\/tol\/consum\/media\/product\/img\/300x300\/7346398.jpg?t=20250311164614"
    },
    {
        "id": 23172,
        "name": "Por.S.Marcos y S.Negra sin Gluten y sin Lactosa ",
        "price": 5.99,
        "price_kilo": 20.66,
        "slug": "porsmarcos-y-snegra-sin-gluten-y-sin-lactosa",
        "description": "Por.S.Marcos y S.Negra sin Gluten y sin Lactosa 290 Gr",
        "image": "https:\/\/cdn-consum.aktiosdigitalservices.com\/tol\/consum\/media\/product\/img\/300x300\/7346810.jpg?t=20250131075928"
    },
    {
        "id": 23175,
        "name": "Jam\u00f3n Cebo 50% Ib\u00e9rico Peso Aproximado 7,5 kg LEGADO",
        "price": 145,
        "price_kilo": 19.34,
        "slug": "jamon-cebo-50-iberico-peso-aproximado-75-kg",
        "description": "Jam\u00f3n Cebo 50% Ib\u00e9rico Peso Aproximado 7,5 kg",
        "image": "https:\/\/cdn-consum.aktiosdigitalservices.com\/tol\/consum\/media\/product\/img\/300x300\/7224699.jpg?t=20250227091748"
    },
    {
        "id": 23182,
        "name": "Tubitos Rellenos Crema de Cacao MELS",
        "price": 1,
        "price_kilo": 6.66,
        "slug": "tubitos-rellenos-crema-de-cacao",
        "description": "Tubitos Rellenos Crema de Cacao 160 Gr",
        "image": "https:\/\/cdn-consum.aktiosdigitalservices.com\/tol\/consum\/media\/product\/img\/300x300\/7324838.jpg?t=20250318080942"
    },
    {
        "id": 23183,
        "name": "Tubitos Rellenos Crema de Vainilla MELS",
        "price": 1,
        "price_kilo": 6.66,
        "slug": "tubitos-rellenos-crema-de-vainilla",
        "description": "Tubitos Rellenos Crema de Vainilla 160 Gr",
        "image": "https:\/\/cdn-consum.aktiosdigitalservices.com\/tol\/consum\/media\/product\/img\/300x300\/7324853.jpg?t=20250311110735"
    },
    {
        "id": 23184,
        "name": "Higi\u00e9nico H\u00famedo Compacto CONSUM",
        "price": 1.55,
        "price_kilo": 0.02,
        "slug": "higienico-humedo-compacto",
        "description": "Higi\u00e9nico H\u00famedo Compacto 100 U",
        "image": "https:\/\/cdn-consum.aktiosdigitalservices.com\/tol\/consum\/media\/product\/img\/300x300\/7328941.jpg?t=20250312092801"
    },
    {
        "id": 23185,
        "name": "Tinte 5\/95 Marr\u00f3n Chocolate KYREY",
        "price": 3.9,
        "price_kilo": 3.9,
        "slug": "tinte-5-95-marron-chocolate",
        "description": "Tinte 5\/95 Marr\u00f3n Chocolate 1 U",
        "image": "https:\/\/cdn-consum.aktiosdigitalservices.com\/tol\/consum\/media\/product\/img\/300x300\/7330285.jpg?t=20250311164609"
    },
    {
        "id": 23195,
        "name": "Quitaesmalte Ultra Efectivo CUTEX",
        "price": 3.39,
        "price_kilo": 1.7,
        "slug": "quitaesmalte-ultra-efectivo",
        "description": "Quitaesmalte Ultra Efectivo 200 ml",
        "image": "https:\/\/cdn-consum.aktiosdigitalservices.com\/tol\/consum\/media\/product\/img\/300x300\/7346302.jpg?t=20250304112617"
    },
    {
        "id": 23207,
        "name": "Mix de Encurtidos Pepinillos y Cebollas RIOVERDE",
        "price": 1.95,
        "price_kilo": 5.13,
        "slug": "mix-de-encurtidos-pepinillos-y-cebollas",
        "description": "Mix de Encurtidos Pepinillos y Cebollas 380 Gr",
        "image": "https:\/\/cdn-consum.aktiosdigitalservices.com\/tol\/consum\/media\/product\/img\/300x300\/7347172.jpg?t=20241217081156"
    },
    {
        "id": 23214,
        "name": "Crema Revitalift SPF 30 Antiarrugas D\u00eda L'OREAL",
        "price": 8.55,
        "price_kilo": 17.1,
        "slug": "crema-revitalift-spf-30-antiarrugas-dia",
        "description": "Crema Revitalift SPF 30 Antiarrugas D\u00eda 50 ml",
        "image": "https:\/\/cdn-consum.aktiosdigitalservices.com\/tol\/consum\/media\/product\/img\/300x300\/7347339.jpg?t=20250227093303"
    },
    {
        "id": 23217,
        "name": "Crema Jam\u00f3n York ARGAL",
        "price": 1.4,
        "price_kilo": 8.75,
        "slug": "crema-jamon-york",
        "description": "Crema Jam\u00f3n York 160 Gr",
        "image": "https:\/\/cdn-consum.aktiosdigitalservices.com\/tol\/consum\/media\/product\/img\/300x300\/7347362.jpg?t=20241217081156"
    },
    {
        "id": 23219,
        "name": "Crema Revitalift L\u00e1ser Antiedad Noche L'OREAL",
        "price": 15.25,
        "price_kilo": 30.5,
        "slug": "crema-revitalift-laser-antiedad-noche",
        "description": "Crema Revitalift L\u00e1ser Antiedad Noche 50 ml",
        "image": "https:\/\/cdn-consum.aktiosdigitalservices.com\/tol\/consum\/media\/product\/img\/300x300\/7347370.jpg?t=20250227093305"
    },
    {
        "id": 23220,
        "name": "Crema Revitalift SPF Antiarrugas D\u00eda L'OREAL",
        "price": 16.95,
        "price_kilo": 33.9,
        "slug": "crema-revitalift-spf-antiarrugas-dia",
        "description": "Crema Revitalift SPF Antiarrugas D\u00eda 50 ml",
        "image": "https:\/\/cdn-consum.aktiosdigitalservices.com\/tol\/consum\/media\/product\/img\/300x300\/7347375.jpg?t=20250227093307"
    },
    {
        "id": 23223,
        "name": "Vinagre de Manzana Ecol\u00f3gico CONSUM ECO",
        "price": 1.99,
        "price_kilo": 3.98,
        "slug": "vinagre-de-manzana-ecologico",
        "description": "Vinagre de Manzana Ecol\u00f3gico 500 ml",
        "image": "https:\/\/cdn-consum.aktiosdigitalservices.com\/tol\/consum\/media\/product\/img\/300x300\/7322191.jpg?t=20241217081140"
    },
    {
        "id": 23224,
        "name": "Higi\u00e9nico H\u00famedo Compacto CONSUM",
        "price": 0.8,
        "price_kilo": 0.05,
        "slug": "higienico-humedo-compacto",
        "description": "Higi\u00e9nico H\u00famedo Compacto 15 U",
        "image": "https:\/\/cdn-consum.aktiosdigitalservices.com\/tol\/consum\/media\/product\/img\/300x300\/7328953.jpg?t=20241217081144"
    },
    {
        "id": 23225,
        "name": "Mazorquitas CONSUM",
        "price": 2.59,
        "price_kilo": 13.63,
        "slug": "mazorquitas",
        "description": "Mazorquitas 190 Gr",
        "image": "https:\/\/cdn-consum.aktiosdigitalservices.com\/tol\/consum\/media\/product\/img\/300x300\/7340644.jpg?t=20250204081217"
    },
    {
        "id": 23244,
        "name": "Bolsa Residuos Compostable MASCOTY",
        "price": 1.85,
        "price_kilo": 1.85,
        "slug": "bolsa-residuos-compostable",
        "description": "Bolsa Residuos Compostable 1 U",
        "image": "https:\/\/cdn-consum.aktiosdigitalservices.com\/tol\/consum\/media\/product\/img\/300x300\/7345619.jpg?t=20250304115733"
    },
    {
        "id": 23276,
        "name": "Vodka Colores Pack COOL SHOT",
        "price": 3.95,
        "price_kilo": 3.95,
        "slug": "vodka-colores-pack",
        "description": "Vodka Colores Pack 5 x 20 ml",
        "image": "https:\/\/cdn-consum.aktiosdigitalservices.com\/tol\/consum\/media\/product\/img\/300x300\/7347222.jpg?t=20241217081156"
    },
    {
        "id": 23281,
        "name": "Queso Fresco sin Lactosa EL VENTERO",
        "price": 1.97,
        "price_kilo": 7.88,
        "slug": "queso-fresco-sin-lactosa",
        "description": "Queso Fresco sin Lactosa 4 x 62,5 Gr",
        "image": "https:\/\/cdn-consum.aktiosdigitalservices.com\/tol\/consum\/media\/product\/img\/300x300\/7347412.jpg?t=20250103081943"
    },
    {
        "id": 23283,
        "name": "Salsa Tradicional Frasco KRAFT",
        "price": 1.79,
        "price_kilo": 6.51,
        "slug": "salsa-tradicional-frasco",
        "description": "Salsa Tradicional Frasco 275 ml",
        "image": "https:\/\/cdn-consum.aktiosdigitalservices.com\/tol\/consum\/media\/product\/img\/300x300\/7347474.jpg?t=20241217081157"
    },
    {
        "id": 23284,
        "name": "Taquitos Adobados CONSUM",
        "price": 3.07,
        "price_kilo": 8.75,
        "slug": "taquitos-adobados",
        "description": "Taquitos Adobados",
        "image": "https:\/\/cdn-consum.aktiosdigitalservices.com\/tol\/consum\/media\/product\/img\/300x300\/7347508.jpg?t=20241217081157"
    },
    {
        "id": 23286,
        "name": "Queso Fresco Tradicional Cabra GRANJA RINYA",
        "price": 3.11,
        "price_kilo": 12.44,
        "slug": "queso-fresco-tradicional-cabra",
        "description": "Queso Fresco Tradicional Cabra 250 Gr",
        "image": "https:\/\/cdn-consum.aktiosdigitalservices.com\/tol\/consum\/media\/product\/img\/300x300\/7347537.jpg?t=20250227093308"
    },
    {
        "id": 23291,
        "name": "Confitura Melocot\u00f3n Pack de 10 HELIOS",
        "price": 1.79,
        "price_kilo": 7.16,
        "slug": "confitura-melocoton-pack-de-10",
        "description": "Confitura Melocot\u00f3n Pack de 10 10 x 25 Gr",
        "image": "https:\/\/cdn-consum.aktiosdigitalservices.com\/tol\/consum\/media\/product\/img\/300x300\/7346088.jpg?t=20250311111107"
    },
    {
        "id": 23292,
        "name": "Gel Natural Glicerina LIDA",
        "price": 4.45,
        "price_kilo": 0.74,
        "slug": "gel-natural-glicerina",
        "description": "Gel Natural Glicerina 600 ml",
        "image": "https:\/\/cdn-consum.aktiosdigitalservices.com\/tol\/consum\/media\/product\/img\/300x300\/7347334.jpg?t=20250227093302"
    },
    {
        "id": 23294,
        "name": "Tabla de Quesos Nacionales 12 Cu\u00f1itas JUAN LUNA",
        "price": 4.31,
        "price_kilo": 21.55,
        "slug": "tabla-de-quesos-nacionales-12-cunitas",
        "description": "Tabla de Quesos Nacionales 12 Cu\u00f1itas 200 Gr",
        "image": "https:\/\/cdn-consum.aktiosdigitalservices.com\/tol\/consum\/media\/product\/img\/300x300\/7347524.jpg?t=20250103081946"
    },
    {
        "id": 23295,
        "name": "Comida Seca Gato Adulto Salm\u00f3n ULTIMA",
        "price": 9.99,
        "price_kilo": 6.66,
        "slug": "comida-seca-gato-adulto-salmon",
        "description": "Comida Seca Gato Adulto Salm\u00f3n 1,5 Kg",
        "image": "https:\/\/cdn-consum.aktiosdigitalservices.com\/tol\/consum\/media\/product\/img\/300x300\/7347540.jpg?t=20250227093310"
    },
    {
        "id": 23301,
        "name": "Tabletas Limpiadoras Pr\u00f3tesis SENTI-2",
        "price": 2.99,
        "price_kilo": 0.1,
        "slug": "tabletas-limpiadoras-protesis",
        "description": "Tabletas Limpiadoras Pr\u00f3tesis 30 U",
        "image": "https:\/\/cdn-consum.aktiosdigitalservices.com\/tol\/consum\/media\/product\/img\/300x300\/7347750.jpg?t=20241217081157"
    },
    {
        "id": 23303,
        "name": "Ensalada Completa de Pasta y Pollo CONSUM",
        "price": 2.99,
        "price_kilo": 9.65,
        "slug": "ensalada-completa-de-pasta-y-pollo",
        "description": "Ensalada Completa de Pasta y Pollo 310 Gr",
        "image": "https:\/\/cdn-consum.aktiosdigitalservices.com\/tol\/consum\/media\/product\/img\/300x300\/7347818.jpg?t=20241217081157"
    },
    {
        "id": 23312,
        "name": "Recambio Fregona Hilo Microfibra Trenzada CONSUM",
        "price": 1.5,
        "price_kilo": 1.5,
        "slug": "recambio-fregona-hilo-microfibra-trenzada",
        "description": "Recambio Fregona Hilo Microfibra Trenzada 1 U",
        "image": "https:\/\/cdn-consum.aktiosdigitalservices.com\/tol\/consum\/media\/product\/img\/300x300\/7330228.jpg?t=20241217081145"
    },
    {
        "id": 23313,
        "name": "Tinte 3\/00 Casta\u00f1o Oscuro KYREY",
        "price": 3.9,
        "price_kilo": 3.9,
        "slug": "tinte-3-00-castano-oscuro",
        "description": "Tinte 3\/00 Casta\u00f1o Oscuro 1 U",
        "image": "https:\/\/cdn-consum.aktiosdigitalservices.com\/tol\/consum\/media\/product\/img\/300x300\/7330256.jpg?t=20241217081145"
    },
    {
        "id": 23314,
        "name": "Tinte 5\/00 Casta\u00f1o Claro KYREY",
        "price": 3.9,
        "price_kilo": 3.9,
        "slug": "tinte-5-00-castano-claro",
        "description": "Tinte 5\/00 Casta\u00f1o Claro 1 U",
        "image": "https:\/\/cdn-consum.aktiosdigitalservices.com\/tol\/consum\/media\/product\/img\/300x300\/7330277.jpg?t=20241217081145"
    },
    {
        "id": 23316,
        "name": "Galleta Mini Integral Multicereales CONSUM ECO",
        "price": 1.99,
        "price_kilo": 8.84,
        "slug": "galleta-mini-integral-multicereales",
        "description": "Galleta Mini Integral Multicereales 225 Gr",
        "image": "https:\/\/cdn-consum.aktiosdigitalservices.com\/tol\/consum\/media\/product\/img\/300x300\/7339257.jpg?t=20250311134132"
    },
    {
        "id": 23317,
        "name": "Pila Cegasa LR20 D Superalkaline CEGASA",
        "price": 3.99,
        "price_kilo": 2,
        "slug": "pila-cegasa-lr20-d-superalkaline",
        "description": "Pila Cegasa LR20 D Superalkaline 2 x 1 U",
        "image": "https:\/\/cdn-consum.aktiosdigitalservices.com\/tol\/consum\/media\/product\/img\/300x300\/7346927.jpg?t=20250204081236"
    },
    {
        "id": 23323,
        "name": "Desodorante Spray B&W Invisible Pocket NIVEA",
        "price": 2.45,
        "price_kilo": 2.45,
        "slug": "desodorante-spray-bw-invisible-pocket",
        "description": "Desodorante Spray B&W Invisible Pocket 100 ml",
        "image": "https:\/\/cdn-consum.aktiosdigitalservices.com\/tol\/consum\/media\/product\/img\/300x300\/7347826.jpg?t=20241226075759"
    },
    {
        "id": 23325,
        "name": "T\u00f3nica Zero Botella SCHWEPPES",
        "price": 1.79,
        "price_kilo": 1.79,
        "slug": "tonica-zero-botella",
        "description": "T\u00f3nica Zero Botella 1 L",
        "image": "https:\/\/cdn-consum.aktiosdigitalservices.com\/tol\/consum\/media\/product\/img\/300x300\/7347867.jpg?t=20250311134159"
    },
    {
        "id": 23327,
        "name": "Recambio Fregona Tiras de Microfibra CONSUM",
        "price": 3.5,
        "price_kilo": 3.5,
        "slug": "recambio-fregona-tiras-de-microfibra",
        "description": "Recambio Fregona Tiras de Microfibra 1 U",
        "image": "https:\/\/cdn-consum.aktiosdigitalservices.com\/tol\/consum\/media\/product\/img\/300x300\/7330231.jpg?t=20241217081145"
    },
    {
        "id": 23333,
        "name": "Sidra sin Alcohol EL GAITERO",
        "price": 2.7,
        "price_kilo": 3.6,
        "slug": "sidra-sin-alcohol",
        "description": "Sidra sin Alcohol 0,75 L",
        "image": "https:\/\/cdn-consum.aktiosdigitalservices.com\/tol\/consum\/media\/product\/img\/300x300\/7347847.jpg?t=20241217081157"
    },
    {
        "id": 23335,
        "name": "Bebida de Pomelo Sin Az\u00facares A\u00f1adidos CONSUM",
        "price": 1.25,
        "price_kilo": 1.25,
        "slug": "bebida-de-pomelo-sin-azucares-anadidos",
        "description": "Bebida de Pomelo Sin Az\u00facares A\u00f1adidos 1 L",
        "image": "https:\/\/cdn-consum.aktiosdigitalservices.com\/tol\/consum\/media\/product\/img\/300x300\/7111677.jpg?t=20241217081021"
    },
    {
        "id": 23348,
        "name": "Suavizante Hipoalerg\u00e9nico CONSUM",
        "price": 1.9,
        "price_kilo": 0.03,
        "slug": "suavizante-hipoalergenico",
        "description": "Suavizante Hipoalerg\u00e9nico 60 Lv",
        "image": "https:\/\/cdn-consum.aktiosdigitalservices.com\/tol\/consum\/media\/product\/img\/300x300\/7330371.jpg?t=20250204081142"
    },
    {
        "id": 23349,
        "name": "Suavizante Plancha F\u00e1cil CONSUM",
        "price": 1.99,
        "price_kilo": 0.03,
        "slug": "suavizante-plancha-facil",
        "description": "Suavizante Plancha F\u00e1cil 60 Lv",
        "image": "https:\/\/cdn-consum.aktiosdigitalservices.com\/tol\/consum\/media\/product\/img\/300x300\/7330376.jpg?t=20241217081145"
    },
    {
        "id": 23350,
        "name": "Yogur Griego Natural Pack de 4 Unidades CONSUM",
        "price": 1,
        "price_kilo": 2,
        "slug": "yogur-griego-natural-pack-de-4-unidades",
        "description": "Yogur Griego Natural Pack de 4 Unidades 4 x 125 Gr",
        "image": "https:\/\/cdn-consum.aktiosdigitalservices.com\/tol\/consum\/media\/product\/img\/300x300\/7340784.jpg?t=20250304112446"
    },
    {
        "id": 23355,
        "name": "S\u00e9rum Revitalift D\u00eda Antiarrugas L'OREAL",
        "price": 22.9,
        "price_kilo": 76.33,
        "slug": "serum-revitalift-dia-antiarrugas",
        "description": "S\u00e9rum Revitalift D\u00eda Antiarrugas 30 ml",
        "image": "https:\/\/cdn-consum.aktiosdigitalservices.com\/tol\/consum\/media\/product\/img\/300x300\/7347719.jpg?t=20250312160739"
    },
    {
        "id": 23359,
        "name": "Mortadela Ib\u00e9rica Finas Lonchas LEGADO",
        "price": 2,
        "price_kilo": 13.33,
        "slug": "mortadela-iberica-finas-lonchas",
        "description": "Mortadela Ib\u00e9rica Finas Lonchas 150 Gr",
        "image": "https:\/\/cdn-consum.aktiosdigitalservices.com\/tol\/consum\/media\/product\/img\/300x300\/7347888.jpg?t=20250220080730"
    },
    {
        "id": 23363,
        "name": "Magdalena sin Az\u00facares A\u00f1adidos y Sin Leche LALY",
        "price": 2.65,
        "price_kilo": 5.89,
        "slug": "magdalena-sin-azucares-anadidos-y-sin-leche",
        "description": "Magdalena sin Az\u00facares A\u00f1adidos y Sin Leche 500 Gr",
        "image": "https:\/\/cdn-consum.aktiosdigitalservices.com\/tol\/consum\/media\/product\/img\/300x300\/7348340.jpg?t=20250311111117"
    },
    {
        "id": 23364,
        "name": "Bizcochos Naranja sin az. a\u00f1adidos y Sin Leche LALY",
        "price": 3.09,
        "price_kilo": 6.87,
        "slug": "bizcochos-naranja-sin-az-anadidos-y-sin-leche",
        "description": "Bizcochos Naranja sin az. a\u00f1adidos y Sin Leche 500 Gr",
        "image": "https:\/\/cdn-consum.aktiosdigitalservices.com\/tol\/consum\/media\/product\/img\/300x300\/7348352.jpg?t=20250312092804"
    },
    {
        "id": 23367,
        "name": "Lasa\u00f1a Bolo\u00f1esa DUNANY",
        "price": 2.62,
        "price_kilo": 7.49,
        "slug": "lasana-bolonesa",
        "description": "Lasa\u00f1a Bolo\u00f1esa 350 Gr",
        "image": "https:\/\/cdn-consum.aktiosdigitalservices.com\/tol\/consum\/media\/product\/img\/300x300\/7349264.jpg?t=20250108080752"
    },
    {
        "id": 23368,
        "name": "Canelones de Carne con Boletus DUNANY",
        "price": 3.71,
        "price_kilo": 10.6,
        "slug": "canelones-de-carne-con-boletus",
        "description": "Canelones de Carne con Boletus 350 Gr",
        "image": "https:\/\/cdn-consum.aktiosdigitalservices.com\/tol\/consum\/media\/product\/img\/300x300\/7349269.jpg?t=20250108080754"
    },
    {
        "id": 23370,
        "name": "Lasa\u00f1a Vegetal DUNANY",
        "price": 2.99,
        "price_kilo": 8.54,
        "slug": "lasana-vegetal",
        "description": "Lasa\u00f1a Vegetal 350 Gr",
        "image": "https:\/\/cdn-consum.aktiosdigitalservices.com\/tol\/consum\/media\/product\/img\/300x300\/7349285.jpg?t=20250108080756"
    },
    {
        "id": 23371,
        "name": "Moussaka DUNANY",
        "price": 2.99,
        "price_kilo": 8.54,
        "slug": "moussaka",
        "description": "Moussaka 350 Gr",
        "image": "https:\/\/cdn-consum.aktiosdigitalservices.com\/tol\/consum\/media\/product\/img\/300x300\/7349298.jpg?t=20241217081157"
    },
    {
        "id": 23372,
        "name": "Pan de Picos ",
        "price": 1.02,
        "price_kilo": 3.58,
        "slug": "pan-de-picos",
        "description": "Pan de Picos 285 Gr",
        "image": "https:\/\/cdn-consum.aktiosdigitalservices.com\/tol\/consum\/media\/product\/img\/300x300\/7348563.jpg?t=20250204081242"
    },
    {
        "id": 23374,
        "name": "Tarrina Cappuccino 900 Ml. CONSUM",
        "price": 3.5,
        "price_kilo": 7.43,
        "slug": "tarrina-cappuccino-900-ml",
        "description": "Tarrina Cappuccino 900 Ml. 471 Gr",
        "image": "https:\/\/cdn-consum.aktiosdigitalservices.com\/tol\/consum\/media\/product\/img\/300x300\/7325504.jpg?t=20250320080115"
    },
    {
        "id": 23387,
        "name": "Palitos Frutos Secos 2 x 65 gr. HORNO TRAD.",
        "price": 1.04,
        "price_kilo": 8,
        "slug": "palitos-frutos-secos-2-x-65-gr",
        "description": "Palitos Frutos Secos 2 x 65 gr. 130 Gr",
        "image": "https:\/\/cdn-consum.aktiosdigitalservices.com\/tol\/consum\/media\/product\/img\/300x300\/7348357.jpg?t=20250311111122"
    },
    {
        "id": 23388,
        "name": "Crema  B7 Piel Mixta Antimanchas Piel Mixta BELLA AURORA",
        "price": 18.9,
        "price_kilo": 63,
        "slug": "crema-b7-piel-mixta-antimanchas-piel-mixta",
        "description": "Crema  B7 Piel Mixta Antimanchas Piel Mixta 30 ml",
        "image": "https:\/\/cdn-consum.aktiosdigitalservices.com\/tol\/consum\/media\/product\/img\/300x300\/7348766.jpg?t=20250311164615"
    },
    {
        "id": 23390,
        "name": "Energy Flapjack Avena y Capuccino JUST LOADING",
        "price": 1.05,
        "price_kilo": 17.5,
        "slug": "energy-flapjack-avena-y-capuccino",
        "description": "Energy Flapjack Avena y Capuccino 60 Gr",
        "image": "https:\/\/cdn-consum.aktiosdigitalservices.com\/tol\/consum\/media\/product\/img\/300x300\/7348910.jpg?t=20250311134204"
    },
    {
        "id": 23394,
        "name": "Galleta con Chocolate Cards 2x5 Packs KINDER",
        "price": 2.99,
        "price_kilo": 23.36,
        "slug": "galleta-con-chocolate-cards-2x5-packs",
        "description": "Galleta con Chocolate Cards 2x5 Packs 128 Gr",
        "image": "https:\/\/cdn-consum.aktiosdigitalservices.com\/tol\/consum\/media\/product\/img\/300x300\/7348998.jpg?t=20250311111130"
    },
    {
        "id": 23395,
        "name": "Energy Bars Almendra y Banana Pack de 3 JUST LOADING",
        "price": 2.35,
        "price_kilo": 31.33,
        "slug": "energy-bars-almendra-y-banana-pack-de-3",
        "description": "Energy Bars Almendra y Banana Pack de 3 75 Gr",
        "image": "https:\/\/cdn-consum.aktiosdigitalservices.com\/tol\/consum\/media\/product\/img\/300x300\/7349061.jpg?t=20250311134206"
    },
    {
        "id": 23397,
        "name": "Energy Gels Fresa y Kiwi Pack de 3 JUST LOADING",
        "price": 1.99,
        "price_kilo": 22.11,
        "slug": "energy-gels-fresa-y-kiwi-pack-de-3",
        "description": "Energy Gels Fresa y Kiwi Pack de 3 90 Gr",
        "image": "https:\/\/cdn-consum.aktiosdigitalservices.com\/tol\/consum\/media\/product\/img\/300x300\/7349082.jpg?t=20250313080711"
    },
    {
        "id": 23399,
        "name": "Lasa\u00f1a de Pollo DUNANY",
        "price": 3.15,
        "price_kilo": 9,
        "slug": "lasana-de-pollo",
        "description": "Lasa\u00f1a de Pollo 350 Gr",
        "image": "https:\/\/cdn-consum.aktiosdigitalservices.com\/tol\/consum\/media\/product\/img\/300x300\/7349272.jpg?t=20241217081157"
    },
    {
        "id": 23404,
        "name": "Yogur Griego Natural Azucarado CONSUM",
        "price": 1.05,
        "price_kilo": 2.1,
        "slug": "yogur-griego-natural-azucarado",
        "description": "Yogur Griego Natural Azucarado 4 x 125 Gr",
        "image": "https:\/\/cdn-consum.aktiosdigitalservices.com\/tol\/consum\/media\/product\/img\/300x300\/7340776.jpg?t=20250304112443"
    },
    {
        "id": 23405,
        "name": "Yogur Griego Stracciatella  P-4 ud CONSUM",
        "price": 1.29,
        "price_kilo": 2.58,
        "slug": "yogur-griego-stracciatella-p-4-ud",
        "description": "Yogur Griego Stracciatella  P-4 ud 4 x 125 Gr",
        "image": "https:\/\/cdn-consum.aktiosdigitalservices.com\/tol\/consum\/media\/product\/img\/300x300\/7340789.jpg?t=20250304112450"
    },
    {
        "id": 23406,
        "name": "Yogur Griego con Fresa Pack de 4 Unidades CONSUM",
        "price": 1.2,
        "price_kilo": 2.4,
        "slug": "yogur-griego-con-fresa-pack-de-4-unidades",
        "description": "Yogur Griego con Fresa Pack de 4 Unidades 4 x 125 Gr",
        "image": "https:\/\/cdn-consum.aktiosdigitalservices.com\/tol\/consum\/media\/product\/img\/300x300\/7340792.jpg?t=20250312125708"
    },
    {
        "id": 23415,
        "name": "Pouche Manzana Ar\u00e1ndano Avena BE PLUS",
        "price": 1.09,
        "price_kilo": 10.9,
        "slug": "pouche-manzana-arandano-avena",
        "description": "Pouche Manzana Ar\u00e1ndano Avena 100 Gr",
        "image": "https:\/\/cdn-consum.aktiosdigitalservices.com\/tol\/consum\/media\/product\/img\/300x300\/7349397.jpg?t=20250311111140"
    },
    {
        "id": 23420,
        "name": "Tinte 7\/00 Rubio Medio KYREY",
        "price": 3.9,
        "price_kilo": 3.9,
        "slug": "tinte-7-00-rubio-medio",
        "description": "Tinte 7\/00 Rubio Medio 1 U",
        "image": "https:\/\/cdn-consum.aktiosdigitalservices.com\/tol\/consum\/media\/product\/img\/300x300\/7330301.jpg?t=20250116080256"
    },
    {
        "id": 23424,
        "name": "Duplo Dent\u00edfrico Herbal Fresh PARODONTAX",
        "price": 8.99,
        "price_kilo": 5.99,
        "slug": "duplo-dentifrico-herbal-fresh",
        "description": "Duplo Dent\u00edfrico Herbal Fresh 2 x 75 ml",
        "image": "https:\/\/cdn-consum.aktiosdigitalservices.com\/tol\/consum\/media\/product\/img\/300x300\/7349301.jpg?t=20250227093324"
    },
    {
        "id": 23425,
        "name": "Duplo Dent\u00edfrico Herbal Original PARODONTAX",
        "price": 8.99,
        "price_kilo": 5.99,
        "slug": "duplo-dentifrico-herbal-original",
        "description": "Duplo Dent\u00edfrico Herbal Original 2 x 75 ml",
        "image": "https:\/\/cdn-consum.aktiosdigitalservices.com\/tol\/consum\/media\/product\/img\/300x300\/7349306.jpg?t=20250227093326"
    },
    {
        "id": 23426,
        "name": "Pouche B\u00edo Pera Manzana Albaricoque BE PLUS",
        "price": 1.09,
        "price_kilo": 10.9,
        "slug": "pouche-bio-pera-manzana-albaricoque",
        "description": "Pouche B\u00edo Pera Manzana Albaricoque 100 Gr",
        "image": "https:\/\/cdn-consum.aktiosdigitalservices.com\/tol\/consum\/media\/product\/img\/300x300\/7349426.jpg?t=20250311111143"
    },
    {
        "id": 23455,
        "name": "Refresco Multifrutas Cero sin Gas 35% Zumo CONSUM",
        "price": 1.2,
        "price_kilo": 0.8,
        "slug": "refresco-multifrutas-cero-sin-gas-35-zumo",
        "description": "Refresco Multifrutas Cero sin Gas 35% Zumo 1,5 L",
        "image": "https:\/\/cdn-consum.aktiosdigitalservices.com\/tol\/consum\/media\/product\/img\/300x300\/7338510.jpg?t=20250220080712"
    },
    {
        "id": 23456,
        "name": "Higi\u00e9nico Acolchado Tres Capas CONSUM",
        "price": 3.99,
        "price_kilo": 0.67,
        "slug": "higienico-acolchado-tres-capas",
        "description": "Higi\u00e9nico Acolchado Tres Capas 6 U",
        "image": "https:\/\/cdn-consum.aktiosdigitalservices.com\/tol\/consum\/media\/product\/img\/300x300\/7338767.jpg?t=20241217081150"
    },
    {
        "id": 23457,
        "name": "Tomate Triturado con Cebolla CONSUM",
        "price": 0.89,
        "price_kilo": 2.28,
        "slug": "tomate-triturado-con-cebolla",
        "description": "Tomate Triturado con Cebolla 390 Gr",
        "image": "https:\/\/cdn-consum.aktiosdigitalservices.com\/tol\/consum\/media\/product\/img\/300x300\/7343291.jpg?t=20241217081153"
    },
    {
        "id": 23458,
        "name": "Miel de Flores Pack de 10 HELIOS",
        "price": 2.85,
        "price_kilo": 11.4,
        "slug": "miel-de-flores-pack-de-10",
        "description": "Miel de Flores Pack de 10 10 x 25 Gr",
        "image": "https:\/\/cdn-consum.aktiosdigitalservices.com\/tol\/consum\/media\/product\/img\/300x300\/7346856.jpg?t=20250311111109"
    },
    {
        "id": 23476,
        "name": "Barritas Almendra Chocolate con Leche EL ALMENDRO",
        "price": 2.95,
        "price_kilo": 29.5,
        "slug": "barritas-almendra-chocolate-con-leche",
        "description": "Barritas Almendra Chocolate con Leche 4 x 25 Gr",
        "image": "https:\/\/cdn-consum.aktiosdigitalservices.com\/tol\/consum\/media\/product\/img\/300x300\/7348613.jpg?t=20250313080709"
    },
    {
        "id": 23480,
        "name": "S\u00e9rum Stop Frizz Pelo Largo ELVIVE",
        "price": 5.95,
        "price_kilo": 5.95,
        "slug": "serum-stop-frizz-pelo-largo",
        "description": "S\u00e9rum Stop Frizz Pelo Largo 1 U",
        "image": "https:\/\/cdn-consum.aktiosdigitalservices.com\/tol\/consum\/media\/product\/img\/300x300\/7348733.jpg?t=20250312160741"
    },
    {
        "id": 23484,
        "name": "Gummy Power Cafe\u00edna  Pack de 3 JUST LOADING",
        "price": 2.95,
        "price_kilo": 32.78,
        "slug": "gummy-power-cafeina-pack-de-3",
        "description": "Gummy Power Cafe\u00edna  Pack de 3 90 Gr",
        "image": "https:\/\/cdn-consum.aktiosdigitalservices.com\/tol\/consum\/media\/product\/img\/300x300\/7349103.jpg?t=20250311134211"
    },
    {
        "id": 23490,
        "name": "Champ\u00fa Vitalidad 5 Plantas OR.REMEDIES",
        "price": 2.95,
        "price_kilo": 0.99,
        "slug": "champu-vitalidad-5-plantas",
        "description": "Champ\u00fa Vitalidad 5 Plantas 300 ml",
        "image": "https:\/\/cdn-consum.aktiosdigitalservices.com\/tol\/consum\/media\/product\/img\/300x300\/7349434.jpg?t=20250228080414"
    },
    {
        "id": 23498,
        "name": "At\u00fan Claro Aceite Oliva Pack 3 ALBO",
        "price": 5.39,
        "price_kilo": 37.43,
        "slug": "atun-claro-aceite-oliva-pack-3",
        "description": "At\u00fan Claro Aceite Oliva Pack 3 3 x 48 Gr",
        "image": "https:\/\/cdn-consum.aktiosdigitalservices.com\/tol\/consum\/media\/product\/img\/300x300\/7349850.jpg?t=20250227093331"
    },
    {
        "id": 23503,
        "name": "Dulce Membrillo s\/Az\u00facar Tarrina CONSUM",
        "price": 2.12,
        "price_kilo": 5.73,
        "slug": "dulce-membrillo-s-azucar-tarrina",
        "description": "Dulce Membrillo s\/Az\u00facar Tarrina 2 x 185 Gr",
        "image": "https:\/\/cdn-consum.aktiosdigitalservices.com\/tol\/consum\/media\/product\/img\/300x300\/7330673.jpg?t=20250311134112"
    },
    {
        "id": 23509,
        "name": "Limpiador Ba\u00f1o Oce\u00e1nico CONSUM",
        "price": 1.45,
        "price_kilo": 0.97,
        "slug": "limpiador-bano-oceanico",
        "description": "Limpiador Ba\u00f1o Oce\u00e1nico 1,5 L",
        "image": "https:\/\/cdn-consum.aktiosdigitalservices.com\/tol\/consum\/media\/product\/img\/300x300\/7342673.jpg?t=20241217081153"
    },
    {
        "id": 23522,
        "name": "Ap\u00f3sitos Piel Sensible Surtido PHARMADOCT",
        "price": 1.25,
        "price_kilo": 0.06,
        "slug": "apositos-piel-sensible-surtido",
        "description": "Ap\u00f3sitos Piel Sensible Surtido 20 U",
        "image": "https:\/\/cdn-consum.aktiosdigitalservices.com\/tol\/consum\/media\/product\/img\/300x300\/7349702.jpg?t=20241217081158"
    },
    {
        "id": 23524,
        "name": "Gilda Aceituna y Guindilla con Aceite de Oliva KIMBO",
        "price": 3.55,
        "price_kilo": 37.37,
        "slug": "gilda-aceituna-y-guindilla-con-aceite-de-oliva",
        "description": "Gilda Aceituna y Guindilla con Aceite de Oliva 95 Gr",
        "image": "https:\/\/cdn-consum.aktiosdigitalservices.com\/tol\/consum\/media\/product\/img\/300x300\/7349728.jpg?t=20250128080608"
    },
    {
        "id": 23526,
        "name": "Salchich\u00f3n Ib\u00e9rico Extra ENTRECA\u00d1OS",
        "price": 6.49,
        "price_kilo": 18.5,
        "slug": "salchichon-iberico-extra",
        "description": "Salchich\u00f3n Ib\u00e9rico Extra",
        "image": "https:\/\/cdn-consum.aktiosdigitalservices.com\/tol\/consum\/media\/product\/img\/300x300\/7349996.jpg?t=20250311124927"
    },
    {
        "id": 23527,
        "name": "Chorizo Ib\u00e9rico Extra ENTRECA\u00d1OS",
        "price": 9.25,
        "price_kilo": 18.5,
        "slug": "chorizo-iberico-extra",
        "description": "Chorizo Ib\u00e9rico Extra",
        "image": "https:\/\/cdn-consum.aktiosdigitalservices.com\/tol\/consum\/media\/product\/img\/300x300\/7350028.jpg?t=20250311124928"
    },
    {
        "id": 23528,
        "name": "Snack Papadelta Sabor Jam\u00f3n Bolsa GREFUSA",
        "price": 1.4,
        "price_kilo": 19.18,
        "slug": "snack-papadelta-sabor-jamon-bolsa",
        "description": "Snack Papadelta Sabor Jam\u00f3n Bolsa 73 Gr",
        "image": "https:\/\/cdn-consum.aktiosdigitalservices.com\/tol\/consum\/media\/product\/img\/300x300\/7350069.jpg?t=20250227093335"
    },
    {
        "id": 23529,
        "name": "Snack Gublins Sabor Barbacoa Bolsa GREFUSA",
        "price": 1.4,
        "price_kilo": 10.37,
        "slug": "snack-gublins-sabor-barbacoa-bolsa",
        "description": "Snack Gublins Sabor Barbacoa Bolsa 135 Gr",
        "image": "https:\/\/cdn-consum.aktiosdigitalservices.com\/tol\/consum\/media\/product\/img\/300x300\/7350072.jpg?t=20250227093337"
    },
    {
        "id": 23530,
        "name": "Escalop\u00edn Lomo Adob. Extratierno EL POZO",
        "price": 5.74,
        "price_kilo": 9.57,
        "slug": "escalopin-lomo-adob-extratierno",
        "description": "Escalop\u00edn Lomo Adob. Extratierno 600 Gr",
        "image": "https:\/\/cdn-consum.aktiosdigitalservices.com\/tol\/consum\/media\/product\/img\/300x300\/7350320.jpg?t=20250304112701"
    },
    {
        "id": 23533,
        "name": "Licor Whisky Canela SPICE MONKEY",
        "price": 7.99,
        "price_kilo": 11.41,
        "slug": "licor-whisky-canela",
        "description": "Licor Whisky Canela 0,7 L",
        "image": "https:\/\/cdn-consum.aktiosdigitalservices.com\/tol\/consum\/media\/product\/img\/300x300\/7350650.jpg?t=20250311164615"
    },
    {
        "id": 23542,
        "name": "Pechuga de Pavo CAMPOFR\u00cdO",
        "price": 14.5,
        "price_kilo": 14.5,
        "slug": "pechuga-de-pavo",
        "description": "Pechuga de Pavo",
        "image": "https:\/\/cdn-consum.aktiosdigitalservices.com\/tol\/consum\/media\/product\/img\/300x300\/7287969.jpg?t=20250303075830"
    },
    {
        "id": 23550,
        "name": "Lej\u00eda con Detergente Lim\u00f3n CONSUM",
        "price": 1.15,
        "price_kilo": 0.58,
        "slug": "lejia-con-detergente-limon",
        "description": "Lej\u00eda con Detergente Lim\u00f3n 2 L",
        "image": "https:\/\/cdn-consum.aktiosdigitalservices.com\/tol\/consum\/media\/product\/img\/300x300\/7337244.jpg?t=20250312092802"
    },
    {
        "id": 23552,
        "name": "Film Transparente CONSUM",
        "price": 1.65,
        "price_kilo": 0.02,
        "slug": "film-transparente",
        "description": "Film Transparente 80 M",
        "image": "https:\/\/cdn-consum.aktiosdigitalservices.com\/tol\/consum\/media\/product\/img\/300x300\/7342418.jpg?t=20241217081153"
    },
    {
        "id": 23553,
        "name": "Leche Entera Botella CONSUM",
        "price": 1.53,
        "price_kilo": 1.02,
        "slug": "leche-entera-botella",
        "description": "Leche Entera Botella 1,5 L",
        "image": "https:\/\/cdn-consum.aktiosdigitalservices.com\/tol\/consum\/media\/product\/img\/300x300\/7344773.jpg?t=20250312092803"
    },
    {
        "id": 23554,
        "name": "Leche Semidesnatada Botella CONSUM",
        "price": 1.47,
        "price_kilo": 0.98,
        "slug": "leche-semidesnatada-botella",
        "description": "Leche Semidesnatada Botella 1,5 L",
        "image": "https:\/\/cdn-consum.aktiosdigitalservices.com\/tol\/consum\/media\/product\/img\/300x300\/7344781.jpg?t=20250312092803"
    },
    {
        "id": 23568,
        "name": "Vino Blanco Godello D.O.Valdeorras VERDES CASTR",
        "price": 6.69,
        "price_kilo": 8.92,
        "slug": "vino-blanco-godello-dovaldeorras",
        "description": "Vino Blanco Godello D.O.Valdeorras 0,75 L",
        "image": "https:\/\/cdn-consum.aktiosdigitalservices.com\/tol\/consum\/media\/product\/img\/300x300\/7350049.jpg?t=20250227093333"
    },
    {
        "id": 23579,
        "name": "Jelly Kisses Sabor Fresa y Nata FINI",
        "price": 1.29,
        "price_kilo": 6.45,
        "slug": "jelly-kisses-sabor-fresa-y-nata",
        "description": "Jelly Kisses Sabor Fresa y Nata 200 Gr",
        "image": "https:\/\/cdn-consum.aktiosdigitalservices.com\/tol\/consum\/media\/product\/img\/300x300\/7350556.jpg?t=20250311124931"
    },
    {
        "id": 23581,
        "name": "Happy Party FINI",
        "price": 4.75,
        "price_kilo": 9.5,
        "slug": "happy-party",
        "description": "Happy Party 500 Gr",
        "image": "https:\/\/cdn-consum.aktiosdigitalservices.com\/tol\/consum\/media\/product\/img\/300x300\/7350577.jpg?t=20250311124933"
    },
    {
        "id": 23583,
        "name": "Crema Manos Intensiva Aceite de Almendras NIVEA",
        "price": 1.15,
        "price_kilo": 3.83,
        "slug": "crema-manos-intensiva-aceite-de-almendras",
        "description": "Crema Manos Intensiva Aceite de Almendras 30 ml",
        "image": "https:\/\/cdn-consum.aktiosdigitalservices.com\/tol\/consum\/media\/product\/img\/300x300\/7350648.jpg?t=20250208075901"
    },
    {
        "id": 23584,
        "name": "Cereales Rellenos Leche sin Gluten CERID\u00c9S",
        "price": 2.85,
        "price_kilo": 5.7,
        "slug": "cereales-rellenos-leche-sin-gluten",
        "description": "Cereales Rellenos Leche sin Gluten 500 Gr",
        "image": "https:\/\/cdn-consum.aktiosdigitalservices.com\/tol\/consum\/media\/product\/img\/300x300\/7351005.jpg?t=20250311111204"
    },
    {
        "id": 23585,
        "name": "Cereales Rellenos Choco sin Gluten CERID\u00c9S",
        "price": 2.99,
        "price_kilo": 5.98,
        "slug": "cereales-rellenos-choco-sin-gluten",
        "description": "Cereales Rellenos Choco sin Gluten 500 Gr",
        "image": "https:\/\/cdn-consum.aktiosdigitalservices.com\/tol\/consum\/media\/product\/img\/300x300\/7351013.jpg?t=20250311111207"
    },
    {
        "id": 23604,
        "name": "Laca de U\u00f1as 510 Gel Envy REVLON",
        "price": 5.59,
        "price_kilo": 5.59,
        "slug": "laca-de-unas-510-gel-envy",
        "description": "Laca de U\u00f1as 510 Gel Envy 1 U",
        "image": "https:\/\/cdn-consum.aktiosdigitalservices.com\/tol\/consum\/media\/product\/img\/300x300\/7327955.jpg?t=20250312125638"
    },
    {
        "id": 23605,
        "name": "Laca de U\u00f1as 620 Gel Envy REVLON",
        "price": 5.59,
        "price_kilo": 5.59,
        "slug": "laca-de-unas-620-gel-envy",
        "description": "Laca de U\u00f1as 620 Gel Envy 1 U",
        "image": "https:\/\/cdn-consum.aktiosdigitalservices.com\/tol\/consum\/media\/product\/img\/300x300\/7327963.jpg?t=20250312125640"
    },
    {
        "id": 23609,
        "name": "Laca de U\u00f1as 550 Gel Envy REVLON",
        "price": 5.59,
        "price_kilo": 5.59,
        "slug": "laca-de-unas-550-gel-envy",
        "description": "Laca de U\u00f1as 550 Gel Envy 1 U",
        "image": "https:\/\/cdn-consum.aktiosdigitalservices.com\/tol\/consum\/media\/product\/img\/300x300\/7329345.jpg?t=20250312125653"
    },
    {
        "id": 23610,
        "name": "Refresco Fresa Cero sin Gas 35% Zumo CONSUM",
        "price": 1.2,
        "price_kilo": 0.8,
        "slug": "refresco-fresa-cero-sin-gas-35-zumo",
        "description": "Refresco Fresa Cero sin Gas 35% Zumo 1,5 L",
        "image": "https:\/\/cdn-consum.aktiosdigitalservices.com\/tol\/consum\/media\/product\/img\/300x300\/7338507.jpg?t=20250220080709"
    },
    {
        "id": 23611,
        "name": "Servilleta Textura Tela Decorada 39x40 CONSUM",
        "price": 4.69,
        "price_kilo": 0.16,
        "slug": "servilleta-textura-tela-decorada-39x40",
        "description": "Servilleta Textura Tela Decorada 39x40 30 U",
        "image": "https:\/\/cdn-consum.aktiosdigitalservices.com\/tol\/consum\/media\/product\/img\/300x300\/7339463.jpg?t=20250311164610"
    },
    {
        "id": 23612,
        "name": "Caramelo Eucalipto CONSUM",
        "price": 1.15,
        "price_kilo": 7.67,
        "slug": "caramelo-eucalipto",
        "description": "Caramelo Eucalipto 150 Gr",
        "image": "https:\/\/cdn-consum.aktiosdigitalservices.com\/tol\/consum\/media\/product\/img\/300x300\/7339732.jpg?t=20250311124900"
    },
    {
        "id": 23613,
        "name": "Recambio Ambientador El\u00e9ctrico Flores Blancas CONSUM",
        "price": 1.7,
        "price_kilo": 1.7,
        "slug": "recambio-ambientador-electrico-flores-blancas",
        "description": "Recambio Ambientador El\u00e9ctrico Flores Blancas 1 U",
        "image": "https:\/\/cdn-consum.aktiosdigitalservices.com\/tol\/consum\/media\/product\/img\/300x300\/7340719.jpg?t=20241217081151"
    },
    {
        "id": 23614,
        "name": "Caramelo Eucalipto sin Az\u00facar CONSUM",
        "price": 0.99,
        "price_kilo": 11,
        "slug": "caramelo-eucalipto-sin-azucar",
        "description": "Caramelo Eucalipto sin Az\u00facar 90 Gr",
        "image": "https:\/\/cdn-consum.aktiosdigitalservices.com\/tol\/consum\/media\/product\/img\/300x300\/7342322.jpg?t=20250311124911"
    },
    {
        "id": 23615,
        "name": "Caramelo Miel-Lim\u00f3n CONSUM",
        "price": 1.15,
        "price_kilo": 7.67,
        "slug": "caramelo-miel-limon",
        "description": "Caramelo Miel-Lim\u00f3n 150 Gr",
        "image": "https:\/\/cdn-consum.aktiosdigitalservices.com\/tol\/consum\/media\/product\/img\/300x300\/7342327.jpg?t=20250311124914"
    },
    {
        "id": 23616,
        "name": "Recambio Ambientador El\u00e9ctrico Aire Fresco CONSUM",
        "price": 1.7,
        "price_kilo": 1.7,
        "slug": "recambio-ambientador-electrico-aire-fresco",
        "description": "Recambio Ambientador El\u00e9ctrico Aire Fresco 1 U",
        "image": "https:\/\/cdn-consum.aktiosdigitalservices.com\/tol\/consum\/media\/product\/img\/300x300\/7344430.jpg?t=20241217081154"
    },
    {
        "id": 23617,
        "name": "Difusor El\u00e9ctrico Ambientador CONSUM",
        "price": 1.4,
        "price_kilo": 1.4,
        "slug": "difusor-electrico-ambientador",
        "description": "Difusor El\u00e9ctrico Ambientador 1 U",
        "image": "https:\/\/cdn-consum.aktiosdigitalservices.com\/tol\/consum\/media\/product\/img\/300x300\/7344450.jpg?t=20241217081154"
    },
    {
        "id": 23620,
        "name": "Leche Desnatada Botella CONSUM",
        "price": 1.44,
        "price_kilo": 0.96,
        "slug": "leche-desnatada-botella",
        "description": "Leche Desnatada Botella 1,5 L",
        "image": "https:\/\/cdn-consum.aktiosdigitalservices.com\/tol\/consum\/media\/product\/img\/300x300\/7344778.jpg?t=20250312092803"
    },
    {
        "id": 23642,
        "name": "Crema Manos Q10 Antiedad 3 en 1 NIVEA",
        "price": 3.99,
        "price_kilo": 3.99,
        "slug": "crema-manos-q10-antiedad-3-en-1",
        "description": "Crema Manos Q10 Antiedad 3 en 1 100 ml",
        "image": "https:\/\/cdn-consum.aktiosdigitalservices.com\/tol\/consum\/media\/product\/img\/300x300\/7350643.jpg?t=20250208075859"
    },
    {
        "id": 23658,
        "name": "Desodorante Roll-On Natur Protect SANEX",
        "price": 2.25,
        "price_kilo": 4.5,
        "slug": "desodorante-roll-on-natur-protect",
        "description": "Desodorante Roll-On Natur Protect 50 ml",
        "image": "https:\/\/cdn-consum.aktiosdigitalservices.com\/tol\/consum\/media\/product\/img\/300x300\/7350986.jpg?t=20250227093340"
    },
    {
        "id": 23659,
        "name": "Desodorante Spray Natur Protect SANEX",
        "price": 3.39,
        "price_kilo": 1.7,
        "slug": "desodorante-spray-natur-protect",
        "description": "Desodorante Spray Natur Protect 200 ml",
        "image": "https:\/\/cdn-consum.aktiosdigitalservices.com\/tol\/consum\/media\/product\/img\/300x300\/7350994.jpg?t=20241217081158"
    },
    {
        "id": 23661,
        "name": "Barra de Labios 30 Mate Bricks MAYBELLINE",
        "price": 8.95,
        "price_kilo": 8.95,
        "slug": "barra-de-labios-30-mate-bricks",
        "description": "Barra de Labios 30 Mate Bricks 1 U",
        "image": "https:\/\/cdn-consum.aktiosdigitalservices.com\/tol\/consum\/media\/product\/img\/300x300\/7351083.jpg?t=20250311164615"
    },
    {
        "id": 23662,
        "name": "Plato Grande Cart\u00f3n 22 cm BETIK",
        "price": 1.89,
        "price_kilo": 0.09,
        "slug": "plato-grande-carton-22-cm",
        "description": "Plato Grande Cart\u00f3n 22 cm 20 U",
        "image": "https:\/\/cdn-consum.aktiosdigitalservices.com\/tol\/consum\/media\/product\/img\/300x300\/7351088.jpg?t=20250320080143"
    },
    {
        "id": 23665,
        "name": "Nata para Montar ASTURIANA",
        "price": 2.75,
        "price_kilo": 5.5,
        "slug": "nata-para-montar",
        "description": "Nata para Montar 500 ml - Refrigerada",
        "image": "https:\/\/cdn-consum.aktiosdigitalservices.com\/tol\/consum\/media\/product\/img\/300x300\/7351117.jpg?t=20250218080830"
    },
    {
        "id": 23668,
        "name": "Chopped Pork Mini ELPOZO",
        "price": 1.75,
        "price_kilo": 5.83,
        "slug": "chopped-pork-mini",
        "description": "Chopped Pork Mini 300 Gr",
        "image": "https:\/\/cdn-consum.aktiosdigitalservices.com\/tol\/consum\/media\/product\/img\/300x300\/7351377.jpg?t=20250227093344"
    },
    {
        "id": 23669,
        "name": "Concealer 25 Fit Me MAYBELLINE",
        "price": 5.95,
        "price_kilo": 5.95,
        "slug": "concealer-25-fit-me",
        "description": "Concealer 25 Fit Me 1 U",
        "image": "https:\/\/cdn-consum.aktiosdigitalservices.com\/tol\/consum\/media\/product\/img\/300x300\/7351398.jpg?t=20241217081159"
    },
    {
        "id": 23674,
        "name": "Eyeliner Hyper Easy MAYBELLINE",
        "price": 7.99,
        "price_kilo": 7.99,
        "slug": "eyeliner-hyper-easy",
        "description": "Eyeliner Hyper Easy 1 U",
        "image": "https:\/\/cdn-consum.aktiosdigitalservices.com\/tol\/consum\/media\/product\/img\/300x300\/7351690.jpg?t=20250311164615"
    },
    {
        "id": 23684,
        "name": "Lentejas IGP de Tierra de Campos CONSUM",
        "price": 2.45,
        "price_kilo": 4.9,
        "slug": "lentejas-igp-de-tierra-de-campos",
        "description": "Lentejas IGP de Tierra de Campos 500 Gr",
        "image": "https:\/\/cdn-consum.aktiosdigitalservices.com\/tol\/consum\/media\/product\/img\/300x300\/7316792.jpg?t=20250103081746"
    },
    {
        "id": 23685,
        "name": "Garbanzos IGP de Fuentesa\u00faco CONSUM",
        "price": 2.69,
        "price_kilo": 5.38,
        "slug": "garbanzos-igp-de-fuentesauco",
        "description": "Garbanzos IGP de Fuentesa\u00faco 500 Gr",
        "image": "https:\/\/cdn-consum.aktiosdigitalservices.com\/tol\/consum\/media\/product\/img\/300x300\/7316797.jpg?t=20250103081748"
    },
    {
        "id": 23688,
        "name": "Recambio Ambientador El\u00e9ctrico Vainilla CONSUM",
        "price": 1.7,
        "price_kilo": 1.7,
        "slug": "recambio-ambientador-electrico-vainilla",
        "description": "Recambio Ambientador El\u00e9ctrico Vainilla 1 U",
        "image": "https:\/\/cdn-consum.aktiosdigitalservices.com\/tol\/consum\/media\/product\/img\/300x300\/7331320.jpg?t=20241217081146"
    },
    {
        "id": 23689,
        "name": "Estropajo Salvau\u00f1as Superficies Delicadas CONSUM",
        "price": 0.75,
        "price_kilo": 0.25,
        "slug": "estropajo-salvaunas-superficies-delicadas",
        "description": "Estropajo Salvau\u00f1as Superficies Delicadas 3 U",
        "image": "https:\/\/cdn-consum.aktiosdigitalservices.com\/tol\/consum\/media\/product\/img\/300x300\/7332703.jpg?t=20241217081147"
    },
    {
        "id": 23690,
        "name": "Caramelo Mix Frutas sin Az\u00facar CONSUM",
        "price": 1.05,
        "price_kilo": 11.67,
        "slug": "caramelo-mix-frutas-sin-azucar",
        "description": "Caramelo Mix Frutas sin Az\u00facar 90 Gr",
        "image": "https:\/\/cdn-consum.aktiosdigitalservices.com\/tol\/consum\/media\/product\/img\/300x300\/7339737.jpg?t=20250311124902"
    },
    {
        "id": 23691,
        "name": "Caramelo Naranja - Lim\u00f3n CONSUM",
        "price": 1.15,
        "price_kilo": 7.67,
        "slug": "caramelo-naranja---limon",
        "description": "Caramelo Naranja - Lim\u00f3n 150 Gr",
        "image": "https:\/\/cdn-consum.aktiosdigitalservices.com\/tol\/consum\/media\/product\/img\/300x300\/7342306.jpg?t=20250319075921"
    },
    {
        "id": 23692,
        "name": "Film Resistente CONSUM",
        "price": 1.25,
        "price_kilo": 0.04,
        "slug": "film-resistente",
        "description": "Film Resistente 30 M",
        "image": "https:\/\/cdn-consum.aktiosdigitalservices.com\/tol\/consum\/media\/product\/img\/300x300\/7342426.jpg?t=20250312092802"
    },
    {
        "id": 23694,
        "name": "Tarrina Salted Caramel 460 Ml. HAAGEN DAZS",
        "price": 7.29,
        "price_kilo": 18.23,
        "slug": "tarrina-salted-caramel-460-ml",
        "description": "Tarrina Salted Caramel 460 Ml. 400 Gr",
        "image": "https:\/\/cdn-consum.aktiosdigitalservices.com\/tol\/consum\/media\/product\/img\/300x300\/7348498.jpg?t=20250218080817"
    },
    {
        "id": 23696,
        "name": "Bomb\u00f3n de Galletas Caramelizadas x3 LOTUS",
        "price": 4.49,
        "price_kilo": 17.96,
        "slug": "bombon-de-galletas-caramelizadas-x3",
        "description": "Bomb\u00f3n de Galletas Caramelizadas x3 250 Gr",
        "image": "https:\/\/cdn-consum.aktiosdigitalservices.com\/tol\/consum\/media\/product\/img\/300x300\/7349400.jpg?t=20250312160743"
    },
    {
        "id": 23699,
        "name": "S\u00e1ndwich Stick Oreo y Chocolate Milka OREO",
        "price": 5.75,
        "price_kilo": 28.19,
        "slug": "sandwich-stick-oreo-y-chocolate-milka",
        "description": "S\u00e1ndwich Stick Oreo y Chocolate Milka 204 Gr",
        "image": "https:\/\/cdn-consum.aktiosdigitalservices.com\/tol\/consum\/media\/product\/img\/300x300\/7349744.jpg?t=20250312125737"
    },
    {
        "id": 23707,
        "name": "Dent\u00edfrico Triple Acci\u00f3n COLGATE",
        "price": 2.15,
        "price_kilo": 2.15,
        "slug": "dentifrico-triple-accion",
        "description": "Dent\u00edfrico Triple Acci\u00f3n 100 ml",
        "image": "https:\/\/cdn-consum.aktiosdigitalservices.com\/tol\/consum\/media\/product\/img\/300x300\/7350960.jpg?t=20250312092804"
    },
    {
        "id": 23711,
        "name": "Pan de S\u00e9samo Wasa WASA",
        "price": 2.45,
        "price_kilo": 12.25,
        "slug": "pan-de-sesamo-wasa",
        "description": "Pan de S\u00e9samo Wasa 200 Gr",
        "image": "https:\/\/cdn-consum.aktiosdigitalservices.com\/tol\/consum\/media\/product\/img\/300x300\/7351112.jpg?t=20250311111210"
    },
    {
        "id": 23712,
        "name": "Maquillaje Mate 332 Fit Me MAYBELLINE",
        "price": 7,
        "price_kilo": 7,
        "slug": "maquillaje-mate-332-fit-me",
        "description": "Maquillaje Mate 332 Fit Me 1 U",
        "image": "https:\/\/cdn-consum.aktiosdigitalservices.com\/tol\/consum\/media\/product\/img\/300x300\/7351328.jpg?t=20241217081159"
    },
    {
        "id": 23713,
        "name": "Maquillaje Mate 118 Fit Me MAYBELLINE",
        "price": 7,
        "price_kilo": 7,
        "slug": "maquillaje-mate-118-fit-me",
        "description": "Maquillaje Mate 118 Fit Me 1 U",
        "image": "https:\/\/cdn-consum.aktiosdigitalservices.com\/tol\/consum\/media\/product\/img\/300x300\/7351331.jpg?t=20250311164615"
    },
    {
        "id": 23717,
        "name": "Queso sin Lactosa Porciones VACA QUE RIE",
        "price": 2.03,
        "price_kilo": 16.92,
        "slug": "queso-sin-lactosa-porciones",
        "description": "Queso sin Lactosa Porciones 120 Gr",
        "image": "https:\/\/cdn-consum.aktiosdigitalservices.com\/tol\/consum\/media\/product\/img\/300x300\/7351380.jpg?t=20250103081958"
    },
    {
        "id": 23722,
        "name": "Caj\u00f3n Gin Fresa GIN ROSEE",
        "price": 8.29,
        "price_kilo": 20.73,
        "slug": "cajon-gin-fresa",
        "description": "Caj\u00f3n Gin Fresa 0,4 L",
        "image": "https:\/\/cdn-consum.aktiosdigitalservices.com\/tol\/consum\/media\/product\/img\/300x300\/7351609.jpg?t=20250227093346"
    },
    {
        "id": 23726,
        "name": "Vino Tinto Bobal D.O.Utiel Requena CEPAS VIEJAS",
        "price": 6.69,
        "price_kilo": 8.92,
        "slug": "vino-tinto-bobal-doutiel-requena",
        "description": "Vino Tinto Bobal D.O.Utiel Requena 0,75 L",
        "image": "https:\/\/cdn-consum.aktiosdigitalservices.com\/tol\/consum\/media\/product\/img\/300x300\/7351773.jpg?t=20250227093348"
    },
    {
        "id": 23731,
        "name": "Gelatina Fresa ROYAL",
        "price": 2.85,
        "price_kilo": 25,
        "slug": "gelatina-fresa",
        "description": "Gelatina Fresa 114 Gr",
        "image": "https:\/\/cdn-consum.aktiosdigitalservices.com\/tol\/consum\/media\/product\/img\/300x300\/7351880.jpg?t=20250311111215"
    },
    {
        "id": 23732,
        "name": "Vino Blanco Verdejo D.O.Rueda OINOZ",
        "price": 6.99,
        "price_kilo": 9.32,
        "slug": "vino-blanco-verdejo-dorueda",
        "description": "Vino Blanco Verdejo D.O.Rueda 0,75 L",
        "image": "https:\/\/cdn-consum.aktiosdigitalservices.com\/tol\/consum\/media\/product\/img\/300x300\/7351893.jpg?t=20250311124941"
    },
    {
        "id": 23734,
        "name": "Vino Tinto Crianza D.O.Valencia MALA VIDA",
        "price": 5.99,
        "price_kilo": 7.99,
        "slug": "vino-tinto-crianza-dovalencia",
        "description": "Vino Tinto Crianza D.O.Valencia 0,75 L",
        "image": "https:\/\/cdn-consum.aktiosdigitalservices.com\/tol\/consum\/media\/product\/img\/300x300\/7351901.jpg?t=20250311124943"
    },
    {
        "id": 23735,
        "name": "Vino Blanco D.O.Valencia MALA VIDA",
        "price": 5.99,
        "price_kilo": 7.99,
        "slug": "vino-blanco-dovalencia",
        "description": "Vino Blanco D.O.Valencia 0,75 L",
        "image": "https:\/\/cdn-consum.aktiosdigitalservices.com\/tol\/consum\/media\/product\/img\/300x300\/7351906.jpg?t=20250311124944"
    },
    {
        "id": 23738,
        "name": "Salpic\u00f3n de Marisco ANGOMAR",
        "price": 3.49,
        "price_kilo": 13.96,
        "slug": "salpicon-de-marisco",
        "description": "Salpic\u00f3n de Marisco 250 Gr",
        "image": "https:\/\/cdn-consum.aktiosdigitalservices.com\/tol\/consum\/media\/product\/img\/300x300\/7351992.jpg?t=20250312160746"
    },
    {
        "id": 23745,
        "name": "Briox Trenzado MUSFI'S",
        "price": 3.09,
        "price_kilo": 7.73,
        "slug": "briox-trenzado",
        "description": "Briox Trenzado 400 Gr",
        "image": "https:\/\/cdn-consum.aktiosdigitalservices.com\/tol\/consum\/media\/product\/img\/300x300\/7352248.jpg?t=20250313080717"
    },
    {
        "id": 23748,
        "name": "Bollycao Cacao Pack 4 Unidades BIMBO",
        "price": 2.79,
        "price_kilo": 14.53,
        "slug": "bollycao-cacao-pack-4-unidades",
        "description": "Bollycao Cacao Pack 4 Unidades 192 Gr",
        "image": "https:\/\/cdn-consum.aktiosdigitalservices.com\/tol\/consum\/media\/product\/img\/300x300\/7352537.jpg?t=20250321075931"
    },
    {
        "id": 23752,
        "name": "Jam\u00f3n Asado Ahumado 92% Carne TELLO",
        "price": 18.9,
        "price_kilo": 18.9,
        "slug": "jamon-asado-ahumado-92-carne",
        "description": "Jam\u00f3n Asado Ahumado 92% Carne",
        "image": "https:\/\/cdn-consum.aktiosdigitalservices.com\/tol\/consum\/media\/product\/img\/300x300\/7078061.jpg?t=20250321075746"
    },
    {
        "id": 23753,
        "name": "Jam\u00f3n y Pechuga Pavo Trufa 0,5% Boletus 1,2% ELPOZO 1954",
        "price": 14.5,
        "price_kilo": 14.5,
        "slug": "jamon-y-pechuga-pavo-trufa-05-boletus-12",
        "description": "Jam\u00f3n y Pechuga Pavo Trufa 0,5% Boletus 1,2%",
        "image": "https:\/\/cdn-consum.aktiosdigitalservices.com\/tol\/consum\/media\/product\/img\/300x300\/7293699.jpg?t=20250315075825"
    },
    {
        "id": 23754,
        "name": "Refresco Tropical sin Gas CONSUM",
        "price": 1.2,
        "price_kilo": 0.8,
        "slug": "refresco-tropical-sin-gas",
        "description": "Refresco Tropical sin Gas 1,5 L",
        "image": "https:\/\/cdn-consum.aktiosdigitalservices.com\/tol\/consum\/media\/product\/img\/300x300\/7338502.jpg?t=20250312092802"
    },
    {
        "id": 23755,
        "name": "Yogur 00% Natural Pack de 4 Unidades CONSUM",
        "price": 0.7,
        "price_kilo": 1.4,
        "slug": "yogur-00-natural-pack-de-4-unidades",
        "description": "Yogur 00% Natural Pack de 4 Unidades 4 x 125 Gr",
        "image": "https:\/\/cdn-consum.aktiosdigitalservices.com\/tol\/consum\/media\/product\/img\/300x300\/7340870.jpg?t=20250312125712"
    },
    {
        "id": 23759,
        "name": "Champ\u00fa Perro Yorkshire MI MASCOTA",
        "price": 3.19,
        "price_kilo": 10.63,
        "slug": "champu-perro-yorkshire",
        "description": "Champ\u00fa Perro Yorkshire 300 ml",
        "image": "https:\/\/cdn-consum.aktiosdigitalservices.com\/tol\/consum\/media\/product\/img\/300x300\/7350580.jpg?t=20250304115735"
    },
    {
        "id": 23762,
        "name": "Muesli Crujiente sin Az\u00facar CERID\u00c9S",
        "price": 1.99,
        "price_kilo": 3.98,
        "slug": "muesli-crujiente-sin-azucar",
        "description": "Muesli Crujiente sin Az\u00facar 500 Gr",
        "image": "https:\/\/cdn-consum.aktiosdigitalservices.com\/tol\/consum\/media\/product\/img\/300x300\/7351000.jpg?t=20250311111202"
    },
    {
        "id": 23763,
        "name": "Taco Lomo 100% Natural 50% Duroc LA HOGUERA",
        "price": 8.19,
        "price_kilo": 19.9,
        "slug": "taco-lomo-100-natural-50-duroc",
        "description": "Taco Lomo 100% Natural 50% Duroc",
        "image": "https:\/\/cdn-consum.aktiosdigitalservices.com\/tol\/consum\/media\/product\/img\/300x300\/7351393.jpg?t=20250321075929"
    },
    {
        "id": 23765,
        "name": "Fideos Arco Iris Frasco VAHIN\u00c9",
        "price": 2.25,
        "price_kilo": 31.69,
        "slug": "fideos-arco-iris-frasco",
        "description": "Fideos Arco Iris Frasco 71 Gr",
        "image": "https:\/\/cdn-consum.aktiosdigitalservices.com\/tol\/consum\/media\/product\/img\/300x300\/7351489.jpg?t=20250311111212"
    },
    {
        "id": 23766,
        "name": "Champ\u00fa en Seco Cherry BATISTE",
        "price": 3.25,
        "price_kilo": 1.63,
        "slug": "champu-en-seco-cherry",
        "description": "Champ\u00fa en Seco Cherry 200 ml",
        "image": "https:\/\/cdn-consum.aktiosdigitalservices.com\/tol\/consum\/media\/product\/img\/300x300\/7351757.jpg?t=20241217081159"
    },
    {
        "id": 23767,
        "name": "Champ\u00fa en Seco Original BATISTE",
        "price": 3.25,
        "price_kilo": 1.63,
        "slug": "champu-en-seco-original",
        "description": "Champ\u00fa en Seco Original 200 ml",
        "image": "https:\/\/cdn-consum.aktiosdigitalservices.com\/tol\/consum\/media\/product\/img\/300x300\/7351760.jpg?t=20241217081159"
    },
    {
        "id": 23787,
        "name": "Whisky Nacional DYC",
        "price": 15.55,
        "price_kilo": 15.55,
        "slug": "whisky-nacional",
        "description": "Whisky Nacional 1 L",
        "image": "https:\/\/cdn-consum.aktiosdigitalservices.com\/tol\/consum\/media\/product\/img\/300x300\/7352891.jpg?t=20250227093403"
    },
    {
        "id": 23793,
        "name": "Yogur 00% Natural Edulcorado 4 Unidades CONSUM",
        "price": 0.7,
        "price_kilo": 1.4,
        "slug": "yogur-00-natural-edulcorado-4-unidades",
        "description": "Yogur 00% Natural Edulcorado 4 Unidades 4 x 125 Gr",
        "image": "https:\/\/cdn-consum.aktiosdigitalservices.com\/tol\/consum\/media\/product\/img\/300x300\/7340867.jpg?t=20250312125710"
    },
    {
        "id": 23802,
        "name": "Toallitas H\u00famedas Beb\u00e9 Ecol\u00f3gicas SALUSTAR",
        "price": 2.39,
        "price_kilo": 0.04,
        "slug": "toallitas-humedas-bebe-ecologicas",
        "description": "Toallitas H\u00famedas Beb\u00e9 Ecol\u00f3gicas 60 U",
        "image": "https:\/\/cdn-consum.aktiosdigitalservices.com\/tol\/consum\/media\/product\/img\/300x300\/7352040.jpg?t=20250227093357"
    },
    {
        "id": 23808,
        "name": "Alubias Blancas Largas GUTARRA",
        "price": 1.75,
        "price_kilo": 4.38,
        "slug": "alubias-blancas-largas",
        "description": "Alubias Blancas Largas Calidad Extra Frasco 400 Gr",
        "image": "https:\/\/cdn-consum.aktiosdigitalservices.com\/tol\/consum\/media\/product\/img\/300x300\/7352230.jpg?t=20250227093358"
    },
    {
        "id": 23810,
        "name": "Casarecce Paquete GAROFALO",
        "price": 1.79,
        "price_kilo": 3.58,
        "slug": "casarecce-paquete",
        "description": "Casarecce Paquete 500 Gr",
        "image": "https:\/\/cdn-consum.aktiosdigitalservices.com\/tol\/consum\/media\/product\/img\/300x300\/7352631.jpg?t=20250220080743"
    },
    {
        "id": 23811,
        "name": "Linguine N.13 Caja BARILLA",
        "price": 1.69,
        "price_kilo": 3.38,
        "slug": "linguine-n13-caja",
        "description": "Linguine N.13 Caja 500 Gr",
        "image": "https:\/\/cdn-consum.aktiosdigitalservices.com\/tol\/consum\/media\/product\/img\/300x300\/7352649.jpg?t=20250220080745"
    },
    {
        "id": 23818,
        "name": "Infusi\u00f3n Fruit All sin Te\u00edna 20 Bolsitas POMPADOUR",
        "price": 2.79,
        "price_kilo": 0.14,
        "slug": "infusion-fruit-all-sin-teina-20-bolsitas",
        "description": "Infusi\u00f3n Fruit All sin Te\u00edna 20 Bolsitas 20 U",
        "image": "https:\/\/cdn-consum.aktiosdigitalservices.com\/tol\/consum\/media\/product\/img\/300x300\/7353188.jpg?t=20250311134226"
    },
    {
        "id": 23820,
        "name": "Leche Semidesnatada Botella ASTURIANA",
        "price": 2.32,
        "price_kilo": 1.06,
        "slug": "leche-semidesnatada-botella",
        "description": "Leche Semidesnatada Botella 2,2 L",
        "image": "https:\/\/cdn-consum.aktiosdigitalservices.com\/tol\/consum\/media\/product\/img\/300x300\/7353290.jpg?t=20250312092804"
    },
    {
        "id": 23824,
        "name": "Yogur Natural Pack de 4 Unidades CONSUM",
        "price": 0.75,
        "price_kilo": 1.5,
        "slug": "yogur-natural-pack-de-4-unidades",
        "description": "Yogur Natural Pack de 4 Unidades 4 x 125 Gr",
        "image": "https:\/\/cdn-consum.aktiosdigitalservices.com\/tol\/consum\/media\/product\/img\/300x300\/7340888.jpg?t=20241223080309"
    },
    {
        "id": 23825,
        "name": "Yogur Natural Azucarado Pack 4 Unidades CONSUM",
        "price": 0.75,
        "price_kilo": 1.5,
        "slug": "yogur-natural-azucarado-pack-4-unidades",
        "description": "Yogur Natural Azucarado Pack 4 Unidades 4 x 125 Gr",
        "image": "https:\/\/cdn-consum.aktiosdigitalservices.com\/tol\/consum\/media\/product\/img\/300x300\/7340891.jpg?t=20241223080310"
    },
    {
        "id": 23828,
        "name": "Bebida Energ\u00e9tica Mango Loco Lata MONSTER",
        "price": 1.79,
        "price_kilo": 3.58,
        "slug": "bebida-energetica-mango-loco-lata",
        "description": "Bebida Energ\u00e9tica Mango Loco Lata 0,5 L",
        "image": "https:\/\/cdn-consum.aktiosdigitalservices.com\/tol\/consum\/media\/product\/img\/300x300\/7351781.jpg?t=20250320080148"
    },
    {
        "id": 23829,
        "name": "Postre de Macedonia Pack 2 Unidades ANELA",
        "price": 1.4,
        "price_kilo": 7,
        "slug": "postre-de-macedonia-pack-2-unidades",
        "description": "Postre de Macedonia Pack 2 Unidades 2 x 100 Gr",
        "image": "https:\/\/cdn-consum.aktiosdigitalservices.com\/tol\/consum\/media\/product\/img\/300x300\/7351885.jpg?t=20250311134222"
    },
    {
        "id": 23834,
        "name": "Colonia Pour Homme N\u00ba60 CARAVAN",
        "price": 10.95,
        "price_kilo": 7.3,
        "slug": "colonia-pour-homme-n60",
        "description": "Colonia Pour Homme N\u00ba60 150 ml",
        "image": "https:\/\/cdn-consum.aktiosdigitalservices.com\/tol\/consum\/media\/product\/img\/300x300\/7352735.jpg?t=20241217081200"
    },
    {
        "id": 23850,
        "name": "Coliflor Granel ",
        "price": 2.93,
        "price_kilo": 1.99,
        "slug": "coliflor-granel",
        "description": "Coliflor Granel",
        "image": "https:\/\/cdn-consum.aktiosdigitalservices.com\/tol\/consum\/media\/product\/img\/300x300\/7353840.jpg?t=20250322080002"
    },
    {
        "id": 23851,
        "name": "Limpiador Desinfectante Pistola Multiusos ASEVI",
        "price": 2.5,
        "price_kilo": 3.33,
        "slug": "limpiador-desinfectante-pistola-multiusos",
        "description": "Limpiador Desinfectante Pistola Multiusos 750 ml",
        "image": "https:\/\/cdn-consum.aktiosdigitalservices.com\/tol\/consum\/media\/product\/img\/300x300\/7353852.jpg?t=20250222075922"
    },
    {
        "id": 23853,
        "name": "Yogur 00% Sabor Fresa Pack de 4 Unidades CONSUM",
        "price": 0.9,
        "price_kilo": 1.8,
        "slug": "yogur-00-sabor-fresa-pack-de-4-unidades",
        "description": "Yogur 00% Sabor Fresa Pack de 4 Unidades 4 x 125 Gr",
        "image": "https:\/\/cdn-consum.aktiosdigitalservices.com\/tol\/consum\/media\/product\/img\/300x300\/7340875.jpg?t=20241223080305"
    },
    {
        "id": 23854,
        "name": "Yogur 00% Sabor Lim\u00f3n Pack de 4 Unidades CONSUM",
        "price": 0.9,
        "price_kilo": 1.8,
        "slug": "yogur-00-sabor-limon-pack-de-4-unidades",
        "description": "Yogur 00% Sabor Lim\u00f3n Pack de 4 Unidades 4 x 125 Gr",
        "image": "https:\/\/cdn-consum.aktiosdigitalservices.com\/tol\/consum\/media\/product\/img\/300x300\/7340883.jpg?t=20241223080307"
    },
    {
        "id": 23855,
        "name": "Yogur Sabor Fresa Pack 4 Unidades CONSUM",
        "price": 0.75,
        "price_kilo": 1.5,
        "slug": "yogur-sabor-fresa-pack-4-unidades",
        "description": "Yogur Sabor Fresa Pack 4 Unidades 4 x 125 Gr",
        "image": "https:\/\/cdn-consum.aktiosdigitalservices.com\/tol\/consum\/media\/product\/img\/300x300\/7340896.jpg?t=20250312125715"
    },
    {
        "id": 23856,
        "name": "Yogur Sabor Macedonia Pack de 4 Unidades CONSUM",
        "price": 0.75,
        "price_kilo": 1.5,
        "slug": "yogur-sabor-macedonia-pack-de-4-unidades",
        "description": "Yogur Sabor Macedonia Pack de 4 Unidades 4 x 125 Gr",
        "image": "https:\/\/cdn-consum.aktiosdigitalservices.com\/tol\/consum\/media\/product\/img\/300x300\/7340904.jpg?t=20250312125718"
    },
    {
        "id": 23857,
        "name": "Yogur Sabor Coco Pack de 4 Unidades CONSUM",
        "price": 0.75,
        "price_kilo": 1.5,
        "slug": "yogur-sabor-coco-pack-de-4-unidades",
        "description": "Yogur Sabor Coco Pack de 4 Unidades 4 x 125 Gr",
        "image": "https:\/\/cdn-consum.aktiosdigitalservices.com\/tol\/consum\/media\/product\/img\/300x300\/7340909.jpg?t=20250312125720"
    },
    {
        "id": 23858,
        "name": "Yogur Sabor Lim\u00f3n Pack de 4 Unidades CONSUM",
        "price": 0.75,
        "price_kilo": 1.5,
        "slug": "yogur-sabor-limon-pack-de-4-unidades",
        "description": "Yogur Sabor Lim\u00f3n Pack de 4 Unidades 4 x 125 Gr",
        "image": "https:\/\/cdn-consum.aktiosdigitalservices.com\/tol\/consum\/media\/product\/img\/300x300\/7340912.jpg?t=20250312125722"
    },
    {
        "id": 23859,
        "name": "Cono Extreme Doble Chocolate Pack de 6 NESTLE",
        "price": 4.99,
        "price_kilo": 11.24,
        "slug": "cono-extreme-doble-chocolate-pack-de-6",
        "description": "Cono Extreme Doble Chocolate Pack de 6 444 Gr",
        "image": "https:\/\/cdn-consum.aktiosdigitalservices.com\/tol\/consum\/media\/product\/img\/300x300\/7349715.jpg?t=20250318080408"
    },
    {
        "id": 23860,
        "name": "Cono Extreme Doble Vainilla Pack de 6 NESTLE",
        "price": 4.99,
        "price_kilo": 11.88,
        "slug": "cono-extreme-doble-vainilla-pack-de-6",
        "description": "Cono Extreme Doble Vainilla Pack de 6 420 Gr",
        "image": "https:\/\/cdn-consum.aktiosdigitalservices.com\/tol\/consum\/media\/product\/img\/300x300\/7349723.jpg?t=20250205080440"
    },
    {
        "id": 23861,
        "name": "Mini Conos de Vainilla s\/Az\u00facar 8 Unidades NESTLE",
        "price": 6.99,
        "price_kilo": 22.4,
        "slug": "mini-conos-de-vainilla-s-azucar-8-unidades",
        "description": "Mini Conos de Vainilla s\/Az\u00facar 8 Unidades 312 Gr",
        "image": "https:\/\/cdn-consum.aktiosdigitalservices.com\/tol\/consum\/media\/product\/img\/300x300\/7349731.jpg?t=20250315075842"
    },
    {
        "id": 23864,
        "name": "Molinillo Sal Negra Frasco TOQUE",
        "price": 2.25,
        "price_kilo": 22.5,
        "slug": "molinillo-sal-negra-frasco",
        "description": "Molinillo Sal Negra Frasco 100 Gr",
        "image": "https:\/\/cdn-consum.aktiosdigitalservices.com\/tol\/consum\/media\/product\/img\/300x300\/7352235.jpg?t=20250311134224"
    },
    {
        "id": 23865,
        "name": "Colonia Pour Femme N\u00ba81 CARAVAN",
        "price": 10.95,
        "price_kilo": 7.3,
        "slug": "colonia-pour-femme-n81",
        "description": "Colonia Pour Femme N\u00ba81 150 ml",
        "image": "https:\/\/cdn-consum.aktiosdigitalservices.com\/tol\/consum\/media\/product\/img\/300x300\/7352615.jpg?t=20241217081200"
    },
    {
        "id": 23880,
        "name": "Queso Bola Edam Tierno Holand\u00e9s Cu\u00f1a ROYAL ORANGE",
        "price": 2.92,
        "price_kilo": 9.42,
        "slug": "queso-bola-edam-tierno-holandes-cuna",
        "description": "Queso Bola Edam Tierno Holand\u00e9s Cu\u00f1a 310 Gr",
        "image": "https:\/\/cdn-consum.aktiosdigitalservices.com\/tol\/consum\/media\/product\/img\/300x300\/7354053.jpg?t=20250131075933"
    },
    {
        "id": 23894,
        "name": "Queso Cabra Pell Florida L.Pasteurizada Maestraz CATI",
        "price": 26.9,
        "price_kilo": 26.9,
        "slug": "queso-cabra-pell-florida-lpasteurizada-maestraz",
        "description": "Queso Cabra Pell Florida L.Pasteurizada Maestraz",
        "image": "https:\/\/cdn-consum.aktiosdigitalservices.com\/tol\/consum\/media\/product\/img\/300x300\/7198716.jpg?t=20250301075819"
    },
    {
        "id": 23895,
        "name": "Queso Oveja Tierno Leche Pasteurizada V.SOTUELAMOS",
        "price": 17.16,
        "price_kilo": 17.16,
        "slug": "queso-oveja-tierno-leche-pasteurizada",
        "description": "Queso Oveja Tierno Leche Pasteurizada",
        "image": "https:\/\/cdn-consum.aktiosdigitalservices.com\/tol\/consum\/media\/product\/img\/300x300\/7199367.jpg?t=20250318080105"
    },
    {
        "id": 23902,
        "name": "Queso Cabrales D.O.P Leche Cruda de Vaca EL MOLIN",
        "price": 24.5,
        "price_kilo": 24.5,
        "slug": "queso-cabrales-dop-leche-cruda-de-vaca",
        "description": "Queso Cabrales D.O.P Leche Cruda de Vaca",
        "image": "https:\/\/cdn-consum.aktiosdigitalservices.com\/tol\/consum\/media\/product\/img\/300x300\/7232817.jpg?t=20250301075837"
    },
    {
        "id": 23909,
        "name": "Queso Oveja-Cabra A\u00f1ejo Leche  Cruda 12 Meses CARMEN",
        "price": 21.9,
        "price_kilo": 21.9,
        "slug": "queso-oveja-cabra-anejo-leche-cruda-12-meses",
        "description": "Queso Oveja-Cabra A\u00f1ejo Leche  Cruda 12 Meses",
        "image": "https:\/\/cdn-consum.aktiosdigitalservices.com\/tol\/consum\/media\/product\/img\/300x300\/7284359.jpg?t=20250304111541"
    },
    {
        "id": 23912,
        "name": "Queso Rulo Papaya(27%) L.Pasteurizada Cabr-Vac GRANJA RINYA",
        "price": 16.5,
        "price_kilo": 16.5,
        "slug": "queso-rulo-papaya27-lpasteurizada-cabr-vac",
        "description": "Queso Rulo Papaya(27%) L.Pasteurizada Cabr-Vac",
        "image": "https:\/\/cdn-consum.aktiosdigitalservices.com\/tol\/consum\/media\/product\/img\/300x300\/7289072.jpg?t=20250103081532"
    },
    {
        "id": 23913,
        "name": "Q. Oveja Pasta Blanda Leche Pasteurizada GRANJA RINYA",
        "price": 18.62,
        "price_kilo": 18.62,
        "slug": "q-oveja-pasta-blanda-leche-pasteurizada",
        "description": "Q. Oveja Pasta Blanda Leche Pasteurizada",
        "image": "https:\/\/cdn-consum.aktiosdigitalservices.com\/tol\/consum\/media\/product\/img\/300x300\/7289077.jpg?t=20250321075918"
    },
    {
        "id": 23924,
        "name": "Queso Mah\u00f3n DOP Vaca Leche Cruda Semicurado SA NAVETA",
        "price": 17.59,
        "price_kilo": 17.59,
        "slug": "queso-mahon-dop-vaca-leche-cruda-semicurado",
        "description": "Queso Mah\u00f3n DOP Vaca Leche Cruda Semicurado",
        "image": "https:\/\/cdn-consum.aktiosdigitalservices.com\/tol\/consum\/media\/product\/img\/300x300\/7317852.jpg?t=20250304112109"
    },
    {
        "id": 23925,
        "name": "Queso Idiazabal DOP Leche Cruda de Oveja BELAI",
        "price": 26.5,
        "price_kilo": 26.5,
        "slug": "queso-idiazabal-dop-leche-cruda-de-oveja",
        "description": "Queso Idiazabal DOP Leche Cruda de Oveja",
        "image": "https:\/\/cdn-consum.aktiosdigitalservices.com\/tol\/consum\/media\/product\/img\/300x300\/7317964.jpg?t=20250322075953"
    },
    {
        "id": 23927,
        "name": "Tinto de Verano Cl\u00e1sico Lata LA CASERA",
        "price": 0.92,
        "price_kilo": 2.79,
        "slug": "tinto-de-verano-clasico-lata",
        "description": "Tinto de Verano Cl\u00e1sico Lata 330 ml",
        "image": "https:\/\/cdn-consum.aktiosdigitalservices.com\/tol\/consum\/media\/product\/img\/300x300\/7318033.jpg?t=20250201080001"
    },
    {
        "id": 23938,
        "name": "Batido de Chocolate 90% Leche Pack de 6 CONSUM",
        "price": 1.7,
        "price_kilo": 1.42,
        "slug": "batido-de-chocolate-90-leche-pack-de-6",
        "description": "Batido de Chocolate 90% Leche Pack de 6 6 x 200 ml",
        "image": "https:\/\/cdn-consum.aktiosdigitalservices.com\/tol\/consum\/media\/product\/img\/300x300\/7345494.jpg?t=20250312092803"
    },
    {
        "id": 23941,
        "name": "Vino Tinto Reserva D.O.Ribera del Duero PROTOS",
        "price": 30.5,
        "price_kilo": 40.67,
        "slug": "vino-tinto-reserva-doribera-del-duero",
        "description": "Vino Tinto Reserva D.O.Ribera del Duero 0,75 L",
        "image": "https:\/\/cdn-consum.aktiosdigitalservices.com\/tol\/consum\/media\/product\/img\/300x300\/7346252.jpg?t=20250311124924"
    },
    {
        "id": 23944,
        "name": "Cerveza sin Filtrar Lata EL \u00c1GUILA",
        "price": 0.99,
        "price_kilo": 3,
        "slug": "cerveza-sin-filtrar-lata",
        "description": "Cerveza sin Filtrar Lata 0,33 L",
        "image": "https:\/\/cdn-consum.aktiosdigitalservices.com\/tol\/consum\/media\/product\/img\/300x300\/7346807.jpg?t=20250312125734"
    },
    {
        "id": 23960,
        "name": "Colonia Mini Mujer N\u00ba21 CARAVAN",
        "price": 3.5,
        "price_kilo": 11.67,
        "slug": "colonia-mini-mujer-n21",
        "description": "Colonia Mini Mujer N\u00ba21 30 ml",
        "image": "https:\/\/cdn-consum.aktiosdigitalservices.com\/tol\/consum\/media\/product\/img\/300x300\/7351849.jpg?t=20241217081159"
    },
    {
        "id": 23962,
        "name": "Colonia Mini Mujer N\u00ba28 CARAVAN",
        "price": 3.5,
        "price_kilo": 11.67,
        "slug": "colonia-mini-mujer-n28",
        "description": "Colonia Mini Mujer N\u00ba28 30 ml",
        "image": "https:\/\/cdn-consum.aktiosdigitalservices.com\/tol\/consum\/media\/product\/img\/300x300\/7351869.jpg?t=20241217081159"
    },
    {
        "id": 23963,
        "name": "Colonia Mini Mujer N\u00ba36 CARAVAN",
        "price": 3.5,
        "price_kilo": 11.67,
        "slug": "colonia-mini-mujer-n36",
        "description": "Colonia Mini Mujer N\u00ba36 30 ml",
        "image": "https:\/\/cdn-consum.aktiosdigitalservices.com\/tol\/consum\/media\/product\/img\/300x300\/7351872.jpg?t=20241217081159"
    },
    {
        "id": 23964,
        "name": "Colonia Mini Mujer N\u00ba80 CARAVAN",
        "price": 3.5,
        "price_kilo": 11.67,
        "slug": "colonia-mini-mujer-n80",
        "description": "Colonia Mini Mujer N\u00ba80 30 ml",
        "image": "https:\/\/cdn-consum.aktiosdigitalservices.com\/tol\/consum\/media\/product\/img\/300x300\/7351877.jpg?t=20241217081159"
    },
    {
        "id": 23978,
        "name": "Colonia Mini Hombre N\u00ba57 CARAVAN",
        "price": 3.5,
        "price_kilo": 11.67,
        "slug": "colonia-mini-hombre-n57",
        "description": "Colonia Mini Hombre N\u00ba57 30 ml",
        "image": "https:\/\/cdn-consum.aktiosdigitalservices.com\/tol\/consum\/media\/product\/img\/300x300\/7352099.jpg?t=20241217081159"
    },
    {
        "id": 23980,
        "name": "Insecticida El\u00e9ctrico M&M Max Recambio BLOOM",
        "price": 8.9,
        "price_kilo": 4.45,
        "slug": "insecticida-electrico-mm-max-recambio",
        "description": "Insecticida El\u00e9ctrico M&M Max Recambio 2 U",
        "image": "https:\/\/cdn-consum.aktiosdigitalservices.com\/tol\/consum\/media\/product\/img\/300x300\/7352362.jpg?t=20250320080150"
    },
    {
        "id": 23985,
        "name": "Esp\u00e1rrago Verde congelado VERLEAL",
        "price": 4.64,
        "price_kilo": 15.47,
        "slug": "esparrago-verde-congelado",
        "description": "Esp\u00e1rrago Verde congelado 300 Gr",
        "image": "https:\/\/cdn-consum.aktiosdigitalservices.com\/tol\/consum\/media\/product\/img\/300x300\/7352438.jpg?t=20250318080944"
    },
    {
        "id": 23986,
        "name": "Oh My Bites! Pizza Snacks Horneados VELARTE",
        "price": 0.94,
        "price_kilo": 11.75,
        "slug": "oh-my-bites-pizza-snacks-horneados",
        "description": "Oh My Bites! Pizza Snacks Horneados 80 Gr",
        "image": "https:\/\/cdn-consum.aktiosdigitalservices.com\/tol\/consum\/media\/product\/img\/300x300\/7352503.jpg?t=20250311111222"
    },
    {
        "id": 23993,
        "name": "Cacao Soluble 0% Bolsa COLA CAO",
        "price": 5.29,
        "price_kilo": 10.58,
        "slug": "cacao-soluble-0-bolsa",
        "description": "Cacao Soluble 0% Bolsa 500 Gr",
        "image": "https:\/\/cdn-consum.aktiosdigitalservices.com\/tol\/consum\/media\/product\/img\/300x300\/7352763.jpg?t=20250311111227"
    },
    {
        "id": 23995,
        "name": "Queso de Cabra Curado con Leche Pasteurizada CAPRILLICE",
        "price": 24.5,
        "price_kilo": 24.5,
        "slug": "queso-de-cabra-curado-con-leche-pasteurizada",
        "description": "Queso de Cabra Curado con Leche Pasteurizada",
        "image": "https:\/\/cdn-consum.aktiosdigitalservices.com\/tol\/consum\/media\/product\/img\/300x300\/7353014.jpg?t=20250303075843"
    },
    {
        "id": 24009,
        "name": "C\u00e1psulas Vitamina C NATURTIERRA",
        "price": 3.99,
        "price_kilo": 39.9,
        "slug": "capsulas-vitamina-c",
        "description": "C\u00e1psulas Vitamina C 1000 Gr",
        "image": "https:\/\/cdn-consum.aktiosdigitalservices.com\/tol\/consum\/media\/product\/img\/300x300\/7354223.jpg?t=20241217081202"
    },
    {
        "id": 24023,
        "name": "Alubia Cocida Frasco LOZANO",
        "price": 0.85,
        "price_kilo": 4.05,
        "slug": "alubia-cocida-frasco",
        "description": "Alubia Cocida Frasco 210 Gr",
        "image": "https:\/\/cdn-consum.aktiosdigitalservices.com\/tol\/consum\/media\/product\/img\/300x300\/7354426.jpg?t=20241217081202"
    },
    {
        "id": 24024,
        "name": "Lenteja Cocida Frasco LOZANO",
        "price": 0.85,
        "price_kilo": 4.05,
        "slug": "lenteja-cocida-frasco",
        "description": "Lenteja Cocida Frasco 210 Gr",
        "image": "https:\/\/cdn-consum.aktiosdigitalservices.com\/tol\/consum\/media\/product\/img\/300x300\/7354439.jpg?t=20241217081202"
    },
    {
        "id": 24030,
        "name": "Ajo Picado congelado VERLEAL",
        "price": 1.68,
        "price_kilo": 13.44,
        "slug": "ajo-picado-congelado",
        "description": "Ajo Picado congelado 125 Gr",
        "image": "https:\/\/cdn-consum.aktiosdigitalservices.com\/tol\/consum\/media\/product\/img\/300x300\/7354665.jpg?t=20250103082015"
    },
    {
        "id": 24031,
        "name": "Vino Tinto Roble D.O.Somontano VINITIUM",
        "price": 4.85,
        "price_kilo": 6.47,
        "slug": "vino-tinto-roble-dosomontano",
        "description": "Vino Tinto Roble D.O.Somontano 0,75 L",
        "image": "https:\/\/cdn-consum.aktiosdigitalservices.com\/tol\/consum\/media\/product\/img\/300x300\/7354681.jpg?t=20250218080836"
    },
    {
        "id": 24032,
        "name": "Vino BlancoGewuztramine D.O.Somontano VINITIUM",
        "price": 4.65,
        "price_kilo": 6.2,
        "slug": "vino-blancogewuztramine-dosomontano",
        "description": "Vino BlancoGewuztramine D.O.Somontano 0,75 L",
        "image": "https:\/\/cdn-consum.aktiosdigitalservices.com\/tol\/consum\/media\/product\/img\/300x300\/7354699.jpg?t=20250206094258"
    },
    {
        "id": 24037,
        "name": "Mini Tortilla Trigo Paquete 8 Unidades OLD EL PASO",
        "price": 2.09,
        "price_kilo": 9.5,
        "slug": "mini-tortilla-trigo-paquete-8-unidades",
        "description": "Mini Tortilla Trigo Paquete 8 Unidades 220 Gr",
        "image": "https:\/\/cdn-consum.aktiosdigitalservices.com\/tol\/consum\/media\/product\/img\/300x300\/7354889.jpg?t=20250311134233"
    },
    {
        "id": 24039,
        "name": "Queso Semicurado Bola Edam ROYAL ORANGE",
        "price": 3.69,
        "price_kilo": 12.95,
        "slug": "queso-semicurado-bola-edam",
        "description": "Queso Semicurado Bola Edam 285 Gr",
        "image": "https:\/\/cdn-consum.aktiosdigitalservices.com\/tol\/consum\/media\/product\/img\/300x300\/7355142.jpg?t=20250131075935"
    },
    {
        "id": 24042,
        "name": "Suavizante Org\u00e1nico Lavanda BOTANICAL",
        "price": 5.39,
        "price_kilo": 0.12,
        "slug": "suavizante-organico-lavanda",
        "description": "Suavizante Org\u00e1nico Lavanda 45 Lv",
        "image": "https:\/\/cdn-consum.aktiosdigitalservices.com\/tol\/consum\/media\/product\/img\/300x300\/7355175.jpg?t=20250206094302"
    },
    {
        "id": 24051,
        "name": "Colonia Mini Hombre N\u00ba17 CARAVAN",
        "price": 3.5,
        "price_kilo": 11.67,
        "slug": "colonia-mini-hombre-n17",
        "description": "Colonia Mini Hombre N\u00ba17 30 ml",
        "image": "https:\/\/cdn-consum.aktiosdigitalservices.com\/tol\/consum\/media\/product\/img\/300x300\/7352094.jpg?t=20241217081159"
    },
    {
        "id": 24065,
        "name": "Garbanzo Cocido Frasco LOZANO",
        "price": 0.85,
        "price_kilo": 4.05,
        "slug": "garbanzo-cocido-frasco",
        "description": "Garbanzo Cocido Frasco 210 Gr",
        "image": "https:\/\/cdn-consum.aktiosdigitalservices.com\/tol\/consum\/media\/product\/img\/300x300\/7354434.jpg?t=20250312092804"
    },
    {
        "id": 24072,
        "name": "Caldo Casero de Pollo Brik G.BLANCA",
        "price": 1.39,
        "price_kilo": 2.78,
        "slug": "caldo-casero-de-pollo-brik",
        "description": "Caldo Casero de Pollo Brik 500 ml",
        "image": "https:\/\/cdn-consum.aktiosdigitalservices.com\/tol\/consum\/media\/product\/img\/300x300\/7355431.jpg?t=20241217081202"
    },
    {
        "id": 24074,
        "name": "Profil\u00e1cticos XL Sensitive Suave DUREX",
        "price": 8.4,
        "price_kilo": 0.84,
        "slug": "profilacticos-xl-sensitive-suave",
        "description": "Profil\u00e1cticos XL Sensitive Suave 10 U",
        "image": "https:\/\/cdn-consum.aktiosdigitalservices.com\/tol\/consum\/media\/product\/img\/300x300\/7355464.jpg?t=20250318080947"
    },
    {
        "id": 24076,
        "name": "Profil\u00e1cticos Real Feel DUREX",
        "price": 14.5,
        "price_kilo": 1.21,
        "slug": "profilacticos-real-feel",
        "description": "Profil\u00e1cticos Real Feel 12 U",
        "image": "https:\/\/cdn-consum.aktiosdigitalservices.com\/tol\/consum\/media\/product\/img\/300x300\/7355472.jpg?t=20250313080725"
    },
    {
        "id": 24077,
        "name": "Profil\u00e1cticos Placer Prolongado DUREX",
        "price": 14.5,
        "price_kilo": 1.21,
        "slug": "profilacticos-placer-prolongado",
        "description": "Profil\u00e1cticos Placer Prolongado 12 U",
        "image": "https:\/\/cdn-consum.aktiosdigitalservices.com\/tol\/consum\/media\/product\/img\/300x300\/7355477.jpg?t=20250313080727"
    },
    {
        "id": 24078,
        "name": "Profil\u00e1cticos Sensitive Contacto Total DUREX",
        "price": 11.5,
        "price_kilo": 0.96,
        "slug": "profilacticos-sensitive-contacto-total",
        "description": "Profil\u00e1cticos Sensitive Contacto Total 12 U",
        "image": "https:\/\/cdn-consum.aktiosdigitalservices.com\/tol\/consum\/media\/product\/img\/300x300\/7355480.jpg?t=20250313080729"
    },
    {
        "id": 24079,
        "name": "Profil\u00e1cticos Sensitive Suave DUREX",
        "price": 8.4,
        "price_kilo": 0.7,
        "slug": "profilacticos-sensitive-suave",
        "description": "Profil\u00e1cticos Sensitive Suave 12 U",
        "image": "https:\/\/cdn-consum.aktiosdigitalservices.com\/tol\/consum\/media\/product\/img\/300x300\/7355485.jpg?t=20250312160800"
    },
    {
        "id": 24080,
        "name": "Profil\u00e1cticos Dame Placer DUREX",
        "price": 8.4,
        "price_kilo": 0.7,
        "slug": "profilacticos-dame-placer",
        "description": "Profil\u00e1cticos Dame Placer 12 U",
        "image": "https:\/\/cdn-consum.aktiosdigitalservices.com\/tol\/consum\/media\/product\/img\/300x300\/7355493.jpg?t=20250312160802"
    },
    {
        "id": 24082,
        "name": "Profil\u00e1cticos Natural Confort DUREX",
        "price": 7.4,
        "price_kilo": 0.62,
        "slug": "profilacticos-natural-confort",
        "description": "Profil\u00e1cticos Natural Confort 12 U",
        "image": "https:\/\/cdn-consum.aktiosdigitalservices.com\/tol\/consum\/media\/product\/img\/300x300\/7355501.jpg?t=20250312160804"
    },
    {
        "id": 24083,
        "name": "Tostas de Pan con AOVE DAVEIGA",
        "price": 2.32,
        "price_kilo": 11.6,
        "slug": "tostas-de-pan-con-aove",
        "description": "Tostas de Pan con Aceite de Oliva Virgen Extra 200 Gr",
        "image": "https:\/\/cdn-consum.aktiosdigitalservices.com\/tol\/consum\/media\/product\/img\/300x300\/7355589.jpg?t=20250318080413"
    },
    {
        "id": 24084,
        "name": "Tostas de Pan con Semillas de Chia DAVEIGA",
        "price": 2.32,
        "price_kilo": 11.6,
        "slug": "tostas-de-pan-con-semillas-de-chia",
        "description": "Tostas de Pan con Semillas de Chia 200 Gr",
        "image": "https:\/\/cdn-consum.aktiosdigitalservices.com\/tol\/consum\/media\/product\/img\/300x300\/7355592.jpg?t=20250318080415"
    },
    {
        "id": 24085,
        "name": "Rollino Nocciola Balconi BALCONI",
        "price": 1.79,
        "price_kilo": 8.06,
        "slug": "rollino-nocciola-balconi",
        "description": "Rollino Nocciola Balconi 222 Gr",
        "image": "https:\/\/cdn-consum.aktiosdigitalservices.com\/tol\/consum\/media\/product\/img\/300x300\/7355597.jpg?t=20250311111250"
    },
    {
        "id": 24095,
        "name": "Recambio Ambientador El\u00e9ctrico Oce\u00e1nico CONSUM",
        "price": 1.7,
        "price_kilo": 1.7,
        "slug": "recambio-ambientador-electrico-oceanico",
        "description": "Recambio Ambientador El\u00e9ctrico Oce\u00e1nico 1 U",
        "image": "https:\/\/cdn-consum.aktiosdigitalservices.com\/tol\/consum\/media\/product\/img\/300x300\/7344443.jpg?t=20241217081154"
    },
    {
        "id": 24098,
        "name": "Limpiador WC Polvo LA NAVE",
        "price": 1.9,
        "price_kilo": 0.48,
        "slug": "limpiador-wc-polvo",
        "description": "Limpiador WC Polvo 4 U",
        "image": "https:\/\/cdn-consum.aktiosdigitalservices.com\/tol\/consum\/media\/product\/img\/300x300\/7353105.jpg?t=20250312092804"
    },
    {
        "id": 24100,
        "name": "Aceite Corporal Regular JOHNSON",
        "price": 3.7,
        "price_kilo": 0.74,
        "slug": "aceite-corporal-regular",
        "description": "Aceite Corporal Regular 500 ml",
        "image": "https:\/\/cdn-consum.aktiosdigitalservices.com\/tol\/consum\/media\/product\/img\/300x300\/7353832.jpg?t=20250312160748"
    },
    {
        "id": 24106,
        "name": "Crema Lata Azul Cara, Cuerpo y Manos NIVEA",
        "price": 5.99,
        "price_kilo": 1.5,
        "slug": "crema-lata-azul-cara-cuerpo-y-manos",
        "description": "Crema Lata Azul Cara, Cuerpo y Manos 400 ml",
        "image": "https:\/\/cdn-consum.aktiosdigitalservices.com\/tol\/consum\/media\/product\/img\/300x300\/7354934.jpg?t=20241217081202"
    },
    {
        "id": 24107,
        "name": "Biber\u00f3n 360 ML + 6M Tetina Silicona Plana TIGEX",
        "price": 6.99,
        "price_kilo": 6.99,
        "slug": "biberon-360-ml-6m-tetina-silicona-plana",
        "description": "Biber\u00f3n 360 ML + 6M Tetina Silicona Plana 1 U",
        "image": "https:\/\/cdn-consum.aktiosdigitalservices.com\/tol\/consum\/media\/product\/img\/300x300\/7355084.jpg?t=20250313080721"
    },
    {
        "id": 24110,
        "name": "Chupete Silicona 6-18 M Fisiol\u00f3gico Soft Touch TIGEX",
        "price": 4.55,
        "price_kilo": 2.28,
        "slug": "chupete-silicona-6-18-m-fisiologico-soft-touch",
        "description": "Chupete Silicona 6-18 M Fisiol\u00f3gico Soft Touch 2 U",
        "image": "https:\/\/cdn-consum.aktiosdigitalservices.com\/tol\/consum\/media\/product\/img\/300x300\/7355100.jpg?t=20241217081202"
    },
    {
        "id": 24112,
        "name": "Mezcla para Sofrito congelada VERLEAL",
        "price": 1.59,
        "price_kilo": 3.98,
        "slug": "mezcla-para-sofrito-congelada",
        "description": "Mezcla para Sofrito congelada 400 Gr",
        "image": "https:\/\/cdn-consum.aktiosdigitalservices.com\/tol\/consum\/media\/product\/img\/300x300\/7355576.jpg?t=20241217081202"
    },
    {
        "id": 24114,
        "name": "Burger 0% Carne Prote\u00edna de Guisante GREEN CUISIN",
        "price": 4.25,
        "price_kilo": 20.33,
        "slug": "burger-0-carne-proteina-de-guisante",
        "description": "Burger 0% Carne Prote\u00edna de Guisante 209 Gr",
        "image": "https:\/\/cdn-consum.aktiosdigitalservices.com\/tol\/consum\/media\/product\/img\/300x300\/7355795.jpg?t=20250318080417"
    },
    {
        "id": 24116,
        "name": "Bruma Fresca Dulce LAISEVEN",
        "price": 2.79,
        "price_kilo": 1.4,
        "slug": "bruma-fresca-dulce",
        "description": "Bruma Fresca Dulce 200 ml",
        "image": "https:\/\/cdn-consum.aktiosdigitalservices.com\/tol\/consum\/media\/product\/img\/300x300\/7355808.jpg?t=20241217081203"
    },
    {
        "id": 24121,
        "name": "Kit Tagliatelle Carbonara RANA",
        "price": 4.99,
        "price_kilo": 12.23,
        "slug": "kit-tagliatelle-carbonara",
        "description": "Kit Tagliatelle Carbonara 408 Gr",
        "image": "https:\/\/cdn-consum.aktiosdigitalservices.com\/tol\/consum\/media\/product\/img\/300x300\/7355840.jpg?t=20250227093423"
    },
    {
        "id": 24146,
        "name": "Paninis congelados 4 Quesos PANNINI",
        "price": 2.99,
        "price_kilo": 11.96,
        "slug": "paninis-congelados-4-quesos",
        "description": "Paninis congelados 4 Quesos 250 Gr",
        "image": "https:\/\/cdn-consum.aktiosdigitalservices.com\/tol\/consum\/media\/product\/img\/300x300\/7353881.jpg?t=20250227093410"
    },
    {
        "id": 24147,
        "name": "Colonia Blue Man NIKE",
        "price": 9.99,
        "price_kilo": 9.99,
        "slug": "colonia-blue-man",
        "description": "Colonia Blue Man 100 ml",
        "image": "https:\/\/cdn-consum.aktiosdigitalservices.com\/tol\/consum\/media\/product\/img\/300x300\/7354251.jpg?t=20250311164616"
    },
    {
        "id": 24160,
        "name": "Batido de Chocolate Zero Minibrik Pack de 6 PULEVA",
        "price": 2.99,
        "price_kilo": 2.49,
        "slug": "batido-de-chocolate-zero-minibrik-pack-de-6",
        "description": "Batido de Chocolate Zero Minibrik Pack de 6 6 x 200 ml",
        "image": "https:\/\/cdn-consum.aktiosdigitalservices.com\/tol\/consum\/media\/product\/img\/300x300\/7355873.jpg?t=20250311111253"
    },
    {
        "id": 24166,
        "name": "P. Hamburguesa Brioche con Mantequilla 4 Und. ",
        "price": 1.88,
        "price_kilo": 6.27,
        "slug": "p-hamburguesa-brioche-con-mantequilla-4-und",
        "description": "P. Hamburguesa Brioche con Mantequilla 4 Und. 300 Gr",
        "image": "https:\/\/cdn-consum.aktiosdigitalservices.com\/tol\/consum\/media\/product\/img\/300x300\/7356173.jpg?t=20250318080420"
    },
    {
        "id": 24167,
        "name": "Caramelo L\u00edquido MOLINO REAL",
        "price": 1.69,
        "price_kilo": 5.63,
        "slug": "caramelo-liquido",
        "description": "Caramelo L\u00edquido 300 Gr",
        "image": "https:\/\/cdn-consum.aktiosdigitalservices.com\/tol\/consum\/media\/product\/img\/300x300\/7356178.jpg?t=20250311111307"
    },
    {
        "id": 24179,
        "name": "Fideos Chocolate VAHINE",
        "price": 2.25,
        "price_kilo": 31.69,
        "slug": "fideos-chocolate",
        "description": "Fideos Chocolate 71 Gr",
        "image": "https:\/\/cdn-consum.aktiosdigitalservices.com\/tol\/consum\/media\/product\/img\/300x300\/7356483.jpg?t=20250311111309"
    },
    {
        "id": 24183,
        "name": "Rodaballo Entero o Mitades ",
        "price": 39.88,
        "price_kilo": 15.95,
        "slug": "rodaballo-entero-o-mitades",
        "description": "Rodaballo Entero o Mitadas - Entero 2 kg aprox",
        "image": "https:\/\/cdn-consum.aktiosdigitalservices.com\/tol\/consum\/media\/product\/img\/300x300\/7324895.jpg?t=20250320080112"
    },
    {
        "id": 24186,
        "name": "Ambientador Frutos del Bosque Pistola CONSUM",
        "price": 2.29,
        "price_kilo": 0.92,
        "slug": "ambientador-frutos-del-bosque-pistola",
        "description": "Ambientador Frutos del Bosque Pistola 250 ml",
        "image": "https:\/\/cdn-consum.aktiosdigitalservices.com\/tol\/consum\/media\/product\/img\/300x300\/7342470.jpg?t=20241217081153"
    },
    {
        "id": 24205,
        "name": "Barquillo Sabor Vainilla sin Az\u00facares GULLON ZERO",
        "price": 1.55,
        "price_kilo": 8.61,
        "slug": "barquillo-sabor-vainilla-sin-azucares",
        "description": "Barquillo Sabor Vainilla sin Az\u00facares 180 Gr",
        "image": "https:\/\/cdn-consum.aktiosdigitalservices.com\/tol\/consum\/media\/product\/img\/300x300\/7356038.jpg?t=20250311111300"
    },
    {
        "id": 24206,
        "name": "Barquillo Chocolate sin Az\u00facares GULLON ZERO",
        "price": 1.55,
        "price_kilo": 8.61,
        "slug": "barquillo-chocolate-sin-azucares",
        "description": "Barquillo Chocolate sin Az\u00facares 180 Gr",
        "image": "https:\/\/cdn-consum.aktiosdigitalservices.com\/tol\/consum\/media\/product\/img\/300x300\/7356066.jpg?t=20250311111302"
    },
    {
        "id": 24211,
        "name": "Dent\u00edfrico Sensation White COLGATE",
        "price": 2.6,
        "price_kilo": 3.47,
        "slug": "dentifrico-sensation-white",
        "description": "Dent\u00edfrico Sensation White 75 ml",
        "image": "https:\/\/cdn-consum.aktiosdigitalservices.com\/tol\/consum\/media\/product\/img\/300x300\/7356363.jpg?t=20250312160809"
    },
    {
        "id": 24212,
        "name": "Tequila Blanco 38",
        "price": 9.49,
        "price_kilo": 13.56,
        "slug": "tequila-blanco",
        "description": "Tequila Blanco 0,7 L",
        "image": "https:\/\/cdn-consum.aktiosdigitalservices.com\/tol\/consum\/media\/product\/img\/300x300\/7356475.jpg?t=20250206094340"
    },
    {
        "id": 24217,
        "name": "Cuajada Casera MOLINO REAL",
        "price": 1.39,
        "price_kilo": 2.9,
        "slug": "cuajada-casera",
        "description": "Cuajada Casera 48 Gr",
        "image": "https:\/\/cdn-consum.aktiosdigitalservices.com\/tol\/consum\/media\/product\/img\/300x300\/7356736.jpg?t=20250311111313"
    },
    {
        "id": 24218,
        "name": "Amoniaco Muy Fuerte con Detergente JOSMI",
        "price": 1.25,
        "price_kilo": 1.67,
        "slug": "amoniaco-muy-fuerte-con-detergente",
        "description": "Amoniaco Muy Fuerte con Detergente 0,75 L",
        "image": "https:\/\/cdn-consum.aktiosdigitalservices.com\/tol\/consum\/media\/product\/img\/300x300\/7356780.jpg?t=20250312092805"
    },
    {
        "id": 24219,
        "name": "Whisky Escoces 3 A\u00f1os BOWL.GREEN",
        "price": 7.49,
        "price_kilo": 10.7,
        "slug": "whisky-escoces-3-anos",
        "description": "Whisky Escoces 3 A\u00f1os 0,7 L",
        "image": "https:\/\/cdn-consum.aktiosdigitalservices.com\/tol\/consum\/media\/product\/img\/300x300\/7356876.jpg?t=20241217081204"
    },
    {
        "id": 24226,
        "name": "Limpiahogar Antical en Spray VIAKAL",
        "price": 4.79,
        "price_kilo": 6.84,
        "slug": "limpiahogar-antical-en-spray",
        "description": "Limpiahogar Antical en Spray 0,7 L",
        "image": "https:\/\/cdn-consum.aktiosdigitalservices.com\/tol\/consum\/media\/product\/img\/300x300\/7357296.jpg?t=20250304112948"
    },
    {
        "id": 24246,
        "name": "Cocas de Dacsa congeladas 10 Unidades VALDES",
        "price": 2.12,
        "price_kilo": 3.53,
        "slug": "cocas-de-dacsa-congeladas-10-unidades",
        "description": "Cocas de Dacsa congeladas 10 Unidades 600 Gr",
        "image": "https:\/\/cdn-consum.aktiosdigitalservices.com\/tol\/consum\/media\/product\/img\/300x300\/7010304.jpg?t=20250311133101"
    },
    {
        "id": 24281,
        "name": "T\u00e9 English Breakfast 25 Bolsitas TWININGS",
        "price": 4.69,
        "price_kilo": 57.2,
        "slug": "te-english-breakfast-25-bolsitas",
        "description": "T\u00e9 English Breakfast 25 Bolsitas 82 Gr",
        "image": "https:\/\/cdn-consum.aktiosdigitalservices.com\/tol\/consum\/media\/product\/img\/300x300\/7245256.jpg?t=20250312160344"
    },
    {
        "id": 24337,
        "name": "Queso Oveja 12 Meses Envejecido en Manteca V.SOTUELAMOS",
        "price": 24.9,
        "price_kilo": 24.9,
        "slug": "queso-oveja-12-meses-envejecido-en-manteca",
        "description": "Queso Oveja 12 Meses Envejecido en Manteca",
        "image": "https:\/\/cdn-consum.aktiosdigitalservices.com\/tol\/consum\/media\/product\/img\/300x300\/7264455.jpg?t=20250318080216"
    },
    {
        "id": 24339,
        "name": "Pocket Gato Salm\u00f3n VITALITY",
        "price": 0.99,
        "price_kilo": 16.5,
        "slug": "pocket-gato-salmon",
        "description": "Pocket Gato Salm\u00f3n 60 Gr",
        "image": "https:\/\/cdn-consum.aktiosdigitalservices.com\/tol\/consum\/media\/product\/img\/300x300\/7335284.jpg?t=20241217081148"
    },
    {
        "id": 24340,
        "name": "Pocket Gato Pollo VITALITY",
        "price": 0.99,
        "price_kilo": 16.5,
        "slug": "pocket-gato-pollo",
        "description": "Pocket Gato Pollo 60 Gr",
        "image": "https:\/\/cdn-consum.aktiosdigitalservices.com\/tol\/consum\/media\/product\/img\/300x300\/7335292.jpg?t=20250312092801"
    },
    {
        "id": 24356,
        "name": "Chupete Silicona 18-36M Fisiol\u00f3gico Soft Touch TIGEX",
        "price": 4.55,
        "price_kilo": 2.28,
        "slug": "chupete-silicona-18-36m-fisiologico-soft-touch",
        "description": "Chupete Silicona 18-36M Fisiol\u00f3gico Soft Touch 2 U",
        "image": "https:\/\/cdn-consum.aktiosdigitalservices.com\/tol\/consum\/media\/product\/img\/300x300\/7355105.jpg?t=20250311164616"
    },
    {
        "id": 24375,
        "name": "Dent\u00edfrico Max Fresh COLGATE",
        "price": 2.6,
        "price_kilo": 2.6,
        "slug": "dentifrico-max-fresh",
        "description": "Dent\u00edfrico Max Fresh 100 ml",
        "image": "https:\/\/cdn-consum.aktiosdigitalservices.com\/tol\/consum\/media\/product\/img\/300x300\/7356368.jpg?t=20250227093443"
    },
    {
        "id": 24376,
        "name": "Vino Blanco D.O. Utiel Requena EL MIRACLE",
        "price": 5.99,
        "price_kilo": 7.99,
        "slug": "vino-blanco-do-utiel-requena",
        "description": "Vino Blanco D.O. Utiel Requena 0,75 L",
        "image": "https:\/\/cdn-consum.aktiosdigitalservices.com\/tol\/consum\/media\/product\/img\/300x300\/7356371.jpg?t=20250311164616"
    },
    {
        "id": 24377,
        "name": "Vino Rosado D.O. Utiel Requena EL MIRACLE",
        "price": 5.99,
        "price_kilo": 7.99,
        "slug": "vino-rosado-do-utiel-requena",
        "description": "Vino Rosado D.O. Utiel Requena 0,75 L",
        "image": "https:\/\/cdn-consum.aktiosdigitalservices.com\/tol\/consum\/media\/product\/img\/300x300\/7356397.jpg?t=20250311164616"
    },
    {
        "id": 24378,
        "name": "Champ\u00fa Full Resist ELVIVE",
        "price": 4.75,
        "price_kilo": 1.19,
        "slug": "champu-full-resist",
        "description": "Champ\u00fa Full Resist 400 ml",
        "image": "https:\/\/cdn-consum.aktiosdigitalservices.com\/tol\/consum\/media\/product\/img\/300x300\/7356553.jpg?t=20250312160811"
    },
    {
        "id": 24379,
        "name": "Burger Ib\u00e9rica EL POZO",
        "price": 2.99,
        "price_kilo": 12.46,
        "slug": "burger-iberica",
        "description": "Burger Ib\u00e9rica 240 Gr",
        "image": "https:\/\/cdn-consum.aktiosdigitalservices.com\/tol\/consum\/media\/product\/img\/300x300\/7356624.jpg?t=20241217081204"
    },
    {
        "id": 24388,
        "name": "Vegasalada Untable Vegetariano DELITUSS",
        "price": 2.55,
        "price_kilo": 17,
        "slug": "vegasalada-untable-vegetariano",
        "description": "Vegasalada Untable Vegetariano 150 Gr",
        "image": "https:\/\/cdn-consum.aktiosdigitalservices.com\/tol\/consum\/media\/product\/img\/300x300\/7357114.jpg?t=20241217081204"
    },
    {
        "id": 24390,
        "name": "Tarrito Verduritas con Merluza HERO",
        "price": 1.75,
        "price_kilo": 7.45,
        "slug": "tarrito-verduritas-con-merluza",
        "description": "Tarrito Verduritas con Merluza 235 Gr",
        "image": "https:\/\/cdn-consum.aktiosdigitalservices.com\/tol\/consum\/media\/product\/img\/300x300\/7357234.jpg?t=20250311134242"
    },
    {
        "id": 24400,
        "name": "Spray Limpiamopas CONSUM",
        "price": 2.8,
        "price_kilo": 0.37,
        "slug": "spray-limpiamopas",
        "description": "Spray Limpiamopas 750 ml",
        "image": "https:\/\/cdn-consum.aktiosdigitalservices.com\/tol\/consum\/media\/product\/img\/300x300\/7358443.jpg?t=20241217081205"
    },
    {
        "id": 24415,
        "name": "Refresco Lim\u00f3n Cero sin Gas Botella CONSUM",
        "price": 1.2,
        "price_kilo": 0.8,
        "slug": "refresco-limon-cero-sin-gas-botella",
        "description": "Refresco Lim\u00f3n Cero sin Gas Botella 1,5 L",
        "image": "https:\/\/cdn-consum.aktiosdigitalservices.com\/tol\/consum\/media\/product\/img\/300x300\/7338499.jpg?t=20250220080703"
    },
    {
        "id": 24416,
        "name": "Limpiador Placas de Inducci\u00f3n CONSUM",
        "price": 1.75,
        "price_kilo": 3.5,
        "slug": "limpiador-placas-de-induccion",
        "description": "Limpiador Placas de Inducci\u00f3n 0,5 L",
        "image": "https:\/\/cdn-consum.aktiosdigitalservices.com\/tol\/consum\/media\/product\/img\/300x300\/7351208.jpg?t=20241217081158"
    },
    {
        "id": 24429,
        "name": "Chocolate Blanco con Galleta Oreo MILKA",
        "price": 1.99,
        "price_kilo": 19.9,
        "slug": "chocolate-blanco-con-galleta-oreo",
        "description": "Chocolate Blanco con Galleta Oreo 100 Gr",
        "image": "https:\/\/cdn-consum.aktiosdigitalservices.com\/tol\/consum\/media\/product\/img\/300x300\/7356165.jpg?t=20250312160806"
    },
    {
        "id": 24431,
        "name": "Leche NESTL\u00c9 JUNIOR Cereales NESTLE",
        "price": 2.35,
        "price_kilo": 2.35,
        "slug": "leche-nestle-junior-cereales",
        "description": "Leche NESTL\u00c9 JUNIOR Cereales 1 L",
        "image": "https:\/\/cdn-consum.aktiosdigitalservices.com\/tol\/consum\/media\/product\/img\/300x300\/7357127.jpg?t=20250311134240"
    },
    {
        "id": 24438,
        "name": "Ositos de Oro HARIBO",
        "price": 1.19,
        "price_kilo": 11.9,
        "slug": "ositos-de-oro",
        "description": "Ositos de Oro 100 Gr",
        "image": "https:\/\/cdn-consum.aktiosdigitalservices.com\/tol\/consum\/media\/product\/img\/300x300\/7357879.jpg?t=20250311124958"
    },
    {
        "id": 24439,
        "name": "Favoritos Az\u00facar HARIBO",
        "price": 1.19,
        "price_kilo": 13.22,
        "slug": "favoritos-azucar",
        "description": "Favoritos Az\u00facar 90 Gr",
        "image": "https:\/\/cdn-consum.aktiosdigitalservices.com\/tol\/consum\/media\/product\/img\/300x300\/7357882.jpg?t=20250311125000"
    },
    {
        "id": 24442,
        "name": "Favoritos Regaliz Red & White HARIBO",
        "price": 1.19,
        "price_kilo": 13.22,
        "slug": "favoritos-regaliz-red-white",
        "description": "Favoritos Regaliz Red & White 90 Gr",
        "image": "https:\/\/cdn-consum.aktiosdigitalservices.com\/tol\/consum\/media\/product\/img\/300x300\/7357895.jpg?t=20250311125003"
    },
    {
        "id": 24443,
        "name": "Favoritos Pica HARIBO",
        "price": 1.19,
        "price_kilo": 13.22,
        "slug": "favoritos-pica",
        "description": "Favoritos Pica 90 Gr",
        "image": "https:\/\/cdn-consum.aktiosdigitalservices.com\/tol\/consum\/media\/product\/img\/300x300\/7357908.jpg?t=20250311164617"
    },
    {
        "id": 24446,
        "name": "Fresones HARIBO",
        "price": 1.19,
        "price_kilo": 11.9,
        "slug": "fresones",
        "description": "Fresones 100 Gr",
        "image": "https:\/\/cdn-consum.aktiosdigitalservices.com\/tol\/consum\/media\/product\/img\/300x300\/7357924.jpg?t=20250311125008"
    },
    {
        "id": 24454,
        "name": "Cerezas HARIBO",
        "price": 1.19,
        "price_kilo": 11.9,
        "slug": "cerezas",
        "description": "Cerezas 100 Gr",
        "image": "https:\/\/cdn-consum.aktiosdigitalservices.com\/tol\/consum\/media\/product\/img\/300x300\/7357999.jpg?t=20250311164617"
    },
    {
        "id": 24456,
        "name": "Tropifrutti HARIBO",
        "price": 1.19,
        "price_kilo": 11.9,
        "slug": "tropifrutti",
        "description": "Tropifrutti 100 Gr",
        "image": "https:\/\/cdn-consum.aktiosdigitalservices.com\/tol\/consum\/media\/product\/img\/300x300\/7358013.jpg?t=20250311125012"
    },
    {
        "id": 24459,
        "name": "Favoritos Az\u00facar Tarrina HARIBO",
        "price": 4.99,
        "price_kilo": 9.98,
        "slug": "favoritos-azucar-tarrina",
        "description": "Favoritos Az\u00facar Tarrina 500 Gr",
        "image": "https:\/\/cdn-consum.aktiosdigitalservices.com\/tol\/consum\/media\/product\/img\/300x300\/7358039.jpg?t=20250311125015"
    },
    {
        "id": 24472,
        "name": "Gelatina Neutra en Polvo 2 Sobres x 10 gr MOLINO REAL",
        "price": 1.69,
        "price_kilo": 8.45,
        "slug": "gelatina-neutra-en-polvo-2-sobres-x-10-gr",
        "description": "Gelatina Neutra en Polvo 2 Sobres x 10 gr 20 Gr",
        "image": "https:\/\/cdn-consum.aktiosdigitalservices.com\/tol\/consum\/media\/product\/img\/300x300\/7358281.jpg?t=20250311111345"
    },
    {
        "id": 24483,
        "name": "Higi\u00e9nico H\u00famedo Aloe Vera SCOTTEX",
        "price": 2.99,
        "price_kilo": 0.05,
        "slug": "higienico-humedo-aloe-vera",
        "description": "Higi\u00e9nico H\u00famedo Aloe Vera 66 U",
        "image": "https:\/\/cdn-consum.aktiosdigitalservices.com\/tol\/consum\/media\/product\/img\/300x300\/7358596.jpg?t=20250227093450"
    },
    {
        "id": 24492,
        "name": "Huevo Campero M Decena MONTERDE",
        "price": 2.69,
        "price_kilo": 3.24,
        "slug": "huevo-campero-m-decena",
        "description": "Huevo Campero M Decena 0,83 Dc",
        "image": "https:\/\/cdn-consum.aktiosdigitalservices.com\/tol\/consum\/media\/product\/img\/300x300\/7359040.jpg?t=20250311111403"
    },
    {
        "id": 24493,
        "name": "Huevo Campero L Decena MONTERDE",
        "price": 3.57,
        "price_kilo": 4.3,
        "slug": "huevo-campero-l-decena",
        "description": "Huevo Campero L Decena 0,83 Dc",
        "image": "https:\/\/cdn-consum.aktiosdigitalservices.com\/tol\/consum\/media\/product\/img\/300x300\/7359052.jpg?t=20250311111405"
    },
    {
        "id": 24500,
        "name": "Borrador M\u00e1gico CONSUM",
        "price": 1.4,
        "price_kilo": 0.47,
        "slug": "borrador-magico",
        "description": "Borrador M\u00e1gico 3 U",
        "image": "https:\/\/cdn-consum.aktiosdigitalservices.com\/tol\/consum\/media\/product\/img\/300x300\/7332679.jpg?t=20241217081147"
    },
    {
        "id": 24501,
        "name": "Recambio Ambientador El\u00e9ctrico Colonia CONSUM",
        "price": 1.7,
        "price_kilo": 1.7,
        "slug": "recambio-ambientador-electrico-colonia",
        "description": "Recambio Ambientador El\u00e9ctrico Colonia 1 U",
        "image": "https:\/\/cdn-consum.aktiosdigitalservices.com\/tol\/consum\/media\/product\/img\/300x300\/7344448.jpg?t=20241217081154"
    },
    {
        "id": 24503,
        "name": "Pinza Peque\u00f1a PONETTE",
        "price": 2.15,
        "price_kilo": 0.54,
        "slug": "pinza-pequena",
        "description": "Pinza Peque\u00f1a 4 U",
        "image": "https:\/\/cdn-consum.aktiosdigitalservices.com\/tol\/consum\/media\/product\/img\/300x300\/7351018.jpg?t=20241217081158"
    },
    {
        "id": 24504,
        "name": "Pinza Mediana PONETTE",
        "price": 2.15,
        "price_kilo": 1.08,
        "slug": "pinza-mediana",
        "description": "Pinza Mediana 2 U",
        "image": "https:\/\/cdn-consum.aktiosdigitalservices.com\/tol\/consum\/media\/product\/img\/300x300\/7351021.jpg?t=20250213080230"
    },
    {
        "id": 24505,
        "name": "Limpia Duchas Brillo Duradero CONSUM",
        "price": 2.1,
        "price_kilo": 2.1,
        "slug": "limpia-duchas-brillo-duradero",
        "description": "Limpia Duchas Brillo Duradero 1 L",
        "image": "https:\/\/cdn-consum.aktiosdigitalservices.com\/tol\/consum\/media\/product\/img\/300x300\/7351216.jpg?t=20241217081158"
    },
    {
        "id": 24511,
        "name": "M\u00e1scara Pesta\u00f1as So Fierce REVLON",
        "price": 10.75,
        "price_kilo": 10.75,
        "slug": "mascara-pestanas-so-fierce",
        "description": "M\u00e1scara Pesta\u00f1as So Fierce 1 U",
        "image": "https:\/\/cdn-consum.aktiosdigitalservices.com\/tol\/consum\/media\/product\/img\/300x300\/7353337.jpg?t=20250311164615"
    },
    {
        "id": 24518,
        "name": "Zumo Smoothie Mango y Maracuy\u00e1 DON SIMON",
        "price": 1.15,
        "price_kilo": 3.48,
        "slug": "zumo-smoothie-mango-y-maracuya",
        "description": "Zumo Smoothie Mango y Maracuy\u00e1 330 ml",
        "image": "https:\/\/cdn-consum.aktiosdigitalservices.com\/tol\/consum\/media\/product\/img\/300x300\/7355688.jpg?t=20250227093420"
    },
    {
        "id": 24530,
        "name": "Algod\u00f3n de Az\u00facar DEKORA",
        "price": 1.15,
        "price_kilo": 3.83,
        "slug": "algodon-de-azucar",
        "description": "Algod\u00f3n de Az\u00facar 30 Gr",
        "image": "https:\/\/cdn-consum.aktiosdigitalservices.com\/tol\/consum\/media\/product\/img\/300x300\/7358542.jpg?t=20250311125017"
    },
    {
        "id": 24532,
        "name": "Gin Strawberry Botella Pet ROSEE",
        "price": 8.99,
        "price_kilo": 12.84,
        "slug": "gin-strawberry-botella-pet",
        "description": "Gin Strawberry Botella Pet 0,7 L",
        "image": "https:\/\/cdn-consum.aktiosdigitalservices.com\/tol\/consum\/media\/product\/img\/300x300\/7358745.jpg?t=20250206094353"
    },
    {
        "id": 24534,
        "name": "Salsa Arrabbiata Frasco BARILLA",
        "price": 2.99,
        "price_kilo": 7.48,
        "slug": "salsa-arrabbiata-frasco",
        "description": "Salsa Arrabbiata Frasco 400 Gr",
        "image": "https:\/\/cdn-consum.aktiosdigitalservices.com\/tol\/consum\/media\/product\/img\/300x300\/7358971.jpg?t=20250227093452"
    },
    {
        "id": 24537,
        "name": "Patata Delicatessen Bolsa ARGENTE",
        "price": 1.45,
        "price_kilo": 12.08,
        "slug": "patata-delicatessen-bolsa",
        "description": "Patata Delicatessen Bolsa 120 Gr",
        "image": "https:\/\/cdn-consum.aktiosdigitalservices.com\/tol\/consum\/media\/product\/img\/300x300\/7359060.jpg?t=20250206094356"
    },
    {
        "id": 24550,
        "name": "Bizcocho Casero con Nueces ",
        "price": 3.15,
        "price_kilo": 7.88,
        "slug": "bizcocho-casero-con-nueces",
        "description": "Bizcocho Casero con Nueces 400 Gr",
        "image": "https:\/\/cdn-consum.aktiosdigitalservices.com\/tol\/consum\/media\/product\/img\/300x300\/7359305.jpg?t=20250312125749"
    },
    {
        "id": 24552,
        "name": "Bebida Isot\u00f3nica Naranja Zero Lata AQUARIUS",
        "price": 0.85,
        "price_kilo": 2.58,
        "slug": "bebida-isotonica-naranja-zero-lata",
        "description": "Bebida Isot\u00f3nica Naranja Zero Lata 0,33 L",
        "image": "https:\/\/cdn-consum.aktiosdigitalservices.com\/tol\/consum\/media\/product\/img\/300x300\/7359367.jpg?t=20250227093454"
    },
    {
        "id": 24553,
        "name": "Crema de Queso Cheddar PRESIDENT",
        "price": 1.95,
        "price_kilo": 15.6,
        "slug": "crema-de-queso-cheddar",
        "description": "Crema de Queso Cheddar 125 Gr",
        "image": "https:\/\/cdn-consum.aktiosdigitalservices.com\/tol\/consum\/media\/product\/img\/300x300\/7359466.jpg?t=20250227093457"
    },
    {
        "id": 24554,
        "name": "Morcilla Achorizada Ib\u00e9rica CARCHELEJO",
        "price": 3.1,
        "price_kilo": 12.9,
        "slug": "morcilla-achorizada-iberica",
        "description": "Morcilla Achorizada Ib\u00e9rica",
        "image": "https:\/\/cdn-consum.aktiosdigitalservices.com\/tol\/consum\/media\/product\/img\/300x300\/2777175.jpg?t=20250221075739"
    },
    {
        "id": 24556,
        "name": "Paleta Cebo de Campo 50% Ib\u00e9rico 12 Meses MONTARAZ",
        "price": 49.2,
        "price_kilo": 49.2,
        "slug": "paleta-cebo-de-campo-50-iberico-12-meses",
        "description": "Paleta Cebo de Campo 50% Ib\u00e9rico 12 Meses",
        "image": "https:\/\/cdn-consum.aktiosdigitalservices.com\/tol\/consum\/media\/product\/img\/300x300\/7002777.jpg?t=20250321075734"
    },
    {
        "id": 24565,
        "name": "Cecina PALCARSA",
        "price": 37.5,
        "price_kilo": 37.5,
        "slug": "cecina",
        "description": "Cecina",
        "image": "https:\/\/cdn-consum.aktiosdigitalservices.com\/tol\/consum\/media\/product\/img\/300x300\/7199529.jpg?t=20250321075836"
    },
    {
        "id": 24593,
        "name": "Yogur Sabor Fresa sin Lactosa P-4 unidades CONSUM",
        "price": 1.45,
        "price_kilo": 2.9,
        "slug": "yogur-sabor-fresa-sin-lactosa-p-4-unidades",
        "description": "Yogur Sabor Fresa sin Lactosa P-4 unidades 4 x 125 Gr",
        "image": "https:\/\/cdn-consum.aktiosdigitalservices.com\/tol\/consum\/media\/product\/img\/300x300\/7337876.jpg?t=20250314121559"
    },
    {
        "id": 24600,
        "name": "Caramelo Toffee CONSUM",
        "price": 1.15,
        "price_kilo": 7.67,
        "slug": "caramelo-toffee",
        "description": "Caramelo Toffee 150 Gr",
        "image": "https:\/\/cdn-consum.aktiosdigitalservices.com\/tol\/consum\/media\/product\/img\/300x300\/7342314.jpg?t=20250311124909"
    },
    {
        "id": 24629,
        "name": "Roll-On Ojos Efecto Hielo Anti-Bolsas y Ojeras L'OREAL",
        "price": 8.49,
        "price_kilo": 84.9,
        "slug": "roll-on-ojos-efecto-hielo-anti-bolsas-y-ojeras",
        "description": "Roll-On Ojos Efecto Hielo Anti-Bolsas y Ojeras 10 ml",
        "image": "https:\/\/cdn-consum.aktiosdigitalservices.com\/tol\/consum\/media\/product\/img\/300x300\/7355949.jpg?t=20250227093425"
    },
    {
        "id": 24631,
        "name": "Enjuague Bucal Dientes y Enc\u00edas LISTERINE",
        "price": 5.65,
        "price_kilo": 1.13,
        "slug": "enjuague-bucal-dientes-y-encias",
        "description": "Enjuague Bucal Dientes y Enc\u00edas 500 ml",
        "image": "https:\/\/cdn-consum.aktiosdigitalservices.com\/tol\/consum\/media\/product\/img\/300x300\/7356301.jpg?t=20250311134237"
    },
    {
        "id": 24638,
        "name": "Crackers Fibra y S\u00e9samo Harina Integral Centeno MASTRIGO",
        "price": 1.18,
        "price_kilo": 4.92,
        "slug": "crackers-fibra-y-sesamo-harina-integral-centeno",
        "description": "Crackers Fibra y S\u00e9samo Harina Integral Centeno 240 Gr",
        "image": "https:\/\/cdn-consum.aktiosdigitalservices.com\/tol\/consum\/media\/product\/img\/300x300\/7357221.jpg?t=20250311111319"
    },
    {
        "id": 24639,
        "name": "Vino Tinto D.O.Rioja MARQ.CONCORD",
        "price": 5.49,
        "price_kilo": 7.32,
        "slug": "vino-tinto-dorioja",
        "description": "Vino Tinto D.O.Rioja 0,75 L",
        "image": "https:\/\/cdn-consum.aktiosdigitalservices.com\/tol\/consum\/media\/product\/img\/300x300\/7357387.jpg?t=20250227093448"
    },
    {
        "id": 24647,
        "name": "Bebida de Almendra sin Az\u00facar Brik VIVESOY",
        "price": 2,
        "price_kilo": 2,
        "slug": "bebida-de-almendra-sin-azucar-brik",
        "description": "Bebida de Almendra sin Az\u00facar Brik 1 L",
        "image": "https:\/\/cdn-consum.aktiosdigitalservices.com\/tol\/consum\/media\/product\/img\/300x300\/7358653.jpg?t=20250312092805"
    },
    {
        "id": 24652,
        "name": "Crema Depilatoria Ducha Men VEET",
        "price": 5.76,
        "price_kilo": 3.84,
        "slug": "crema-depilatoria-ducha-men",
        "description": "Crema Depilatoria Ducha Men 150 ml",
        "image": "https:\/\/cdn-consum.aktiosdigitalservices.com\/tol\/consum\/media\/product\/img\/300x300\/7359144.jpg?t=20241217081205"
    },
    {
        "id": 24658,
        "name": "Vino Blanco Albari\u00f1o D.O.R\u00edas Baixas FAUST.RIVERO",
        "price": 10.5,
        "price_kilo": 14,
        "slug": "vino-blanco-albarino-dorias-baixas",
        "description": "Vino Blanco Albari\u00f1o D.O.R\u00edas Baixas 0,75 L",
        "image": "https:\/\/cdn-consum.aktiosdigitalservices.com\/tol\/consum\/media\/product\/img\/300x300\/7359268.jpg?t=20250220080805"
    },
    {
        "id": 24660,
        "name": "Alcohol de Quemar Perfumado JOSMI",
        "price": 2.05,
        "price_kilo": 2.05,
        "slug": "alcohol-de-quemar-perfumado",
        "description": "Alcohol de Quemar Perfumado 1 L",
        "image": "https:\/\/cdn-consum.aktiosdigitalservices.com\/tol\/consum\/media\/product\/img\/300x300\/7359326.jpg?t=20250312125751"
    },
    {
        "id": 24661,
        "name": "Mascarilla Higi\u00e9nica Desechable ",
        "price": 0.99,
        "price_kilo": 0.2,
        "slug": "mascarilla-higienica-desechable",
        "description": "Mascarilla Higi\u00e9nica Desechable 5 U",
        "image": "https:\/\/cdn-consum.aktiosdigitalservices.com\/tol\/consum\/media\/product\/img\/300x300\/7359334.jpg?t=20241217081206"
    },
    {
        "id": 24664,
        "name": "K\u00e9fir Natural NESTLE",
        "price": 1.22,
        "price_kilo": 8.13,
        "slug": "kefir-natural",
        "description": "K\u00e9fir Natural 150 Gr",
        "image": "https:\/\/cdn-consum.aktiosdigitalservices.com\/tol\/consum\/media\/product\/img\/300x300\/7359412.jpg?t=20250312125753"
    },
    {
        "id": 24666,
        "name": "K\u00e9fir Desnatado 0% Leche de Vaca PASTORET",
        "price": 2.32,
        "price_kilo": 4.64,
        "slug": "kefir-desnatado-0-leche-de-vaca",
        "description": "K\u00e9fir Desnatado 0% Leche de Vaca 500 Gr",
        "image": "https:\/\/cdn-consum.aktiosdigitalservices.com\/tol\/consum\/media\/product\/img\/300x300\/7359425.jpg?t=20250218080846"
    },
    {
        "id": 24674,
        "name": "Papel Multiusos GREEN FLISS",
        "price": 2.49,
        "price_kilo": 0.08,
        "slug": "papel-multiusos",
        "description": "Papel Multiusos 30 M",
        "image": "https:\/\/cdn-consum.aktiosdigitalservices.com\/tol\/consum\/media\/product\/img\/300x300\/7359875.jpg?t=20241217081206"
    },
    {
        "id": 24678,
        "name": "Infusi\u00f3n Ar\u00e1ndanos con Hibisco 20 Bolsitas HORNIMANS",
        "price": 2.99,
        "price_kilo": 0.15,
        "slug": "infusion-arandanos-con-hibisco-20-bolsitas",
        "description": "Infusi\u00f3n Ar\u00e1ndanos con Hibisco 20 Bolsitas 20 U",
        "image": "https:\/\/cdn-consum.aktiosdigitalservices.com\/tol\/consum\/media\/product\/img\/300x300\/7359933.jpg?t=20250312160817"
    },
    {
        "id": 24679,
        "name": "Comida H\u00fameda para Perro Sabor Pollo e h\u00edgado CESAR",
        "price": 2.89,
        "price_kilo": 9.63,
        "slug": "comida-humeda-para-perro-sabor-pollo-e-higado",
        "description": "Comida H\u00fameda para Perro Sabor Pollo e h\u00edgado Tarrina 300g",
        "image": "https:\/\/cdn-consum.aktiosdigitalservices.com\/tol\/consum\/media\/product\/img\/300x300\/7359938.jpg?t=20250313080741"
    },
    {
        "id": 24682,
        "name": "Infusi\u00f3n Maca y Jengibre 20 Bolsitas HORNIMANS",
        "price": 2.99,
        "price_kilo": 0.15,
        "slug": "infusion-maca-y-jengibre-20-bolsitas",
        "description": "Infusi\u00f3n Maca y Jengibre 20 Bolsitas 20 U",
        "image": "https:\/\/cdn-consum.aktiosdigitalservices.com\/tol\/consum\/media\/product\/img\/300x300\/7359953.jpg?t=20250312160819"
    },
    {
        "id": 24684,
        "name": "Pan Bao 6 Unidades ",
        "price": 2.35,
        "price_kilo": 9.79,
        "slug": "pan-bao-6-unidades",
        "description": "Pan Bao 6 Unidades 240 Gr",
        "image": "https:\/\/cdn-consum.aktiosdigitalservices.com\/tol\/consum\/media\/product\/img\/300x300\/7359974.jpg?t=20250301075916"
    },
    {
        "id": 24707,
        "name": "Suavizante Frescor CONSUM",
        "price": 1.9,
        "price_kilo": 0.02,
        "slug": "suavizante-frescor",
        "description": "Suavizante Frescor 80 Lv",
        "image": "https:\/\/cdn-consum.aktiosdigitalservices.com\/tol\/consum\/media\/product\/img\/300x300\/7330368.jpg?t=20250102080711"
    },
    {
        "id": 24708,
        "name": "Suavizante Rosa Mosqueta CONSUM",
        "price": 1.9,
        "price_kilo": 0.02,
        "slug": "suavizante-rosa-mosqueta",
        "description": "Suavizante Rosa Mosqueta 80 Lv",
        "image": "https:\/\/cdn-consum.aktiosdigitalservices.com\/tol\/consum\/media\/product\/img\/300x300\/7335102.jpg?t=20250102080718"
    },
    {
        "id": 24709,
        "name": "Bolsitas Perfumadas Aroma Ropa Limpia CONSUM",
        "price": 2.65,
        "price_kilo": 0.88,
        "slug": "bolsitas-perfumadas-aroma-ropa-limpia",
        "description": "Bolsitas Perfumadas Aroma Ropa Limpia 3 U",
        "image": "https:\/\/cdn-consum.aktiosdigitalservices.com\/tol\/consum\/media\/product\/img\/300x300\/7339117.jpg?t=20241217081150"
    },
    {
        "id": 24710,
        "name": "Bolsitas Perfumadas Aroma Floral CONSUM",
        "price": 2.65,
        "price_kilo": 0.88,
        "slug": "bolsitas-perfumadas-aroma-floral",
        "description": "Bolsitas Perfumadas Aroma Floral 3 U",
        "image": "https:\/\/cdn-consum.aktiosdigitalservices.com\/tol\/consum\/media\/product\/img\/300x300\/7339125.jpg?t=20241217081150"
    },
    {
        "id": 24728,
        "name": "Burger Meat Vacuno ",
        "price": 1.25,
        "price_kilo": 10.42,
        "slug": "burger-meat-vacuno",
        "description": "Burger Meat Vacuno 120 Gr",
        "image": "https:\/\/cdn-consum.aktiosdigitalservices.com\/tol\/consum\/media\/product\/img\/300x300\/7358138.jpg?t=20241217081205"
    },
    {
        "id": 24729,
        "name": "Burger Meat Pollo ",
        "price": 1.19,
        "price_kilo": 9.92,
        "slug": "burger-meat-pollo",
        "description": "Burger Meat Pollo 120 Gr",
        "image": "https:\/\/cdn-consum.aktiosdigitalservices.com\/tol\/consum\/media\/product\/img\/300x300\/7358232.jpg?t=20250304113007"
    },
    {
        "id": 24733,
        "name": "Chuleta Sajonia EL POZO",
        "price": 4.24,
        "price_kilo": 10.6,
        "slug": "chuleta-sajonia",
        "description": "Chuleta Sajonia",
        "image": "https:\/\/cdn-consum.aktiosdigitalservices.com\/tol\/consum\/media\/product\/img\/300x300\/7358955.jpg?t=20241217081205"
    },
    {
        "id": 24736,
        "name": "Comida Seca Pollo Gatos Esterilizados ULTIMA",
        "price": 10.5,
        "price_kilo": 7,
        "slug": "comida-seca-pollo-gatos-esterilizados",
        "description": "Comida Seca Pollo Gatos Esterilizados 1,5 Kg",
        "image": "https:\/\/cdn-consum.aktiosdigitalservices.com\/tol\/consum\/media\/product\/img\/300x300\/7359409.jpg?t=20250227093455"
    },
    {
        "id": 24741,
        "name": "M&M's bolitas de Cacahuetes y Chocolate con Leche MARS",
        "price": 3.99,
        "price_kilo": 19.95,
        "slug": "mms-bolitas-de-cacahuetes-y-chocolate-con-leche",
        "description": "M&M's bolitas de Cacahuetes y Chocolate con Leche, 200g",
        "image": "https:\/\/cdn-consum.aktiosdigitalservices.com\/tol\/consum\/media\/product\/img\/300x300\/7359748.jpg?t=20250311134244"
    },
    {
        "id": 24742,
        "name": "Snack Chocolate MARS",
        "price": 2.99,
        "price_kilo": 22.15,
        "slug": "snack-chocolate",
        "description": "Snack Chocolate 3 x 45 Gr",
        "image": "https:\/\/cdn-consum.aktiosdigitalservices.com\/tol\/consum\/media\/product\/img\/300x300\/7359750.jpg?t=20250311134246"
    },
    {
        "id": 24743,
        "name": "Snack Chocolate SNICKERS",
        "price": 2.99,
        "price_kilo": 19.93,
        "slug": "snack-chocolate",
        "description": "Snack Chocolate 3 x 50 Gr",
        "image": "https:\/\/cdn-consum.aktiosdigitalservices.com\/tol\/consum\/media\/product\/img\/300x300\/7359755.jpg?t=20250311134248"
    },
    {
        "id": 24744,
        "name": "Chocolatina TWIX",
        "price": 2.99,
        "price_kilo": 19.93,
        "slug": "chocolatina",
        "description": "Chocolatina 3 x 50 Gr",
        "image": "https:\/\/cdn-consum.aktiosdigitalservices.com\/tol\/consum\/media\/product\/img\/300x300\/7359763.jpg?t=20250311134251"
    },
    {
        "id": 24745,
        "name": "Colonia Femenina Rose BENETTON",
        "price": 12.95,
        "price_kilo": 25.9,
        "slug": "colonia-femenina-rose",
        "description": "Colonia Femenina Rose 50 ml",
        "image": "https:\/\/cdn-consum.aktiosdigitalservices.com\/tol\/consum\/media\/product\/img\/300x300\/7359839.jpg?t=20250311164617"
    },
    {
        "id": 24746,
        "name": "Colonia Femenina Ibiza Queen Sexy PACHA IBIZA",
        "price": 10.95,
        "price_kilo": 13.69,
        "slug": "colonia-femenina-ibiza-queen-sexy",
        "description": "Colonia Femenina Ibiza Queen Sexy 80 ml",
        "image": "https:\/\/cdn-consum.aktiosdigitalservices.com\/tol\/consum\/media\/product\/img\/300x300\/7359859.jpg?t=20241217081206"
    },
    {
        "id": 24756,
        "name": "Vermut Rojo Reserva VITTORE",
        "price": 7.29,
        "price_kilo": 9.72,
        "slug": "vermut-rojo-reserva",
        "description": "Vermut Rojo Reserva 0,75 L",
        "image": "https:\/\/cdn-consum.aktiosdigitalservices.com\/tol\/consum\/media\/product\/img\/300x300\/7360303.jpg?t=20241217081206"
    },
    {
        "id": 24765,
        "name": "Suavizante Relax CONSUM",
        "price": 1.9,
        "price_kilo": 0.02,
        "slug": "suavizante-relax",
        "description": "Suavizante Relax 80 Lv",
        "image": "https:\/\/cdn-consum.aktiosdigitalservices.com\/tol\/consum\/media\/product\/img\/300x300\/7335107.jpg?t=20250102080720"
    },
    {
        "id": 24766,
        "name": "Bayeta Microfibra XXL 4 M\u00e1s 1 de Regalo SPONTEX",
        "price": 4.95,
        "price_kilo": 0.99,
        "slug": "bayeta-microfibra-xxl-4-mas-1-de-regalo",
        "description": "Bayeta Microfibra XXL 4 M\u00e1s 1 de Regalo 4 U",
        "image": "https:\/\/cdn-consum.aktiosdigitalservices.com\/tol\/consum\/media\/product\/img\/300x300\/7348071.jpg?t=20250313080707"
    },
    {
        "id": 24776,
        "name": "Cheddar Bites congelado FRIPOZO",
        "price": 2.99,
        "price_kilo": 11.96,
        "slug": "cheddar-bites-congelado",
        "description": "Cheddar Bites congelado 250 Gr",
        "image": "https:\/\/cdn-consum.aktiosdigitalservices.com\/tol\/consum\/media\/product\/img\/300x300\/7359479.jpg?t=20250227093459"
    },
    {
        "id": 24807,
        "name": "Jam\u00f3n de Cebo en Tapas 50% Raza Ib\u00e9rica LOS IB\u00c9RICOS",
        "price": 6.39,
        "price_kilo": 71,
        "slug": "jamon-de-cebo-en-tapas-50-raza-iberica",
        "description": "Jam\u00f3n de Cebo en Tapas 50% Raza Ib\u00e9rica 90 Gr",
        "image": "https:\/\/cdn-consum.aktiosdigitalservices.com\/tol\/consum\/media\/product\/img\/300x300\/7360329.jpg?t=20250312160822"
    },
    {
        "id": 24808,
        "name": "Paleta de Cebo en Tapas 50% Raza Ib\u00e9rica LOS IB\u00c9RICOS",
        "price": 6.29,
        "price_kilo": 62.9,
        "slug": "paleta-de-cebo-en-tapas-50-raza-iberica",
        "description": "Paleta de Cebo en Tapas 50% Raza Ib\u00e9rica 100 Gr",
        "image": "https:\/\/cdn-consum.aktiosdigitalservices.com\/tol\/consum\/media\/product\/img\/300x300\/7360332.jpg?t=20250312160824"
    },
    {
        "id": 24809,
        "name": "Lomo de Cebo en Tapas 50% Raza Ib\u00e9rica LOS IB\u00c9RICOS",
        "price": 4.29,
        "price_kilo": 47.67,
        "slug": "lomo-de-cebo-en-tapas-50-raza-iberica",
        "description": "Lomo de Cebo en Tapas 50% Raza Ib\u00e9rica 90 Gr",
        "image": "https:\/\/cdn-consum.aktiosdigitalservices.com\/tol\/consum\/media\/product\/img\/300x300\/7360337.jpg?t=20250304113049"
    },
    {
        "id": 24810,
        "name": "Chorizo Ib\u00e9rico Extra en Tapas LOS IB\u00c9RICOS",
        "price": 2.65,
        "price_kilo": 33.13,
        "slug": "chorizo-iberico-extra-en-tapas",
        "description": "Chorizo Ib\u00e9rico Extra en Tapas 80 Gr",
        "image": "https:\/\/cdn-consum.aktiosdigitalservices.com\/tol\/consum\/media\/product\/img\/300x300\/7360340.jpg?t=20250227093509"
    },
    {
        "id": 24811,
        "name": "Salchich\u00f3n Ib\u00e9rico Extra en Tapas LOS IB\u00c9RICOS",
        "price": 2.65,
        "price_kilo": 33.13,
        "slug": "salchichon-iberico-extra-en-tapas",
        "description": "Salchich\u00f3n Ib\u00e9rico Extra en Tapas 80 Gr",
        "image": "https:\/\/cdn-consum.aktiosdigitalservices.com\/tol\/consum\/media\/product\/img\/300x300\/7360345.jpg?t=20250227093511"
    },
    {
        "id": 24813,
        "name": "Lomo de Bellota 100 %  Ib\u00e9rico- Sin Aditivos MONTARAZ",
        "price": 5.19,
        "price_kilo": 64.88,
        "slug": "lomo-de-bellota-100-iberico--sin-aditivos",
        "description": "Lomo de Bellota 100 %  Ib\u00e9rico- Sin Aditivos 80 Gr",
        "image": "https:\/\/cdn-consum.aktiosdigitalservices.com\/tol\/consum\/media\/product\/img\/300x300\/7360449.jpg?t=20241217081206"
    },
    {
        "id": 24814,
        "name": "Brocha Afeitar Pelo Natural LEA",
        "price": 6.29,
        "price_kilo": 6.29,
        "slug": "brocha-afeitar-pelo-natural",
        "description": "Brocha Afeitar Pelo Natural 1 U",
        "image": "https:\/\/cdn-consum.aktiosdigitalservices.com\/tol\/consum\/media\/product\/img\/300x300\/7360485.jpg?t=20250206094418"
    },
    {
        "id": 24829,
        "name": "Estropajo Salvau\u00f1as 4 M\u00e1s 4 Regalo SPONTEX",
        "price": 3.29,
        "price_kilo": 0.41,
        "slug": "estropajo-salvaunas-4-mas-4-regalo",
        "description": "Estropajo Salvau\u00f1as 4 M\u00e1s 4 Regalo 8 U",
        "image": "https:\/\/cdn-consum.aktiosdigitalservices.com\/tol\/consum\/media\/product\/img\/300x300\/7360881.jpg?t=20250206094424"
    },
    {
        "id": 24830,
        "name": "Aditivo Textil ASEVI",
        "price": 2.55,
        "price_kilo": 3.54,
        "slug": "aditivo-textil",
        "description": "Aditivo Textil 720 ml",
        "image": "https:\/\/cdn-consum.aktiosdigitalservices.com\/tol\/consum\/media\/product\/img\/300x300\/7360907.jpg?t=20241217081206"
    },
    {
        "id": 24834,
        "name": "Cacao Soluble COLA CAO",
        "price": 4.39,
        "price_kilo": 11.46,
        "slug": "cacao-soluble",
        "description": "Cacao Soluble 383 Gr",
        "image": "https:\/\/cdn-consum.aktiosdigitalservices.com\/tol\/consum\/media\/product\/img\/300x300\/7360985.jpg?t=20250311134301"
    },
    {
        "id": 24842,
        "name": "Suavizante Talco CONSUM",
        "price": 1.9,
        "price_kilo": 0.02,
        "slug": "suavizante-talco",
        "description": "Suavizante Talco 80 Lv",
        "image": "https:\/\/cdn-consum.aktiosdigitalservices.com\/tol\/consum\/media\/product\/img\/300x300\/7335099.jpg?t=20250102080716"
    },
    {
        "id": 24847,
        "name": "Refresco Sand\u00eda Zero Lata FANTA",
        "price": 0.75,
        "price_kilo": 2.27,
        "slug": "refresco-sandia-zero-lata",
        "description": "Refresco Sand\u00eda Zero Lata 0,33 L",
        "image": "https:\/\/cdn-consum.aktiosdigitalservices.com\/tol\/consum\/media\/product\/img\/300x300\/7354608.jpg?t=20250227093411"
    },
    {
        "id": 24849,
        "name": "Vino Tinto D.O. Utiel Requena EL MIRACLE",
        "price": 5.99,
        "price_kilo": 7.99,
        "slug": "vino-tinto-do-utiel-requena",
        "description": "Vino Tinto D.O. Utiel Requena 0,75 L",
        "image": "https:\/\/cdn-consum.aktiosdigitalservices.com\/tol\/consum\/media\/product\/img\/300x300\/7356314.jpg?t=20250311124949"
    },
    {
        "id": 24854,
        "name": "Queso Cabra Semicurado CARMEN",
        "price": 4.69,
        "price_kilo": 23.45,
        "slug": "queso-cabra-semicurado",
        "description": "Queso Cabra Semicurado 200 Gr",
        "image": "https:\/\/cdn-consum.aktiosdigitalservices.com\/tol\/consum\/media\/product\/img\/300x300\/7360592.jpg?t=20250103082028"
    },
    {
        "id": 24855,
        "name": "Cerveza Artesana MALA VIDA",
        "price": 1.99,
        "price_kilo": 6.03,
        "slug": "cerveza-artesana",
        "description": "Cerveza Artesana 0,33 L",
        "image": "https:\/\/cdn-consum.aktiosdigitalservices.com\/tol\/consum\/media\/product\/img\/300x300\/7360675.jpg?t=20241217081206"
    },
    {
        "id": 24858,
        "name": "Placas para Lasa\u00f1a y Canelones sin Gluten GALLO",
        "price": 2.81,
        "price_kilo": 11.24,
        "slug": "placas-para-lasana-y-canelones-sin-gluten",
        "description": "Placas para Lasa\u00f1a y Canelones sin Gluten 250 Gr",
        "image": "https:\/\/cdn-consum.aktiosdigitalservices.com\/tol\/consum\/media\/product\/img\/300x300\/7360795.jpg?t=20250319075925"
    },
    {
        "id": 24863,
        "name": "Colonia Familiar HENO PRAVIA",
        "price": 4.19,
        "price_kilo": 0.54,
        "slug": "colonia-familiar",
        "description": "Colonia Familiar 780 ml",
        "image": "https:\/\/cdn-consum.aktiosdigitalservices.com\/tol\/consum\/media\/product\/img\/300x300\/7360936.jpg?t=20250312125758"
    },
    {
        "id": 24864,
        "name": "Body Spray LAISEVEN",
        "price": 2.79,
        "price_kilo": 1.4,
        "slug": "body-spray",
        "description": "Body Spray 200 ml",
        "image": "https:\/\/cdn-consum.aktiosdigitalservices.com\/tol\/consum\/media\/product\/img\/300x300\/7360964.jpg?t=20250311164617"
    },
    {
        "id": 24872,
        "name": "Limpiador Desincrustante 4 en 1 ASH",
        "price": 3.9,
        "price_kilo": 5.2,
        "slug": "limpiador-desincrustante-4-en-1",
        "description": "Limpiador Desincrustante 4 en 1 750 ml",
        "image": "https:\/\/cdn-consum.aktiosdigitalservices.com\/tol\/consum\/media\/product\/img\/300x300\/7361330.jpg?t=20241217081207"
    },
    {
        "id": 24873,
        "name": "Refresco T\u00e9 Melocot\u00f3n Botella DON SIMON",
        "price": 1,
        "price_kilo": 0.67,
        "slug": "refresco-te-melocoton-botella",
        "description": "Refresco T\u00e9 Melocot\u00f3n Botella 1,5 L",
        "image": "https:\/\/cdn-consum.aktiosdigitalservices.com\/tol\/consum\/media\/product\/img\/300x300\/7361368.jpg?t=20250311134302"
    },
    {
        "id": 24874,
        "name": "Refresco T\u00e9 Lim\u00f3n Botella DON SIMON",
        "price": 1,
        "price_kilo": 0.67,
        "slug": "refresco-te-limon-botella",
        "description": "Refresco T\u00e9 Lim\u00f3n Botella 1,5 L",
        "image": "https:\/\/cdn-consum.aktiosdigitalservices.com\/tol\/consum\/media\/product\/img\/300x300\/7361376.jpg?t=20250311134305"
    },
    {
        "id": 24875,
        "name": "Ron A\u00f1ejo Cubano 3 A\u00f1os HAVANA CLUB",
        "price": 13.9,
        "price_kilo": 19.86,
        "slug": "ron-anejo-cubano-3-anos",
        "description": "Ron A\u00f1ejo Cubano 3 A\u00f1os 0,7 L",
        "image": "https:\/\/cdn-consum.aktiosdigitalservices.com\/tol\/consum\/media\/product\/img\/300x300\/7361483.jpg?t=20250311164617"
    },
    {
        "id": 24878,
        "name": "Mini Perritos Brioche 10 Unidades ",
        "price": 1.88,
        "price_kilo": 6.27,
        "slug": "mini-perritos-brioche-10-unidades",
        "description": "Mini Perritos Brioche 10 Unidades 300 Gr",
        "image": "https:\/\/cdn-consum.aktiosdigitalservices.com\/tol\/consum\/media\/product\/img\/300x300\/7361566.jpg?t=20250228080433"
    },
    {
        "id": 24883,
        "name": "Snack Dental Perro Razas Medianas\/Grande VITALITY",
        "price": 1.15,
        "price_kilo": 7.67,
        "slug": "snack-dental-perro-razas-medianas-grande",
        "description": "Snack Dental Perro Razas Medianas\/Grande 150 Gr",
        "image": "https:\/\/cdn-consum.aktiosdigitalservices.com\/tol\/consum\/media\/product\/img\/300x300\/7340516.jpg?t=20250313080701"
    },
    {
        "id": 24887,
        "name": "Pa\u00f1al Pants T 4 9-15 Kilos DODOT",
        "price": 13.95,
        "price_kilo": 0.42,
        "slug": "panal-pants-t-4-9-15-kilos",
        "description": "Pa\u00f1al Pants T 4 9-15 Kilos 33 U",
        "image": "https:\/\/cdn-consum.aktiosdigitalservices.com\/tol\/consum\/media\/product\/img\/300x300\/7359581.jpg?t=20250313080734"
    },
    {
        "id": 24889,
        "name": "Pa\u00f1al Pants T 5 12-18 Kilos DODOT",
        "price": 13.95,
        "price_kilo": 0.47,
        "slug": "panal-pants-t-5-12-18-kilos",
        "description": "Pa\u00f1al Pants T 5 12-18 Kilos 30 U",
        "image": "https:\/\/cdn-consum.aktiosdigitalservices.com\/tol\/consum\/media\/product\/img\/300x300\/7359594.jpg?t=20250313080736"
    },
    {
        "id": 24890,
        "name": "Pa\u00f1al Pants T 6 16-22 Kilos DODOT",
        "price": 13.95,
        "price_kilo": 0.52,
        "slug": "panal-pants-t-6-16-22-kilos",
        "description": "Pa\u00f1al Pants T 6 16-22 Kilos 27 U",
        "image": "https:\/\/cdn-consum.aktiosdigitalservices.com\/tol\/consum\/media\/product\/img\/300x300\/7359607.jpg?t=20250313080738"
    },
    {
        "id": 24893,
        "name": "Lim\u00f3n Granizado 0% sin Az\u00facar A\u00f1adido MONZO",
        "price": 2.55,
        "price_kilo": 3.19,
        "slug": "limon-granizado-0-sin-azucar-anadido",
        "description": "Lim\u00f3n Granizado 0% sin Az\u00facar A\u00f1adido 800 Gr",
        "image": "https:\/\/cdn-consum.aktiosdigitalservices.com\/tol\/consum\/media\/product\/img\/300x300\/7360738.jpg?t=20250315075847"
    },
    {
        "id": 24899,
        "name": "Membrillo para Untar SANTA TERESA",
        "price": 2.19,
        "price_kilo": 12.51,
        "slug": "membrillo-para-untar",
        "description": "Membrillo para Untar 175 Gr",
        "image": "https:\/\/cdn-consum.aktiosdigitalservices.com\/tol\/consum\/media\/product\/img\/300x300\/7361405.jpg?t=20241217081207"
    },
    {
        "id": 24908,
        "name": "Tequila Reposado 38",
        "price": 10.5,
        "price_kilo": 15,
        "slug": "tequila-reposado",
        "description": "Tequila Reposado 0,7 L",
        "image": "https:\/\/cdn-consum.aktiosdigitalservices.com\/tol\/consum\/media\/product\/img\/300x300\/7358307.jpg?t=20241217081205"
    },
    {
        "id": 24909,
        "name": "Pa\u00f1al Beb\u00e9 Activity T 4 9-14 Kilos DODOT",
        "price": 28.99,
        "price_kilo": 0.5,
        "slug": "panal-bebe-activity-t-4-9-14-kilos",
        "description": "Pa\u00f1al Beb\u00e9 Activity T 4 9-14 Kilos 58 U",
        "image": "https:\/\/cdn-consum.aktiosdigitalservices.com\/tol\/consum\/media\/product\/img\/300x300\/7359565.jpg?t=20250227093500"
    },
    {
        "id": 24910,
        "name": "Pa\u00f1al Beb\u00e9 Activity T 5 11-16 Kilos DODOT",
        "price": 28.99,
        "price_kilo": 0.56,
        "slug": "panal-bebe-activity-t-5-11-16-kilos",
        "description": "Pa\u00f1al Beb\u00e9 Activity T 5 11-16 Kilos 52 U",
        "image": "https:\/\/cdn-consum.aktiosdigitalservices.com\/tol\/consum\/media\/product\/img\/300x300\/7359573.jpg?t=20250227093502"
    },
    {
        "id": 24916,
        "name": "Queso Azul D'Auvergne DOP F.OCCITANES",
        "price": 1.49,
        "price_kilo": 14.9,
        "slug": "queso-azul-dauvergne-dop",
        "description": "Queso Azul D'Auvergne DOP 100 Gr",
        "image": "https:\/\/cdn-consum.aktiosdigitalservices.com\/tol\/consum\/media\/product\/img\/300x300\/7360543.jpg?t=20250109103408"
    },
    {
        "id": 24919,
        "name": "Queso Artesano Reserva Leche Cruda Mezcla CARMEN",
        "price": 3.79,
        "price_kilo": 18.95,
        "slug": "queso-artesano-reserva-leche-cruda-mezcla",
        "description": "Queso Artesano Reserva Leche Cruda Mezcla 200 Gr",
        "image": "https:\/\/cdn-consum.aktiosdigitalservices.com\/tol\/consum\/media\/product\/img\/300x300\/7360597.jpg?t=20250322080006"
    },
    {
        "id": 24928,
        "name": "Vino Blanco Sauvignon D.O.Rueda OVACION",
        "price": 3.4,
        "price_kilo": 4.53,
        "slug": "vino-blanco-sauvignon-dorueda",
        "description": "Vino Blanco Sauvignon D.O.Rueda 0,75 L",
        "image": "https:\/\/cdn-consum.aktiosdigitalservices.com\/tol\/consum\/media\/product\/img\/300x300\/7361640.jpg?t=20250129080033"
    },
    {
        "id": 24929,
        "name": "Vino Blanco D.O.Rueda CELESTE",
        "price": 7.75,
        "price_kilo": 10.33,
        "slug": "vino-blanco-dorueda",
        "description": "Vino Blanco D.O.Rueda 0,75 L",
        "image": "https:\/\/cdn-consum.aktiosdigitalservices.com\/tol\/consum\/media\/product\/img\/300x300\/7361751.jpg?t=20250311125034"
    },
    {
        "id": 24932,
        "name": "Dent\u00edfrico Frescor Diario PARODONTAX",
        "price": 4.79,
        "price_kilo": 6.39,
        "slug": "dentifrico-frescor-diario",
        "description": "Dent\u00edfrico Frescor Diario 75 ml",
        "image": "https:\/\/cdn-consum.aktiosdigitalservices.com\/tol\/consum\/media\/product\/img\/300x300\/7361830.jpg?t=20250212080127"
    },
    {
        "id": 24934,
        "name": "Dent\u00edfrico Complete Protection Blanqueante PARODONTAX",
        "price": 5.79,
        "price_kilo": 7.72,
        "slug": "dentifrico-complete-protection-blanqueante",
        "description": "Dent\u00edfrico Complete Protection Blanqueante 75 ml",
        "image": "https:\/\/cdn-consum.aktiosdigitalservices.com\/tol\/consum\/media\/product\/img\/300x300\/7361843.jpg?t=20250211080301"
    },
    {
        "id": 24937,
        "name": "Limpia Vitrocer\u00e1mica VITROCLEN",
        "price": 5.29,
        "price_kilo": 11.76,
        "slug": "limpia-vitroceramica",
        "description": "Limpia Vitrocer\u00e1mica 0,45 L",
        "image": "https:\/\/cdn-consum.aktiosdigitalservices.com\/tol\/consum\/media\/product\/img\/300x300\/7361954.jpg?t=20241217081207"
    },
    {
        "id": 24939,
        "name": "Pinza Depilar Punta Recta BETER",
        "price": 2.99,
        "price_kilo": 2.99,
        "slug": "pinza-depilar-punta-recta",
        "description": "Pinza Depilar Punta Recta 1 U",
        "image": "https:\/\/cdn-consum.aktiosdigitalservices.com\/tol\/consum\/media\/product\/img\/300x300\/7362007.jpg?t=20241217081207"
    },
    {
        "id": 24956,
        "name": "Barra Integral 100% ",
        "price": 1.22,
        "price_kilo": 5.3,
        "slug": "barra-integral-100",
        "description": "Barra Integral 100% 230 Gr",
        "image": "https:\/\/cdn-consum.aktiosdigitalservices.com\/tol\/consum\/media\/product\/img\/300x300\/7362304.jpg?t=20250312125801"
    },
    {
        "id": 24959,
        "name": "Bebida de Arroz y Avellanas Brik YOSOY",
        "price": 2.1,
        "price_kilo": 2.1,
        "slug": "bebida-de-arroz-y-avellanas-brik",
        "description": "Bebida de Arroz y Avellanas Brik 1 L",
        "image": "https:\/\/cdn-consum.aktiosdigitalservices.com\/tol\/consum\/media\/product\/img\/300x300\/7362395.jpg?t=20250311111429"
    },
    {
        "id": 24961,
        "name": "Galletitas Animales Solo Cereales 100% Eco-B\u00edo HERO",
        "price": 3.49,
        "price_kilo": 34.9,
        "slug": "galletitas-animales-solo-cereales-100-eco-bio",
        "description": "Galletitas Animales Solo Cereales 100% Eco-B\u00edo 100 Gr",
        "image": "https:\/\/cdn-consum.aktiosdigitalservices.com\/tol\/consum\/media\/product\/img\/300x300\/7362452.jpg?t=20250311164617"
    },
    {
        "id": 24962,
        "name": "Burger Brioche DULCESOL",
        "price": 1.69,
        "price_kilo": 4.97,
        "slug": "burger-brioche",
        "description": "Burger Brioche 340 Gr",
        "image": "https:\/\/cdn-consum.aktiosdigitalservices.com\/tol\/consum\/media\/product\/img\/300x300\/7362544.jpg?t=20250320080154"
    },
    {
        "id": 24966,
        "name": "Lavavajillas Mano ECO CONSUM ECO",
        "price": 1.39,
        "price_kilo": 2.78,
        "slug": "lavavajillas-mano-eco",
        "description": "Lavavajillas Mano ECO 0,5 L",
        "image": "https:\/\/cdn-consum.aktiosdigitalservices.com\/tol\/consum\/media\/product\/img\/300x300\/7344653.jpg?t=20241217081154"
    },
    {
        "id": 24970,
        "name": "Perlas Silice Gatos MAGIC CLEAN",
        "price": 4.75,
        "price_kilo": 1.25,
        "slug": "perlas-silice-gatos",
        "description": "Perlas Silice Gatos 3,8 L",
        "image": "https:\/\/cdn-consum.aktiosdigitalservices.com\/tol\/consum\/media\/product\/img\/300x300\/7360667.jpg?t=20250227093513"
    },
    {
        "id": 24984,
        "name": "Dados Ensaladas Edam,Gouda y Cheddar JUAN LUNA",
        "price": 1.36,
        "price_kilo": 13.6,
        "slug": "dados-ensaladas-edamgouda-y-cheddar",
        "description": "Dados Ensaladas Edam,Gouda y Cheddar 100 Gr",
        "image": "https:\/\/cdn-consum.aktiosdigitalservices.com\/tol\/consum\/media\/product\/img\/300x300\/7361715.jpg?t=20250103082033"
    },
    {
        "id": 24989,
        "name": "Tortilla Pocket Paquete 8 Unidades OLD EL PASO",
        "price": 3.21,
        "price_kilo": 14.39,
        "slug": "tortilla-pocket-paquete-8-unidades",
        "description": "Tortilla Pocket Paquete 8 Unidades 223 Gr",
        "image": "https:\/\/cdn-consum.aktiosdigitalservices.com\/tol\/consum\/media\/product\/img\/300x300\/7361827.jpg?t=20250311134307"
    },
    {
        "id": 24991,
        "name": "Perfilador de Cejas Slim 02 MAYBELLINE",
        "price": 6.99,
        "price_kilo": 6.99,
        "slug": "perfilador-de-cejas-slim-02",
        "description": "Perfilador de Cejas Slim 02 1 U",
        "image": "https:\/\/cdn-consum.aktiosdigitalservices.com\/tol\/consum\/media\/product\/img\/300x300\/7361884.jpg?t=20250311164617"
    },
    {
        "id": 24992,
        "name": "Perfilador de Cejas Slim 07 MAYBELLINE",
        "price": 6.99,
        "price_kilo": 6.99,
        "slug": "perfilador-de-cejas-slim-07",
        "description": "Perfilador de Cejas Slim 07 1 U",
        "image": "https:\/\/cdn-consum.aktiosdigitalservices.com\/tol\/consum\/media\/product\/img\/300x300\/7361889.jpg?t=20250311164617"
    },
    {
        "id": 24993,
        "name": "Perfilador de Cejas Slim 06 MAYBELLINE",
        "price": 6.99,
        "price_kilo": 6.99,
        "slug": "perfilador-de-cejas-slim-06",
        "description": "Perfilador de Cejas Slim 06 1 U",
        "image": "https:\/\/cdn-consum.aktiosdigitalservices.com\/tol\/consum\/media\/product\/img\/300x300\/7361897.jpg?t=20250227093528"
    },
    {
        "id": 24994,
        "name": "Perfilador de Cejas Slim 04 MAYBELLINE",
        "price": 6.99,
        "price_kilo": 6.99,
        "slug": "perfilador-de-cejas-slim-04",
        "description": "Perfilador de Cejas Slim 04 1 U",
        "image": "https:\/\/cdn-consum.aktiosdigitalservices.com\/tol\/consum\/media\/product\/img\/300x300\/7361900.jpg?t=20250311164617"
    },
    {
        "id": 24995,
        "name": "Perfilador de Cejas Slim 05 MAYBELLINE",
        "price": 6.99,
        "price_kilo": 6.99,
        "slug": "perfilador-de-cejas-slim-05",
        "description": "Perfilador de Cejas Slim 05 1 U",
        "image": "https:\/\/cdn-consum.aktiosdigitalservices.com\/tol\/consum\/media\/product\/img\/300x300\/7361905.jpg?t=20250227093533"
    },
    {
        "id": 24996,
        "name": "Perfilador de Cejas Slim 03 MAYBELLINE",
        "price": 6.99,
        "price_kilo": 6.99,
        "slug": "perfilador-de-cejas-slim-03",
        "description": "Perfilador de Cejas Slim 03 1 U",
        "image": "https:\/\/cdn-consum.aktiosdigitalservices.com\/tol\/consum\/media\/product\/img\/300x300\/7361913.jpg?t=20250227093534"
    },
    {
        "id": 24997,
        "name": "Perfilador de Cejas Slim 00 MAYBELLINE",
        "price": 6.99,
        "price_kilo": 6.99,
        "slug": "perfilador-de-cejas-slim-00",
        "description": "Perfilador de Cejas Slim 00 1 U",
        "image": "https:\/\/cdn-consum.aktiosdigitalservices.com\/tol\/consum\/media\/product\/img\/300x300\/7361918.jpg?t=20250227093536"
    },
    {
        "id": 25006,
        "name": "Mantecadas Luna LUNA",
        "price": 1.79,
        "price_kilo": 4.84,
        "slug": "mantecadas-luna",
        "description": "Mantecadas Luna 370 Gr",
        "image": "https:\/\/cdn-consum.aktiosdigitalservices.com\/tol\/consum\/media\/product\/img\/300x300\/7362556.jpg?t=20250311111437"
    },
    {
        "id": 25008,
        "name": "Macarrones Bolo\u00f1esa DUNANY",
        "price": 2.5,
        "price_kilo": 8.93,
        "slug": "macarrones-bolonesa",
        "description": "Macarrones Bolo\u00f1esa 280 Gr",
        "image": "https:\/\/cdn-consum.aktiosdigitalservices.com\/tol\/consum\/media\/product\/img\/300x300\/7362937.jpg?t=20241217081208"
    },
    {
        "id": 25009,
        "name": "Espaguetis Bolo\u00f1esa DUNANY",
        "price": 2.49,
        "price_kilo": 8.89,
        "slug": "espaguetis-bolonesa",
        "description": "Espaguetis Bolo\u00f1esa 280 Gr",
        "image": "https:\/\/cdn-consum.aktiosdigitalservices.com\/tol\/consum\/media\/product\/img\/300x300\/7362940.jpg?t=20241217081208"
    },
    {
        "id": 25010,
        "name": "Tallarines Carbonara DUNANY",
        "price": 2.29,
        "price_kilo": 8.18,
        "slug": "tallarines-carbonara",
        "description": "Tallarines Carbonara 280 Gr",
        "image": "https:\/\/cdn-consum.aktiosdigitalservices.com\/tol\/consum\/media\/product\/img\/300x300\/7362945.jpg?t=20241217081208"
    },
    {
        "id": 25013,
        "name": "Stick para Perro Sabor Salm\u00f3n VITALITY",
        "price": 1.15,
        "price_kilo": 5.75,
        "slug": "stick-para-perro-sabor-salmon",
        "description": "Stick para Perro Sabor Salm\u00f3n 200 Gr",
        "image": "https:\/\/cdn-consum.aktiosdigitalservices.com\/tol\/consum\/media\/product\/img\/300x300\/7346828.jpg?t=20250108080735"
    },
    {
        "id": 25018,
        "name": "Lasa\u00f1a Bolo\u00f1esa con Bechamel congelada MAHESO",
        "price": 6.59,
        "price_kilo": 6.59,
        "slug": "lasana-bolonesa-con-bechamel-congelada",
        "description": "Lasa\u00f1a Bolo\u00f1esa con Bechamel congelada 1 Kg",
        "image": "https:\/\/cdn-consum.aktiosdigitalservices.com\/tol\/consum\/media\/product\/img\/300x300\/7359602.jpg?t=20250227093503"
    },
    {
        "id": 25019,
        "name": "Limpiador Gel WC Con Lej\u00eda CONSUM",
        "price": 1,
        "price_kilo": 1,
        "slug": "limpiador-gel-wc-con-lejia",
        "description": "Limpiador Gel WC Con Lej\u00eda 1 L",
        "image": "https:\/\/cdn-consum.aktiosdigitalservices.com\/tol\/consum\/media\/product\/img\/300x300\/7360386.jpg?t=20250312092805"
    },
    {
        "id": 25024,
        "name": "Lonchas de Queso Semicurado Santtum EL PASTOR",
        "price": 1.55,
        "price_kilo": 19.38,
        "slug": "lonchas-de-queso-semicurado-santtum",
        "description": "Lonchas de Queso Semicurado Santtum 80 Gr",
        "image": "https:\/\/cdn-consum.aktiosdigitalservices.com\/tol\/consum\/media\/product\/img\/300x300\/7361934.jpg?t=20250103082036"
    },
    {
        "id": 25025,
        "name": "Cera Extramate NELLY",
        "price": 3.89,
        "price_kilo": 3.89,
        "slug": "cera-extramate",
        "description": "Cera Extramate 100 ml",
        "image": "https:\/\/cdn-consum.aktiosdigitalservices.com\/tol\/consum\/media\/product\/img\/300x300\/7362023.jpg?t=20241217081207"
    },
    {
        "id": 25039,
        "name": "Limpiador Jabonoso Para Madera CONSUM",
        "price": 1.55,
        "price_kilo": 1.55,
        "slug": "limpiador-jabonoso-para-madera",
        "description": "Limpiador Jabonoso Para Madera 1 L",
        "image": "https:\/\/cdn-consum.aktiosdigitalservices.com\/tol\/consum\/media\/product\/img\/300x300\/7360381.jpg?t=20241217081206"
    },
    {
        "id": 25040,
        "name": "Hidroalcoh\u00f3lico ANIAN",
        "price": 2.99,
        "price_kilo": 1,
        "slug": "hidroalcoholico",
        "description": "Hidroalcoh\u00f3lico 300 ml",
        "image": "https:\/\/cdn-consum.aktiosdigitalservices.com\/tol\/consum\/media\/product\/img\/300x300\/7360840.jpg?t=20241217081206"
    },
    {
        "id": 25042,
        "name": "Perfilador de Cejas Slim 01 MAYBELLINE",
        "price": 6.99,
        "price_kilo": 6.99,
        "slug": "perfilador-de-cejas-slim-01",
        "description": "Perfilador de Cejas Slim 01 1 U",
        "image": "https:\/\/cdn-consum.aktiosdigitalservices.com\/tol\/consum\/media\/product\/img\/300x300\/7361892.jpg?t=20250311164617"
    },
    {
        "id": 25059,
        "name": "Caf\u00e9 Ristretto 20 C\u00e1psulas MARCILLA",
        "price": 5.39,
        "price_kilo": 0.27,
        "slug": "cafe-ristretto-20-capsulas",
        "description": "Caf\u00e9 Ristretto 20 C\u00e1psulas 20 U",
        "image": "https:\/\/cdn-consum.aktiosdigitalservices.com\/tol\/consum\/media\/product\/img\/300x300\/7363153.jpg?t=20250311111441"
    },
    {
        "id": 25060,
        "name": "Caf\u00e9 Intenso 20 C\u00e1psulas MARCILLA",
        "price": 5.39,
        "price_kilo": 0.27,
        "slug": "cafe-intenso-20-capsulas",
        "description": "Caf\u00e9 Intenso 20 C\u00e1psulas 20 U",
        "image": "https:\/\/cdn-consum.aktiosdigitalservices.com\/tol\/consum\/media\/product\/img\/300x300\/7363158.jpg?t=20250311111443"
    },
    {
        "id": 25062,
        "name": "Caf\u00e9 Descafeinado 20 C\u00e1psulas MARCILLA",
        "price": 5.39,
        "price_kilo": 0.27,
        "slug": "cafe-descafeinado-20-capsulas",
        "description": "Caf\u00e9 Descafeinado 20 C\u00e1psulas 20 U",
        "image": "https:\/\/cdn-consum.aktiosdigitalservices.com\/tol\/consum\/media\/product\/img\/300x300\/7363166.jpg?t=20250311111446"
    },
    {
        "id": 25066,
        "name": "Rape Entero ",
        "price": 16.74,
        "price_kilo": 14.9,
        "slug": "rape-entero",
        "description": "Rape Entero - Pieza 1,3 kg aprox. - Disponible de mi\u00e9rcoles a s\u00e1bado",
        "image": "https:\/\/cdn-consum.aktiosdigitalservices.com\/tol\/consum\/media\/product\/img\/300x300\/7173136.jpg?t=20250322075911"
    },
    {
        "id": 25069,
        "name": "Galletas Perro Rellenas Pollo-Buey-Salm\u00f3n VITALITY",
        "price": 1.3,
        "price_kilo": 3.71,
        "slug": "galletas-perro-rellenas-pollo-buey-salmon",
        "description": "Galletas Perro Rellenas Pollo-Buey-Salm\u00f3n 350 Gr",
        "image": "https:\/\/cdn-consum.aktiosdigitalservices.com\/tol\/consum\/media\/product\/img\/300x300\/7338932.jpg?t=20241217081150"
    },
    {
        "id": 25070,
        "name": "Bombones Surtidos sin Gluten CONSUM",
        "price": 2.35,
        "price_kilo": 15.67,
        "slug": "bombones-surtidos-sin-gluten",
        "description": "Bombones Surtidos sin Gluten 150 Gr",
        "image": "https:\/\/cdn-consum.aktiosdigitalservices.com\/tol\/consum\/media\/product\/img\/300x300\/7343887.jpg?t=20250311134152"
    },
    {
        "id": 25071,
        "name": "Pa\u00f1al Braguita Talla 5 de 13 a 20 Kilos CONSUM KIDS",
        "price": 7.15,
        "price_kilo": 0.31,
        "slug": "panal-braguita-talla-5-de-13-a-20-kilos",
        "description": "Pa\u00f1al Braguita Talla 5 de 13 a 20 Kilos 23 U",
        "image": "https:\/\/cdn-consum.aktiosdigitalservices.com\/tol\/consum\/media\/product\/img\/300x300\/7349512.jpg?t=20241217081157"
    },
    {
        "id": 25072,
        "name": "Pa\u00f1al Braguita Talla 6 de 16 a 25 Kilos CONSUM KIDS",
        "price": 7.15,
        "price_kilo": 0.34,
        "slug": "panal-braguita-talla-6-de-16-a-25-kilos",
        "description": "Pa\u00f1al Braguita Talla 6 de 16 a 25 Kilos 21 U",
        "image": "https:\/\/cdn-consum.aktiosdigitalservices.com\/tol\/consum\/media\/product\/img\/300x300\/7349517.jpg?t=20241217081157"
    },
    {
        "id": 25073,
        "name": "At\u00fan Claro Natural Pack de 6 CONSUM",
        "price": 4.2,
        "price_kilo": 12.5,
        "slug": "atun-claro-natural-pack-de-6",
        "description": "At\u00fan Claro Natural Pack de 6 6 x 56 Gr",
        "image": "https:\/\/cdn-consum.aktiosdigitalservices.com\/tol\/consum\/media\/product\/img\/300x300\/7358620.jpg?t=20250125075834"
    },
    {
        "id": 25074,
        "name": "Desinfectante para Frutas y Verduras SANICENTRO",
        "price": 2.29,
        "price_kilo": 3.05,
        "slug": "desinfectante-para-frutas-y-verduras",
        "description": "Desinfectante para Frutas y Verduras 750 ml",
        "image": "https:\/\/cdn-consum.aktiosdigitalservices.com\/tol\/consum\/media\/product\/img\/300x300\/7359615.jpg?t=20250206094409"
    },
    {
        "id": 25087,
        "name": "Caf\u00e9 Grano Colombia L'OR",
        "price": 13.95,
        "price_kilo": 27.9,
        "slug": "cafe-grano-colombia",
        "description": "Caf\u00e9 Grano Colombia 500 Gr",
        "image": "https:\/\/cdn-consum.aktiosdigitalservices.com\/tol\/consum\/media\/product\/img\/300x300\/7363398.jpg?t=20250312160829"
    },
    {
        "id": 25096,
        "name": "Jab\u00f3n de Manos Jaboom Aroma Fresa y Nata CONSUM KIDS",
        "price": 1.4,
        "price_kilo": 0.28,
        "slug": "jabon-de-manos-jaboom-aroma-fresa-y-nata",
        "description": "Jab\u00f3n de Manos Jaboom Aroma Fresa y Nata 500 ml",
        "image": "https:\/\/cdn-consum.aktiosdigitalservices.com\/tol\/consum\/media\/product\/img\/300x300\/7348113.jpg?t=20241217081157"
    },
    {
        "id": 25098,
        "name": "Caf\u00e9 Espresso Colombia C\u00e1psulas L'OR",
        "price": 8.65,
        "price_kilo": 0.43,
        "slug": "cafe-espresso-colombia-capsulas",
        "description": "Caf\u00e9 Espresso Colombia C\u00e1psulas 20 U",
        "image": "https:\/\/cdn-consum.aktiosdigitalservices.com\/tol\/consum\/media\/product\/img\/300x300\/7361517.jpg?t=20250312160826"
    },
    {
        "id": 25104,
        "name": "Queso Maasdam Lonchas JUAN LUNA",
        "price": 2.99,
        "price_kilo": 14.95,
        "slug": "queso-maasdam-lonchas",
        "description": "Queso Maasdam Lonchas 200 Gr",
        "image": "https:\/\/cdn-consum.aktiosdigitalservices.com\/tol\/consum\/media\/product\/img\/300x300\/7363401.jpg?t=20250103082041"
    },
    {
        "id": 25106,
        "name": "Infusi\u00f3n Ultralax 20 Bolsitas POMPADOUR",
        "price": 2.79,
        "price_kilo": 0.14,
        "slug": "infusion-ultralax-20-bolsitas",
        "description": "Infusi\u00f3n Ultralax 20 Bolsitas 20 U",
        "image": "https:\/\/cdn-consum.aktiosdigitalservices.com\/tol\/consum\/media\/product\/img\/300x300\/7363450.jpg?t=20250311111451"
    },
    {
        "id": 25108,
        "name": "Queso Azul en Lonchas sin Lactosa LAZUR",
        "price": 2.29,
        "price_kilo": 22.9,
        "slug": "queso-azul-en-lonchas-sin-lactosa",
        "description": "Queso Azul en Lonchas sin Lactosa 100 Gr",
        "image": "https:\/\/cdn-consum.aktiosdigitalservices.com\/tol\/consum\/media\/product\/img\/300x300\/7363554.jpg?t=20250227093549"
    },
    {
        "id": 25127,
        "name": "T\u00e9 Verde 20 Bolsitas CONSUM",
        "price": 0.75,
        "price_kilo": 0.04,
        "slug": "te-verde-20-bolsitas",
        "description": "T\u00e9 Verde 20 Bolsitas 20 U",
        "image": "https:\/\/cdn-consum.aktiosdigitalservices.com\/tol\/consum\/media\/product\/img\/300x300\/7342400.jpg?t=20250311134142"
    },
    {
        "id": 25128,
        "name": "Gel de Ba\u00f1o Leche y Avena KYREY",
        "price": 1.5,
        "price_kilo": 0.2,
        "slug": "gel-de-bano-leche-y-avena",
        "description": "Gel de Ba\u00f1o Leche y Avena 750 ml",
        "image": "https:\/\/cdn-consum.aktiosdigitalservices.com\/tol\/consum\/media\/product\/img\/300x300\/7349546.jpg?t=20250312092804"
    },
    {
        "id": 25129,
        "name": "Gel de Ba\u00f1o Marino KYREY",
        "price": 1.5,
        "price_kilo": 0.2,
        "slug": "gel-de-bano-marino",
        "description": "Gel de Ba\u00f1o Marino 750 ml",
        "image": "https:\/\/cdn-consum.aktiosdigitalservices.com\/tol\/consum\/media\/product\/img\/300x300\/7349558.jpg?t=20250225080356"
    },
    {
        "id": 25130,
        "name": "Queso Roquefort DOP F.OCCITANES",
        "price": 2.15,
        "price_kilo": 21.5,
        "slug": "queso-roquefort-dop",
        "description": "Queso Roquefort DOP 100 Gr",
        "image": "https:\/\/cdn-consum.aktiosdigitalservices.com\/tol\/consum\/media\/product\/img\/300x300\/7360548.jpg?t=20250103082026"
    },
    {
        "id": 25145,
        "name": "Pechuga de Pavo al Punto de Sal Pack de 2 ALDELIS",
        "price": 2.49,
        "price_kilo": 23.94,
        "slug": "pechuga-de-pavo-al-punto-de-sal-pack-de-2",
        "description": "Pechuga de Pavo al Punto de Sal Pack de 2 2 x 52 Gr",
        "image": "https:\/\/cdn-consum.aktiosdigitalservices.com\/tol\/consum\/media\/product\/img\/300x300\/7363807.jpg?t=20241217081208"
    },
    {
        "id": 25148,
        "name": "Vino Blanco D.O.Valencia J. DE JUANES",
        "price": 3.39,
        "price_kilo": 4.52,
        "slug": "vino-blanco-dovalencia",
        "description": "Vino Blanco D.O.Valencia 0,75 L",
        "image": "https:\/\/cdn-consum.aktiosdigitalservices.com\/tol\/consum\/media\/product\/img\/300x300\/7363930.jpg?t=20241217081208"
    },
    {
        "id": 25154,
        "name": "Lavavajillas Concentrado ECO Pack CONSUM ECO",
        "price": 2.19,
        "price_kilo": 2.19,
        "slug": "lavavajillas-concentrado-eco-pack",
        "description": "Lavavajillas Concentrado ECO Pack 1 L",
        "image": "https:\/\/cdn-consum.aktiosdigitalservices.com\/tol\/consum\/media\/product\/img\/300x300\/7344646.jpg?t=20241217081154"
    },
    {
        "id": 25155,
        "name": "Gel Limpiador Hidratante con Aloe Vera KYREY",
        "price": 2.55,
        "price_kilo": 1.28,
        "slug": "gel-limpiador-hidratante-con-aloe-vera",
        "description": "Gel Limpiador Hidratante con Aloe Vera 200 ml",
        "image": "https:\/\/cdn-consum.aktiosdigitalservices.com\/tol\/consum\/media\/product\/img\/300x300\/7345908.jpg?t=20250318080406"
    },
    {
        "id": 25156,
        "name": "Stick para Perros Sabor Pollo VITALITY",
        "price": 1.15,
        "price_kilo": 5.75,
        "slug": "stick-para-perros-sabor-pollo",
        "description": "Stick para Perros Sabor Pollo 200 Gr",
        "image": "https:\/\/cdn-consum.aktiosdigitalservices.com\/tol\/consum\/media\/product\/img\/300x300\/7346823.jpg?t=20241217081156"
    },
    {
        "id": 25159,
        "name": "Dados de Queso 100% Cabra JUAN LUNA",
        "price": 2.15,
        "price_kilo": 21.5,
        "slug": "dados-de-queso-100-cabra",
        "description": "Dados de Queso 100% Cabra 100 Gr",
        "image": "https:\/\/cdn-consum.aktiosdigitalservices.com\/tol\/consum\/media\/product\/img\/300x300\/7362952.jpg?t=20250103082038"
    },
    {
        "id": 25167,
        "name": "Jab\u00f3n Manos Hidratante SANYTOL",
        "price": 2.29,
        "price_kilo": 0.92,
        "slug": "jabon-manos-hidratante",
        "description": "Jab\u00f3n Manos Hidratante 250 ml",
        "image": "https:\/\/cdn-consum.aktiosdigitalservices.com\/tol\/consum\/media\/product\/img\/300x300\/7363927.jpg?t=20241217081208"
    },
    {
        "id": 25171,
        "name": "Kit Kat Mini NESTLE",
        "price": 3.29,
        "price_kilo": 16.45,
        "slug": "kit-kat-mini",
        "description": "Kit Kat Mini 200 Gr",
        "image": "https:\/\/cdn-consum.aktiosdigitalservices.com\/tol\/consum\/media\/product\/img\/300x300\/7364545.jpg?t=20250311134312"
    },
    {
        "id": 25172,
        "name": "Yogur Griego Oikos Sabor Lima Lim\u00f3n DANONE",
        "price": 2.89,
        "price_kilo": 6.57,
        "slug": "yogur-griego-oikos-sabor-lima-limon",
        "description": "Yogur Griego Oikos Sabor Lima Lim\u00f3n 4 x 110 Gr",
        "image": "https:\/\/cdn-consum.aktiosdigitalservices.com\/tol\/consum\/media\/product\/img\/300x300\/7364607.jpg?t=20250312125807"
    },
    {
        "id": 25174,
        "name": "Laca de U\u00f1as G03 Gel Effect GIO GIOVANNI",
        "price": 1.85,
        "price_kilo": 1.85,
        "slug": "laca-de-unas-g03-gel-effect",
        "description": "Laca de U\u00f1as G03 Gel Effect 1 U",
        "image": "https:\/\/cdn-consum.aktiosdigitalservices.com\/tol\/consum\/media\/product\/img\/300x300\/7187727.jpg?t=20250225080338"
    },
    {
        "id": 25176,
        "name": "T\u00e9 Rojo 20 Bolsitas CONSUM",
        "price": 1.15,
        "price_kilo": 0.06,
        "slug": "te-rojo-20-bolsitas",
        "description": "T\u00e9 Rojo 20 Bolsitas 20 U",
        "image": "https:\/\/cdn-consum.aktiosdigitalservices.com\/tol\/consum\/media\/product\/img\/300x300\/7342397.jpg?t=20250312092802"
    },
    {
        "id": 25177,
        "name": "Gel de Ba\u00f1o Violeta KYREY",
        "price": 1.55,
        "price_kilo": 0.21,
        "slug": "gel-de-bano-violeta",
        "description": "Gel de Ba\u00f1o Violeta 750 ml",
        "image": "https:\/\/cdn-consum.aktiosdigitalservices.com\/tol\/consum\/media\/product\/img\/300x300\/7349541.jpg?t=20241217081157"
    },
    {
        "id": 25178,
        "name": "Gel de Ba\u00f1o Oliva KYREY",
        "price": 1.5,
        "price_kilo": 0.2,
        "slug": "gel-de-bano-oliva",
        "description": "Gel de Ba\u00f1o Oliva 750 ml",
        "image": "https:\/\/cdn-consum.aktiosdigitalservices.com\/tol\/consum\/media\/product\/img\/300x300\/7349553.jpg?t=20241217081158"
    },
    {
        "id": 25182,
        "name": "Flan de Queso CONSUM",
        "price": 1.9,
        "price_kilo": 4.75,
        "slug": "flan-de-queso",
        "description": "Flan de Queso 4 x 100 Gr",
        "image": "https:\/\/cdn-consum.aktiosdigitalservices.com\/tol\/consum\/media\/product\/img\/300x300\/7354590.jpg?t=20241217081202"
    },
    {
        "id": 25191,
        "name": "Crema D\u00eda Nutre+Hidrata Piel Seca SPF 30 NIVEA",
        "price": 7.5,
        "price_kilo": 15,
        "slug": "crema-dia-nutrehidrata-piel-seca-spf-30",
        "description": "Crema D\u00eda Nutre+Hidrata Piel Seca SPF 30 50 ml",
        "image": "https:\/\/cdn-consum.aktiosdigitalservices.com\/tol\/consum\/media\/product\/img\/300x300\/7363877.jpg?t=20250227093550"
    },
    {
        "id": 25199,
        "name": "L\u00e1piz Ojos Tatoo 36H Gris Intenso MAYBELLINE",
        "price": 5.49,
        "price_kilo": 5.49,
        "slug": "lapiz-ojos-tatoo-36h-gris-intenso",
        "description": "L\u00e1piz Ojos Tatoo 36H Gris Intenso 1 U",
        "image": "https:\/\/cdn-consum.aktiosdigitalservices.com\/tol\/consum\/media\/product\/img\/300x300\/7364172.jpg?t=20250311164617"
    },
    {
        "id": 25215,
        "name": "Champ\u00fa Rizos Pro 440 SYOSS",
        "price": 4.25,
        "price_kilo": 0.97,
        "slug": "champu-rizos-pro-440",
        "description": "Champ\u00fa Rizos Pro 440 440 ml",
        "image": "https:\/\/cdn-consum.aktiosdigitalservices.com\/tol\/consum\/media\/product\/img\/300x300\/7364417.jpg?t=20250205080513"
    },
    {
        "id": 25223,
        "name": "Pipas Piponazo Original Bolsa GREFUSA",
        "price": 1.85,
        "price_kilo": 15.55,
        "slug": "pipas-piponazo-original-bolsa",
        "description": "Pipas Piponazo Original Bolsa 119 Gr",
        "image": "https:\/\/cdn-consum.aktiosdigitalservices.com\/tol\/consum\/media\/product\/img\/300x300\/7364628.jpg?t=20250227093556"
    },
    {
        "id": 25224,
        "name": "Crema Cacao Chocoleche 0% Az\u00facar NOCILLA",
        "price": 2.55,
        "price_kilo": 14.17,
        "slug": "crema-cacao-chocoleche-0-azucar",
        "description": "Crema Cacao Chocoleche 0% Az\u00facar 180 Gr",
        "image": "https:\/\/cdn-consum.aktiosdigitalservices.com\/tol\/consum\/media\/product\/img\/300x300\/7364685.jpg?t=20250311134314"
    },
    {
        "id": 25225,
        "name": "Limpia Vitrocer\u00e1micas Inducci\u00f3n Pistola VITROCLEN",
        "price": 6.99,
        "price_kilo": 15.53,
        "slug": "limpia-vitroceramicas-induccion-pistola",
        "description": "Limpia Vitrocer\u00e1micas Inducci\u00f3n Pistola 0,45 L",
        "image": "https:\/\/cdn-consum.aktiosdigitalservices.com\/tol\/consum\/media\/product\/img\/300x300\/7364763.jpg?t=20241217081209"
    },
    {
        "id": 25226,
        "name": "Bolsa para Vino Yute DIDEX",
        "price": 1.65,
        "price_kilo": 1.65,
        "slug": "bolsa-para-vino-yute",
        "description": "Bolsa para Vino Yute 1 U",
        "image": "https:\/\/cdn-consum.aktiosdigitalservices.com\/tol\/consum\/media\/product\/img\/300x300\/7364917.jpg?t=20250311164617"
    },
    {
        "id": 25228,
        "name": "Fideo N\u00ba 1 Paquete GALLO",
        "price": 1.41,
        "price_kilo": 3.13,
        "slug": "fideo-n-1-paquete",
        "description": "Fideo N\u00ba 1 Paquete 450 Gr",
        "image": "https:\/\/cdn-consum.aktiosdigitalservices.com\/tol\/consum\/media\/product\/img\/300x300\/7364953.jpg?t=20250227093558"
    },
    {
        "id": 25229,
        "name": "Fideo N\u00ba 2 Paquete GALLO",
        "price": 1.41,
        "price_kilo": 3.13,
        "slug": "fideo-n-2-paquete",
        "description": "Fideo N\u00ba 2 Paquete 450 Gr",
        "image": "https:\/\/cdn-consum.aktiosdigitalservices.com\/tol\/consum\/media\/product\/img\/300x300\/7364961.jpg?t=20250206094446"
    },
    {
        "id": 25230,
        "name": "Fideo N\u00ba 4 Paquete GALLO",
        "price": 1.41,
        "price_kilo": 3.13,
        "slug": "fideo-n-4-paquete",
        "description": "Fideo N\u00ba 4 Paquete 450 Gr",
        "image": "https:\/\/cdn-consum.aktiosdigitalservices.com\/tol\/consum\/media\/product\/img\/300x300\/7364979.jpg?t=20250206094448"
    },
    {
        "id": 25231,
        "name": "Fideua Paquete GALLO",
        "price": 1.15,
        "price_kilo": 2.55,
        "slug": "fideua-paquete",
        "description": "Fideua Paquete 450 Gr",
        "image": "https:\/\/cdn-consum.aktiosdigitalservices.com\/tol\/consum\/media\/product\/img\/300x300\/7364990.jpg?t=20250313080745"
    },
    {
        "id": 25232,
        "name": "Pasta Mariscos Paquete GALLO",
        "price": 1.41,
        "price_kilo": 3.13,
        "slug": "pasta-mariscos-paquete",
        "description": "Pasta Mariscos Paquete 450 Gr",
        "image": "https:\/\/cdn-consum.aktiosdigitalservices.com\/tol\/consum\/media\/product\/img\/300x300\/7364995.jpg?t=20250227093601"
    },
    {
        "id": 25233,
        "name": "Tibur\u00f3n N\u00ba 1 Paquete GALLO",
        "price": 1.41,
        "price_kilo": 3.13,
        "slug": "tiburon-n-1-paquete",
        "description": "Tibur\u00f3n N\u00ba 1 Paquete 450 Gr",
        "image": "https:\/\/cdn-consum.aktiosdigitalservices.com\/tol\/consum\/media\/product\/img\/300x300\/7365000.jpg?t=20250312092805"
    },
    {
        "id": 25235,
        "name": "Pasta Pi\u00f1ones Paquete GALLO",
        "price": 1.41,
        "price_kilo": 3.13,
        "slug": "pasta-pinones-paquete",
        "description": "Pasta Pi\u00f1ones Paquete 450 Gr",
        "image": "https:\/\/cdn-consum.aktiosdigitalservices.com\/tol\/consum\/media\/product\/img\/300x300\/7365013.jpg?t=20250227093604"
    },
    {
        "id": 25241,
        "name": "Manzanilla con An\u00eds 20 bolsitas CONSUM",
        "price": 0.85,
        "price_kilo": 0.04,
        "slug": "manzanilla-con-anis-20-bolsitas",
        "description": "Manzanilla con An\u00eds 20 bolsitas 20 U",
        "image": "https:\/\/cdn-consum.aktiosdigitalservices.com\/tol\/consum\/media\/product\/img\/300x300\/7342384.jpg?t=20250311134137"
    },
    {
        "id": 25242,
        "name": "T\u00e9 Negro 20 Bolsitas CONSUM",
        "price": 0.75,
        "price_kilo": 0.04,
        "slug": "te-negro-20-bolsitas",
        "description": "T\u00e9 Negro 20 Bolsitas 20 U",
        "image": "https:\/\/cdn-consum.aktiosdigitalservices.com\/tol\/consum\/media\/product\/img\/300x300\/7342405.jpg?t=20250311111023"
    },
    {
        "id": 25243,
        "name": "Tila 20 Bolsitas CONSUM",
        "price": 0.85,
        "price_kilo": 0.04,
        "slug": "tila-20-bolsitas",
        "description": "Tila 20 Bolsitas 20 U",
        "image": "https:\/\/cdn-consum.aktiosdigitalservices.com\/tol\/consum\/media\/product\/img\/300x300\/7342413.jpg?t=20250311134144"
    },
    {
        "id": 25244,
        "name": "Bombones Surtidos sin Gluten CONSUM",
        "price": 5.49,
        "price_kilo": 11.68,
        "slug": "bombones-surtidos-sin-gluten",
        "description": "Bombones Surtidos sin Gluten 470 Gr",
        "image": "https:\/\/cdn-consum.aktiosdigitalservices.com\/tol\/consum\/media\/product\/img\/300x300\/7343890.jpg?t=20250311134154"
    },
    {
        "id": 25264,
        "name": "Longaniza de Pavo BOADAS",
        "price": 2.99,
        "price_kilo": 23.92,
        "slug": "longaniza-de-pavo",
        "description": "Longaniza de Pavo 2 x 62,5 Gr",
        "image": "https:\/\/cdn-consum.aktiosdigitalservices.com\/tol\/consum\/media\/product\/img\/300x300\/7365419.jpg?t=20250206094457"
    },
    {
        "id": 25270,
        "name": "C\u00f3ctel Frutos Secos sin Sal CONSUM",
        "price": 2.39,
        "price_kilo": 14.06,
        "slug": "coctel-frutos-secos-sin-sal",
        "description": "C\u00f3ctel Frutos Secos sin Sal 170 Gr",
        "image": "https:\/\/cdn-consum.aktiosdigitalservices.com\/tol\/consum\/media\/product\/img\/300x300\/7336050.jpg?t=20250312125704"
    },
    {
        "id": 25271,
        "name": "Gel de Ba\u00f1o Mango KYREY",
        "price": 1.55,
        "price_kilo": 0.21,
        "slug": "gel-de-bano-mango",
        "description": "Gel de Ba\u00f1o Mango 750 ml",
        "image": "https:\/\/cdn-consum.aktiosdigitalservices.com\/tol\/consum\/media\/product\/img\/300x300\/7349538.jpg?t=20241217081157"
    },
    {
        "id": 25277,
        "name": "Vino Tinto Reserva D.O. Rioja FAUST.RIVERO",
        "price": 5.99,
        "price_kilo": 7.99,
        "slug": "vino-tinto-reserva-do-rioja",
        "description": "Vino Tinto Reserva D.O. Rioja 0,75 L",
        "image": "https:\/\/cdn-consum.aktiosdigitalservices.com\/tol\/consum\/media\/product\/img\/300x300\/7364602.jpg?t=20250311125039"
    },
    {
        "id": 25292,
        "name": "Bebida de Avena Barista Brik YOSOY",
        "price": 1.55,
        "price_kilo": 1.55,
        "slug": "bebida-de-avena-barista-brik",
        "description": "Bebida de Avena Barista Brik 1 L",
        "image": "https:\/\/cdn-consum.aktiosdigitalservices.com\/tol\/consum\/media\/product\/img\/300x300\/7365521.jpg?t=20250313080747"
    },
    {
        "id": 25301,
        "name": "Arroz Ensaladas Paquete SOS",
        "price": 1.45,
        "price_kilo": 2.9,
        "slug": "arroz-ensaladas-paquete",
        "description": "Arroz Ensaladas Paquete 500 Gr",
        "image": "https:\/\/cdn-consum.aktiosdigitalservices.com\/tol\/consum\/media\/product\/img\/300x300\/7365729.jpg?t=20250103082100"
    },
    {
        "id": 25311,
        "name": "Huesitos Blandos Perro Pollo y Ternerra VITALITY",
        "price": 1.5,
        "price_kilo": 15,
        "slug": "huesitos-blandos-perro-pollo-y-ternerra",
        "description": "Huesitos Blandos Perro Pollo y Ternerra 100 Gr",
        "image": "https:\/\/cdn-consum.aktiosdigitalservices.com\/tol\/consum\/media\/product\/img\/300x300\/7346831.jpg?t=20241217081156"
    },
    {
        "id": 25333,
        "name": "Vino Tinto D.O. Toro MATSU",
        "price": 9.15,
        "price_kilo": 12.2,
        "slug": "vino-tinto-do-toro",
        "description": "Vino Tinto D.O. Toro 0,75 L",
        "image": "https:\/\/cdn-consum.aktiosdigitalservices.com\/tol\/consum\/media\/product\/img\/300x300\/7365609.jpg?t=20250311164617"
    },
    {
        "id": 25338,
        "name": "Tortitas Jordi Cruz Barbacoa BICENTURY",
        "price": 2.39,
        "price_kilo": 19.35,
        "slug": "tortitas-jordi-cruz-barbacoa",
        "description": "Tortitas Jordi Cruz Barbacoa 123,5 Gr",
        "image": "https:\/\/cdn-consum.aktiosdigitalservices.com\/tol\/consum\/media\/product\/img\/300x300\/7365658.jpg?t=20250313080749"
    },
    {
        "id": 25342,
        "name": "Plumas Integrales Paquete GALLO",
        "price": 1.87,
        "price_kilo": 4.16,
        "slug": "plumas-integrales-paquete",
        "description": "Plumas Integrales Paquete 450 Gr",
        "image": "https:\/\/cdn-consum.aktiosdigitalservices.com\/tol\/consum\/media\/product\/img\/300x300\/7365765.jpg?t=20250206094505"
    },
    {
        "id": 25344,
        "name": "Fideos sin Gluten Paquete GALLO",
        "price": 2.49,
        "price_kilo": 5.53,
        "slug": "fideos-sin-gluten-paquete",
        "description": "Fideos sin Gluten Paquete 450 Gr",
        "image": "https:\/\/cdn-consum.aktiosdigitalservices.com\/tol\/consum\/media\/product\/img\/300x300\/7365781.jpg?t=20250319075929"
    },
    {
        "id": 25345,
        "name": "Spaghetti sin Gluten Paquete GALLO",
        "price": 2.49,
        "price_kilo": 5.53,
        "slug": "spaghetti-sin-gluten-paquete",
        "description": "Spaghetti sin Gluten Paquete 450 Gr",
        "image": "https:\/\/cdn-consum.aktiosdigitalservices.com\/tol\/consum\/media\/product\/img\/300x300\/7365799.jpg?t=20250319075931"
    },
    {
        "id": 25347,
        "name": "Plumas sin Gluten Paquete GALLO",
        "price": 2.49,
        "price_kilo": 5.53,
        "slug": "plumas-sin-gluten-paquete",
        "description": "Plumas sin Gluten Paquete 450 Gr",
        "image": "https:\/\/cdn-consum.aktiosdigitalservices.com\/tol\/consum\/media\/product\/img\/300x300\/7365810.jpg?t=20250319075933"
    },
    {
        "id": 25351,
        "name": "Pizza congelada La Mia Grande 4 Formaggi LA MIA GRAND",
        "price": 5.29,
        "price_kilo": 13.23,
        "slug": "pizza-congelada-la-mia-grande-4-formaggi",
        "description": "Pizza congelada La Mia Grande 4 Formaggi 400 Gr",
        "image": "https:\/\/cdn-consum.aktiosdigitalservices.com\/tol\/consum\/media\/product\/img\/300x300\/7366073.jpg?t=20250218080854"
    },
    {
        "id": 25352,
        "name": "Pizza La Mia Grande Prosciutto e Formaggi LA MIA GRAND",
        "price": 5.29,
        "price_kilo": 13.23,
        "slug": "pizza-la-mia-grande-prosciutto-e-formaggi",
        "description": "Pizza congelada La Mia Grande Prosciutto e Formaggi 400 Gr",
        "image": "https:\/\/cdn-consum.aktiosdigitalservices.com\/tol\/consum\/media\/product\/img\/300x300\/7366078.jpg?t=20250218080855"
    },
    {
        "id": 25362,
        "name": "Pancakes CREAPAN",
        "price": 1.99,
        "price_kilo": 12.44,
        "slug": "pancakes",
        "description": "Pancakes 160 Gr",
        "image": "https:\/\/cdn-consum.aktiosdigitalservices.com\/tol\/consum\/media\/product\/img\/300x300\/7366529.jpg?t=20250312160834"
    },
    {
        "id": 25364,
        "name": "Ron Carta Negra BACARDI",
        "price": 13.99,
        "price_kilo": 19.99,
        "slug": "ron-carta-negra",
        "description": "Ron Carta Negra 0,7 L",
        "image": "https:\/\/cdn-consum.aktiosdigitalservices.com\/tol\/consum\/media\/product\/img\/300x300\/7366615.jpg?t=20250318080947"
    },
    {
        "id": 25369,
        "name": "Guacamole Eco ",
        "price": 1.99,
        "price_kilo": 9.95,
        "slug": "guacamole-eco",
        "description": "Guacamole Eco 200 Gr",
        "image": "https:\/\/cdn-consum.aktiosdigitalservices.com\/tol\/consum\/media\/product\/img\/300x300\/7366979.jpg?t=20250218080858"
    },
    {
        "id": 25370,
        "name": "Compresa Cl\u00e1sica Normal KYREY",
        "price": 1.29,
        "price_kilo": 0.06,
        "slug": "compresa-clasica-normal",
        "description": "Compresa Cl\u00e1sica Normal 20 U",
        "image": "https:\/\/cdn-consum.aktiosdigitalservices.com\/tol\/consum\/media\/product\/img\/300x300\/7354517.jpg?t=20241217081202"
    },
    {
        "id": 25371,
        "name": "Compresa Cl\u00e1sica Noche KYREY",
        "price": 1.29,
        "price_kilo": 0.13,
        "slug": "compresa-clasica-noche",
        "description": "Compresa Cl\u00e1sica Noche 10 U",
        "image": "https:\/\/cdn-consum.aktiosdigitalservices.com\/tol\/consum\/media\/product\/img\/300x300\/7354520.jpg?t=20250218081402"
    },
    {
        "id": 25372,
        "name": "Chicle Fresa sin Az\u00facar Bote CONSUM",
        "price": 1.95,
        "price_kilo": 19.5,
        "slug": "chicle-fresa-sin-azucar-bote",
        "description": "Chicle Fresa sin Az\u00facar Bote 100 Gr",
        "image": "https:\/\/cdn-consum.aktiosdigitalservices.com\/tol\/consum\/media\/product\/img\/300x300\/7359016.jpg?t=20250311125020"
    },
    {
        "id": 25373,
        "name": "Chicle Menta sin Az\u00facar Bote CONSUM",
        "price": 1.95,
        "price_kilo": 19.5,
        "slug": "chicle-menta-sin-azucar-bote",
        "description": "Chicle Menta sin Az\u00facar Bote 100 Gr",
        "image": "https:\/\/cdn-consum.aktiosdigitalservices.com\/tol\/consum\/media\/product\/img\/300x300\/7359024.jpg?t=20250311125022"
    },
    {
        "id": 25374,
        "name": "Chicle Hierbabuena sin Az\u00facar Bote CONSUM",
        "price": 1.95,
        "price_kilo": 19.5,
        "slug": "chicle-hierbabuena-sin-azucar-bote",
        "description": "Chicle Hierbabuena sin Az\u00facar Bote 100 Gr",
        "image": "https:\/\/cdn-consum.aktiosdigitalservices.com\/tol\/consum\/media\/product\/img\/300x300\/7359029.jpg?t=20250311125025"
    },
    {
        "id": 25375,
        "name": "Chicle Menta Regaliz sin Az\u00facar Bote CONSUM",
        "price": 1.95,
        "price_kilo": 19.5,
        "slug": "chicle-menta-regaliz-sin-azucar-bote",
        "description": "Chicle Menta Regaliz sin Az\u00facar Bote 100 Gr",
        "image": "https:\/\/cdn-consum.aktiosdigitalservices.com\/tol\/consum\/media\/product\/img\/300x300\/7359032.jpg?t=20250311125027"
    },
    {
        "id": 25377,
        "name": "Laca de U\u00f1as 19 Coral GIO GIOVANNI",
        "price": 1.85,
        "price_kilo": 1.85,
        "slug": "laca-de-unas-19-coral",
        "description": "Laca de U\u00f1as 19 Coral 12 ml",
        "image": "https:\/\/cdn-consum.aktiosdigitalservices.com\/tol\/consum\/media\/product\/img\/300x300\/7362168.jpg?t=20250204082226"
    },
    {
        "id": 25378,
        "name": "Laca de U\u00f1as 20 Fresa GIO GIOVANNI",
        "price": 1.85,
        "price_kilo": 1.85,
        "slug": "laca-de-unas-20-fresa",
        "description": "Laca de U\u00f1as 20 Fresa 12 ml",
        "image": "https:\/\/cdn-consum.aktiosdigitalservices.com\/tol\/consum\/media\/product\/img\/300x300\/7362171.jpg?t=20250318080947"
    },
    {
        "id": 25393,
        "name": "Spaghetti Integral Paquete GALLO",
        "price": 1.87,
        "price_kilo": 4.16,
        "slug": "spaghetti-integral-paquete",
        "description": "Spaghetti Integral Paquete 450 Gr",
        "image": "https:\/\/cdn-consum.aktiosdigitalservices.com\/tol\/consum\/media\/product\/img\/300x300\/7365773.jpg?t=20250319075927"
    },
    {
        "id": 25399,
        "name": "Cabeza de Cerdo de Primera PICKEN",
        "price": 1.79,
        "price_kilo": 11.93,
        "slug": "cabeza-de-cerdo-de-primera",
        "description": "Cabeza de Cerdo de Primera 150 Gr",
        "image": "https:\/\/cdn-consum.aktiosdigitalservices.com\/tol\/consum\/media\/product\/img\/300x300\/7366255.jpg?t=20241217081210"
    },
    {
        "id": 25403,
        "name": "Papel Higi\u00e9nico H\u00famedo SALUSTAR",
        "price": 1.85,
        "price_kilo": 0.15,
        "slug": "papel-higienico-humedo",
        "description": "Papel Higi\u00e9nico H\u00famedo 12 U",
        "image": "https:\/\/cdn-consum.aktiosdigitalservices.com\/tol\/consum\/media\/product\/img\/300x300\/7366453.jpg?t=20250218081404"
    },
    {
        "id": 25406,
        "name": "Chocolate Negro 70% Dark NESTLE",
        "price": 2.99,
        "price_kilo": 24.92,
        "slug": "chocolate-negro-70-dark",
        "description": "Chocolate Negro 70% Dark 120 Gr",
        "image": "https:\/\/cdn-consum.aktiosdigitalservices.com\/tol\/consum\/media\/product\/img\/300x300\/7366862.jpg?t=20250312160836"
    },
    {
        "id": 25410,
        "name": "Gel Champ\u00fa MY UNICORN",
        "price": 3.99,
        "price_kilo": 1,
        "slug": "gel-champu",
        "description": "Gel Champ\u00fa 400 ml",
        "image": "https:\/\/cdn-consum.aktiosdigitalservices.com\/tol\/consum\/media\/product\/img\/300x300\/7367014.jpg?t=20241217081211"
    },
    {
        "id": 25419,
        "name": "Manzanilla 20 Bolsitas CONSUM",
        "price": 0.55,
        "price_kilo": 0.03,
        "slug": "manzanilla-20-bolsitas",
        "description": "Manzanilla 20 Bolsitas 20 U",
        "image": "https:\/\/cdn-consum.aktiosdigitalservices.com\/tol\/consum\/media\/product\/img\/300x300\/7342389.jpg?t=20250311134140"
    },
    {
        "id": 25420,
        "name": "Menta Poleo 20 Bolsitas CONSUM",
        "price": 0.7,
        "price_kilo": 0.04,
        "slug": "menta-poleo-20-bolsitas",
        "description": "Menta Poleo 20 Bolsitas 20 U",
        "image": "https:\/\/cdn-consum.aktiosdigitalservices.com\/tol\/consum\/media\/product\/img\/300x300\/7342392.jpg?t=20250311111015"
    },
    {
        "id": 25422,
        "name": "Limpiador Tapicer\u00edas y Alfombras CONSUM",
        "price": 1.99,
        "price_kilo": 4.98,
        "slug": "limpiador-tapicerias-y-alfombras",
        "description": "Limpiador Tapicer\u00edas y Alfombras 0,4 L",
        "image": "https:\/\/cdn-consum.aktiosdigitalservices.com\/tol\/consum\/media\/product\/img\/300x300\/7351224.jpg?t=20241217081158"
    },
    {
        "id": 25423,
        "name": "Tacos de Pot\u00f3n al Ajillo Lata CONSUM",
        "price": 1.75,
        "price_kilo": 23.33,
        "slug": "tacos-de-poton-al-ajillo-lata",
        "description": "Tacos de Pot\u00f3n al Ajillo Lata 75 Gr",
        "image": "https:\/\/cdn-consum.aktiosdigitalservices.com\/tol\/consum\/media\/product\/img\/300x300\/7359243.jpg?t=20250125075838"
    },
    {
        "id": 25425,
        "name": "Detergente L\u00edquido Eco CONSUM ECO",
        "price": 5.59,
        "price_kilo": 0.13,
        "slug": "detergente-liquido-eco",
        "description": "Detergente L\u00edquido Eco 1,5 L",
        "image": "https:\/\/cdn-consum.aktiosdigitalservices.com\/tol\/consum\/media\/product\/img\/300x300\/7362288.jpg?t=20241217081207"
    },
    {
        "id": 25441,
        "name": "Avecrem Pollo 100% Natural Estuche AVECREM",
        "price": 1.63,
        "price_kilo": 18.11,
        "slug": "avecrem-pollo-100-natural-estuche",
        "description": "Avecrem Pollo 100% Natural Estuche 90 Gr",
        "image": "https:\/\/cdn-consum.aktiosdigitalservices.com\/tol\/consum\/media\/product\/img\/300x300\/7364904.jpg?t=20241217081209"
    },
    {
        "id": 25446,
        "name": "Bruschetta Tomate y Mozzarella KRAMBALS",
        "price": 0.94,
        "price_kilo": 13.43,
        "slug": "bruschetta-tomate-y-mozzarella",
        "description": "Bruschetta Tomate y Mozzarella 70 Gr",
        "image": "https:\/\/cdn-consum.aktiosdigitalservices.com\/tol\/consum\/media\/product\/img\/300x300\/7366883.jpg?t=20250311111506"
    },
    {
        "id": 25447,
        "name": "Bruschetta Queso Cremoso KRAMBALS",
        "price": 0.94,
        "price_kilo": 13.43,
        "slug": "bruschetta-queso-cremoso",
        "description": "Bruschetta Queso Cremoso 70 Gr",
        "image": "https:\/\/cdn-consum.aktiosdigitalservices.com\/tol\/consum\/media\/product\/img\/300x300\/7366888.jpg?t=20250311111508"
    },
    {
        "id": 25448,
        "name": "Barritas de Almendras Chocolate Negro 70% EL ALMENDRO",
        "price": 2.95,
        "price_kilo": 29.5,
        "slug": "barritas-de-almendras-chocolate-negro-70",
        "description": "Barritas de Almendras Chocolate Negro 70% 4 x 25 Gr",
        "image": "https:\/\/cdn-consum.aktiosdigitalservices.com\/tol\/consum\/media\/product\/img\/300x300\/7366896.jpg?t=20250313080753"
    },
    {
        "id": 25467,
        "name": "Bizcocho Mix Milk BALCONI",
        "price": 2.99,
        "price_kilo": 0.3,
        "slug": "bizcocho-mix-milk",
        "description": "Bizcocho Mix Milk 10 U",
        "image": "https:\/\/cdn-consum.aktiosdigitalservices.com\/tol\/consum\/media\/product\/img\/300x300\/7367282.jpg?t=20250311111513"
    },
    {
        "id": 25470,
        "name": "Comida Gato Seco Esterilizado TractoUrinario ULTIMA",
        "price": 10.5,
        "price_kilo": 7,
        "slug": "comida-gato-seco-esterilizado-tractourinario",
        "description": "Comida Gato Seco Esterilizado TractoUrinario 1,5 Kg",
        "image": "https:\/\/cdn-consum.aktiosdigitalservices.com\/tol\/consum\/media\/product\/img\/300x300\/7367324.jpg?t=20250227093611"
    },
    {
        "id": 25483,
        "name": "Cava Brut Cuvee D.O. Cava CODORNIU",
        "price": 6.95,
        "price_kilo": 9.27,
        "slug": "cava-brut-cuvee-do-cava",
        "description": "Cava Brut Cuvee D.O. Cava 0,75 L",
        "image": "https:\/\/cdn-consum.aktiosdigitalservices.com\/tol\/consum\/media\/product\/img\/300x300\/7364594.jpg?t=20250311164617"
    },
    {
        "id": 25510,
        "name": "Refresco Cola Zero Pack 4 Botellas Vidrio COCA-COLA",
        "price": 4.32,
        "price_kilo": 5.4,
        "slug": "refresco-cola-zero-pack-4-botellas-vidrio",
        "description": "Refresco Cola Zero Pack 4 Botellas Vidrio 4 x 0,2 L",
        "image": "https:\/\/cdn-consum.aktiosdigitalservices.com\/tol\/consum\/media\/product\/img\/300x300\/7366441.jpg?t=20250101082322"
    },
    {
        "id": 25511,
        "name": "Perfumador L\u00edquido Ropa Blue ASEVI",
        "price": 4.15,
        "price_kilo": 0.12,
        "slug": "perfumador-liquido-ropa-blue",
        "description": "Perfumador L\u00edquido Ropa Blue 36 Lv",
        "image": "https:\/\/cdn-consum.aktiosdigitalservices.com\/tol\/consum\/media\/product\/img\/300x300\/7366664.jpg?t=20250313080750"
    },
    {
        "id": 25541,
        "name": "Humidificador Blanco Brumizador 255 Ml ",
        "price": 9.99,
        "price_kilo": 9.99,
        "slug": "humidificador-blanco-brumizador-255-ml",
        "description": "Humidificador Blanco Brumizador 255 Ml 1 U",
        "image": "https:\/\/cdn-consum.aktiosdigitalservices.com\/tol\/consum\/media\/product\/img\/300x300\/7367365.jpg?t=20250318080947"
    },
    {
        "id": 25542,
        "name": "Recambio Humidificador Frutos Rojos 50 Ml MYHOME",
        "price": 3.99,
        "price_kilo": 3.99,
        "slug": "recambio-humidificador-frutos-rojos-50-ml",
        "description": "Recambio Humidificador Frutos Rojos 50 Ml 1 U",
        "image": "https:\/\/cdn-consum.aktiosdigitalservices.com\/tol\/consum\/media\/product\/img\/300x300\/7367378.jpg?t=20241217081211"
    },
    {
        "id": 25550,
        "name": "100% Real Whey Protein Chocolate PROZIS",
        "price": 15.99,
        "price_kilo": 39.98,
        "slug": "100-real-whey-protein-chocolate",
        "description": "100% Real Whey Protein Chocolate 400 Gr",
        "image": "https:\/\/cdn-consum.aktiosdigitalservices.com\/tol\/consum\/media\/product\/img\/300x300\/7367811.jpg?t=20250313080755"
    },
    {
        "id": 25552,
        "name": "Mechero Curve Mini Colores Surtidos FLAM UP",
        "price": 2.5,
        "price_kilo": 0.83,
        "slug": "mechero-curve-mini-colores-surtidos",
        "description": "Mechero Curve Mini Colores Surtidos 3 U",
        "image": "https:\/\/cdn-consum.aktiosdigitalservices.com\/tol\/consum\/media\/product\/img\/300x300\/7367829.jpg?t=20250108081702"
    },
    {
        "id": 25554,
        "name": "Pila Bot\u00f3n CR 2032 Ultimate Lithium ENERGIZER",
        "price": 5.49,
        "price_kilo": 2.75,
        "slug": "pila-boton-cr-2032-ultimate-lithium",
        "description": "Pila Bot\u00f3n CR 2032 Ultimate Lithium 2 U",
        "image": "https:\/\/cdn-consum.aktiosdigitalservices.com\/tol\/consum\/media\/product\/img\/300x300\/7367923.jpg?t=20241217081213"
    },
    {
        "id": 25561,
        "name": "Vermut Artes\u00e0 Pened\u00e8s EL BANDARRA",
        "price": 9.15,
        "price_kilo": 9.15,
        "slug": "vermut-artesa-penedes",
        "description": "Vermut Artes\u00e0 Pened\u00e8s 1 L",
        "image": "https:\/\/cdn-consum.aktiosdigitalservices.com\/tol\/consum\/media\/product\/img\/300x300\/7368140.jpg?t=20250304113148"
    },
    {
        "id": 25562,
        "name": "Vino Tinto Sin sulfitos D.O. Rioja MOARE",
        "price": 4.4,
        "price_kilo": 5.87,
        "slug": "vino-tinto-sin-sulfitos-do-rioja",
        "description": "Vino Tinto Sin sulfitos D.O. Rioja 0,75 L",
        "image": "https:\/\/cdn-consum.aktiosdigitalservices.com\/tol\/consum\/media\/product\/img\/300x300\/7368145.jpg?t=20250304113150"
    },
    {
        "id": 25563,
        "name": "Vino Tinto D.O. Almansa LAYA",
        "price": 6.65,
        "price_kilo": 8.87,
        "slug": "vino-tinto-do-almansa",
        "description": "Vino Tinto D.O. Almansa 0,75 L",
        "image": "https:\/\/cdn-consum.aktiosdigitalservices.com\/tol\/consum\/media\/product\/img\/300x300\/7368157.jpg?t=20250212080129"
    },
    {
        "id": 25571,
        "name": "Refresco Naranja sin Gas 16% Zumo CONSUM",
        "price": 1.2,
        "price_kilo": 0.8,
        "slug": "refresco-naranja-sin-gas-16-zumo",
        "description": "Refresco Naranja sin Gas 16% Zumo 1,5 L",
        "image": "https:\/\/cdn-consum.aktiosdigitalservices.com\/tol\/consum\/media\/product\/img\/300x300\/7338528.jpg?t=20250220080714"
    },
    {
        "id": 25580,
        "name": "Cabeza de Cerdo Primera PICKEN",
        "price": 14.5,
        "price_kilo": 14.5,
        "slug": "cabeza-de-cerdo-primera",
        "description": "Cabeza de Cerdo Primera",
        "image": "https:\/\/cdn-consum.aktiosdigitalservices.com\/tol\/consum\/media\/product\/img\/300x300\/7366305.jpg?t=20250303075845"
    },
    {
        "id": 25589,
        "name": "Cava Rose D.O. Cava CARTA NEVADA",
        "price": 7.45,
        "price_kilo": 9.93,
        "slug": "cava-rose-do-cava",
        "description": "Cava Rose D.O. Cava 0,75 L",
        "image": "https:\/\/cdn-consum.aktiosdigitalservices.com\/tol\/consum\/media\/product\/img\/300x300\/7366677.jpg?t=20250311125044"
    },
    {
        "id": 25590,
        "name": "Sidra Extra Ecol\u00f3gica y Vegana MAELOC",
        "price": 2.79,
        "price_kilo": 3.72,
        "slug": "sidra-extra-ecologica-y-vegana",
        "description": "Sidra Extra Ecol\u00f3gica y Vegana 0,75 L",
        "image": "https:\/\/cdn-consum.aktiosdigitalservices.com\/tol\/consum\/media\/product\/img\/300x300\/7366693.jpg?t=20250311125045"
    },
    {
        "id": 25591,
        "name": "Vino Tinto Crianza D.O. Rioja LUIS CA\u00d1AS",
        "price": 12.5,
        "price_kilo": 16.67,
        "slug": "vino-tinto-crianza-do-rioja",
        "description": "Vino Tinto Crianza D.O. Rioja 0,75 L",
        "image": "https:\/\/cdn-consum.aktiosdigitalservices.com\/tol\/consum\/media\/product\/img\/300x300\/7366722.jpg?t=20241217081211"
    },
    {
        "id": 25597,
        "name": "M\u00e1quina Depilaci\u00f3n 3H M\u00e1s 5 Recambios NEXTGEN",
        "price": 4.99,
        "price_kilo": 4.99,
        "slug": "maquina-depilacion-3h-mas-5-recambios",
        "description": "M\u00e1quina Depilaci\u00f3n 3H M\u00e1s 5 Recambios 1 U",
        "image": "https:\/\/cdn-consum.aktiosdigitalservices.com\/tol\/consum\/media\/product\/img\/300x300\/7367782.jpg?t=20241217081213"
    },
    {
        "id": 25598,
        "name": "Maquinilla Afeitar 3H M\u00e1s 5 Recambios NEXTGEN",
        "price": 4.99,
        "price_kilo": 4.99,
        "slug": "maquinilla-afeitar-3h-mas-5-recambios",
        "description": "Maquinilla Afeitar 3H M\u00e1s 5 Recambios 1 U",
        "image": "https:\/\/cdn-consum.aktiosdigitalservices.com\/tol\/consum\/media\/product\/img\/300x300\/7367790.jpg?t=20241217081213"
    },
    {
        "id": 25612,
        "name": "Crema de Calabaza y Zanahoria DON SIMON",
        "price": 1.55,
        "price_kilo": 5.17,
        "slug": "crema-de-calabaza-y-zanahoria",
        "description": "Crema de Calabaza y Zanahoria 300 Gr",
        "image": "https:\/\/cdn-consum.aktiosdigitalservices.com\/tol\/consum\/media\/product\/img\/300x300\/7368082.jpg?t=20241221080147"
    },
    {
        "id": 25614,
        "name": "Crema de Esp\u00e1rragos con Jam\u00f3n G.BLANCA",
        "price": 1.99,
        "price_kilo": 3.98,
        "slug": "crema-de-esparragos-con-jamon",
        "description": "Crema de Esp\u00e1rragos con Jam\u00f3n 500 ml",
        "image": "https:\/\/cdn-consum.aktiosdigitalservices.com\/tol\/consum\/media\/product\/img\/300x300\/7368090.jpg?t=20241217081213"
    },
    {
        "id": 25616,
        "name": "Crema de Verduras DON SIMON",
        "price": 1.55,
        "price_kilo": 5.17,
        "slug": "crema-de-verduras",
        "description": "Crema de Verduras 300 Gr",
        "image": "https:\/\/cdn-consum.aktiosdigitalservices.com\/tol\/consum\/media\/product\/img\/300x300\/7368103.jpg?t=20250312125813"
    },
    {
        "id": 25617,
        "name": "Vitamina b12 NATURTIERRA",
        "price": 4.15,
        "price_kilo": 0.14,
        "slug": "vitamina-b12",
        "description": "Vitamina b12 30 U",
        "image": "https:\/\/cdn-consum.aktiosdigitalservices.com\/tol\/consum\/media\/product\/img\/300x300\/7368116.jpg?t=20241217081213"
    },
    {
        "id": 25618,
        "name": "Vitamina d3 NATURTIERRA",
        "price": 4.15,
        "price_kilo": 0.14,
        "slug": "vitamina-d3",
        "description": "Vitamina d3 30 U",
        "image": "https:\/\/cdn-consum.aktiosdigitalservices.com\/tol\/consum\/media\/product\/img\/300x300\/7368124.jpg?t=20241217081213"
    },
    {
        "id": 25621,
        "name": "Cerveza Belga Chrome Lata GORDON",
        "price": 1.55,
        "price_kilo": 3.1,
        "slug": "cerveza-belga-chrome-lata",
        "description": "Cerveza Belga Chrome Lata 0,5 L",
        "image": "https:\/\/cdn-consum.aktiosdigitalservices.com\/tol\/consum\/media\/product\/img\/300x300\/7368269.jpg?t=20250218080902"
    },
    {
        "id": 25625,
        "name": "Mini Hojaldritos Variados 12 Unidades ",
        "price": 1.25,
        "price_kilo": 5.79,
        "slug": "mini-hojaldritos-variados-12-unidades",
        "description": "Mini Hojaldritos Variados 12 Unidades 216 Gr",
        "image": "https:\/\/cdn-consum.aktiosdigitalservices.com\/tol\/consum\/media\/product\/img\/300x300\/7368533.jpg?t=20250314121607"
    },
    {
        "id": 25629,
        "name": "Mopa Atrapapolvo M\u00e1s 10 Recambios CONSUM",
        "price": 4.5,
        "price_kilo": 4.5,
        "slug": "mopa-atrapapolvo-mas-10-recambios",
        "description": "Mopa Atrapapolvo M\u00e1s 10 Recambios 1 U",
        "image": "https:\/\/cdn-consum.aktiosdigitalservices.com\/tol\/consum\/media\/product\/img\/300x300\/7332737.jpg?t=20241217081147"
    },
    {
        "id": 25631,
        "name": "Vino Tinto Reserva D.O.Somontano SOMMOS",
        "price": 10.9,
        "price_kilo": 14.53,
        "slug": "vino-tinto-reserva-dosomontano",
        "description": "Vino Tinto Reserva D.O.Somontano 0,75 L",
        "image": "https:\/\/cdn-consum.aktiosdigitalservices.com\/tol\/consum\/media\/product\/img\/300x300\/7345403.jpg?t=20250109102949"
    },
    {
        "id": 25649,
        "name": "Tortitas Panquecas PASQUIER",
        "price": 2.95,
        "price_kilo": 10.54,
        "slug": "tortitas-panquecas",
        "description": "Tortitas Panquecas 280 Gr",
        "image": "https:\/\/cdn-consum.aktiosdigitalservices.com\/tol\/consum\/media\/product\/img\/300x300\/7368897.jpg?t=20250318080436"
    },
    {
        "id": 25653,
        "name": "Agua Mineral Natural Botella BEZOYA",
        "price": 0.69,
        "price_kilo": 0.69,
        "slug": "agua-mineral-natural-botella",
        "description": "Agua Mineral Natural Botella 1 L",
        "image": "https:\/\/cdn-consum.aktiosdigitalservices.com\/tol\/consum\/media\/product\/img\/300x300\/7369176.jpg?t=20250312092805"
    },
    {
        "id": 25680,
        "name": "Tarrina Pat\u00e9 Adulto Rico en Pollo VITALITY",
        "price": 0.95,
        "price_kilo": 3.17,
        "slug": "tarrina-pate-adulto-rico-en-pollo",
        "description": "Tarrina Pat\u00e9 Adulto Rico en Pollo 300 Gr",
        "image": "https:\/\/cdn-consum.aktiosdigitalservices.com\/tol\/consum\/media\/product\/img\/300x300\/7353753.jpg?t=20241217081202"
    },
    {
        "id": 25681,
        "name": "Tarrina Pat\u00e9 Adulto Rico en Buey Higado VITALITY",
        "price": 0.95,
        "price_kilo": 3.17,
        "slug": "tarrina-pate-adulto-rico-en-buey-higado",
        "description": "Tarrina Pat\u00e9 Adulto Rico en Buey Higado 300 Gr",
        "image": "https:\/\/cdn-consum.aktiosdigitalservices.com\/tol\/consum\/media\/product\/img\/300x300\/7353758.jpg?t=20250312092804"
    },
    {
        "id": 25682,
        "name": "Tarrina Pat\u00e9 J\u00fanior Rico en Pollo y Leche VITALITY",
        "price": 0.95,
        "price_kilo": 3.17,
        "slug": "tarrina-pate-junior-rico-en-pollo-y-leche",
        "description": "Tarrina Pat\u00e9 J\u00fanior Rico en Pollo y Leche 300 Gr",
        "image": "https:\/\/cdn-consum.aktiosdigitalservices.com\/tol\/consum\/media\/product\/img\/300x300\/7353761.jpg?t=20250304115736"
    },
    {
        "id": 25683,
        "name": "Tarrina Pat\u00e9 S\u00e9nior Pollo Higado y Verduras VITALITY",
        "price": 1.1,
        "price_kilo": 3.67,
        "slug": "tarrina-pate-senior-pollo-higado-y-verduras",
        "description": "Tarrina Pat\u00e9 S\u00e9nior Pollo Higado y Verduras 300 Gr",
        "image": "https:\/\/cdn-consum.aktiosdigitalservices.com\/tol\/consum\/media\/product\/img\/300x300\/7353766.jpg?t=20241217081202"
    },
    {
        "id": 25684,
        "name": "Infusi\u00f3n Sue\u00f1o 20 Bolsitas CONSUM",
        "price": 1.05,
        "price_kilo": 0.05,
        "slug": "infusion-sueno-20-bolsitas",
        "description": "Infusi\u00f3n Sue\u00f1o 20 Bolsitas 20 U",
        "image": "https:\/\/cdn-consum.aktiosdigitalservices.com\/tol\/consum\/media\/product\/img\/300x300\/7354850.jpg?t=20250311134231"
    },
    {
        "id": 25685,
        "name": "Ambientador Varitas Frutos Rojos CONSUM",
        "price": 2.19,
        "price_kilo": 2.19,
        "slug": "ambientador-varitas-frutos-rojos",
        "description": "Ambientador Varitas Frutos Rojos 1 U",
        "image": "https:\/\/cdn-consum.aktiosdigitalservices.com\/tol\/consum\/media\/product\/img\/300x300\/7362416.jpg?t=20241217081207"
    },
    {
        "id": 25686,
        "name": "Ambientador Varitas Jazm\u00edn CONSUM",
        "price": 2.19,
        "price_kilo": 2.19,
        "slug": "ambientador-varitas-jazmin",
        "description": "Ambientador Varitas Jazm\u00edn 1 U",
        "image": "https:\/\/cdn-consum.aktiosdigitalservices.com\/tol\/consum\/media\/product\/img\/300x300\/7362424.jpg?t=20241217081207"
    },
    {
        "id": 25687,
        "name": "Aceituna Pimiento Asado Lata CONSUM",
        "price": 1.75,
        "price_kilo": 11.67,
        "slug": "aceituna-pimiento-asado-lata",
        "description": "Aceituna Pimiento Asado Lata 150 Gr",
        "image": "https:\/\/cdn-consum.aktiosdigitalservices.com\/tol\/consum\/media\/product\/img\/300x300\/7363646.jpg?t=20250318080422"
    },
    {
        "id": 25708,
        "name": "Pipas Gigantes Tostadas Aguasal en Bolsa CONSUM",
        "price": 1.2,
        "price_kilo": 6,
        "slug": "pipas-gigantes-tostadas-aguasal-en-bolsa",
        "description": "Pipas Gigantes Tostadas Aguasal en Bolsa 200 Gr",
        "image": "https:\/\/cdn-consum.aktiosdigitalservices.com\/tol\/consum\/media\/product\/img\/300x300\/7364581.jpg?t=20250312092805"
    },
    {
        "id": 25717,
        "name": "Tarrina Caramel Biscuit y Cream Speculoos HAAGEN DAZS",
        "price": 7.29,
        "price_kilo": 17.36,
        "slug": "tarrina-caramel-biscuit-y-cream-speculoos",
        "description": "Tarrina Caramel Biscuit y Cream Speculoos 420 Gr",
        "image": "https:\/\/cdn-consum.aktiosdigitalservices.com\/tol\/consum\/media\/product\/img\/300x300\/7365125.jpg?t=20250218080852"
    },
    {
        "id": 25748,
        "name": "Labial Shine N\u00ba 3 REVLON",
        "price": 12.85,
        "price_kilo": 12.85,
        "slug": "labial-shine-n-3",
        "description": "Labial Shine N\u00ba 3 1 U",
        "image": "https:\/\/cdn-consum.aktiosdigitalservices.com\/tol\/consum\/media\/product\/img\/300x300\/7368806.jpg?t=20250311164617"
    },
    {
        "id": 25750,
        "name": "Labial Shine N\u00ba 7 REVLON",
        "price": 12.5,
        "price_kilo": 12.5,
        "slug": "labial-shine-n-7",
        "description": "Labial Shine N\u00ba 7 1 U",
        "image": "https:\/\/cdn-consum.aktiosdigitalservices.com\/tol\/consum\/media\/product\/img\/300x300\/7368822.jpg?t=20250311164617"
    },
    {
        "id": 25753,
        "name": "Labial Shine N\u00ba 17 REVLON",
        "price": 12.85,
        "price_kilo": 12.85,
        "slug": "labial-shine-n-17",
        "description": "Labial Shine N\u00ba 17 1 U",
        "image": "https:\/\/cdn-consum.aktiosdigitalservices.com\/tol\/consum\/media\/product\/img\/300x300\/7368843.jpg?t=20250311164618"
    },
    {
        "id": 25762,
        "name": "Frizzante Verdejo FIZZY",
        "price": 2.7,
        "price_kilo": 3.6,
        "slug": "frizzante-verdejo",
        "description": "Frizzante Verdejo 0,75 L",
        "image": "https:\/\/cdn-consum.aktiosdigitalservices.com\/tol\/consum\/media\/product\/img\/300x300\/7369234.jpg?t=20250129080038"
    },
    {
        "id": 25770,
        "name": "Bacon Burger con Bacon y Queso BROOKLYN",
        "price": 2.85,
        "price_kilo": 13.57,
        "slug": "bacon-burger-con-bacon-y-queso",
        "description": "Bacon Burger con Bacon y Queso 220 Gr",
        "image": "https:\/\/cdn-consum.aktiosdigitalservices.com\/tol\/consum\/media\/product\/img\/300x300\/7369429.jpg?t=20250314121610"
    },
    {
        "id": 25772,
        "name": "Infusi\u00f3n Digest 20 Bolsitas CONSUM",
        "price": 1.05,
        "price_kilo": 0.05,
        "slug": "infusion-digest-20-bolsitas",
        "description": "Infusi\u00f3n Digest 20 Bolsitas 20 U",
        "image": "https:\/\/cdn-consum.aktiosdigitalservices.com\/tol\/consum\/media\/product\/img\/300x300\/7354855.jpg?t=20250311111240"
    },
    {
        "id": 25773,
        "name": "Ambientador Varitas Para\u00edso Azul CONSUM",
        "price": 2.19,
        "price_kilo": 2.19,
        "slug": "ambientador-varitas-paraiso-azul",
        "description": "Ambientador Varitas Para\u00edso Azul 1 U",
        "image": "https:\/\/cdn-consum.aktiosdigitalservices.com\/tol\/consum\/media\/product\/img\/300x300\/7362429.jpg?t=20241217081207"
    },
    {
        "id": 25777,
        "name": "Infusi\u00f3n Figura 20 Bolsitas CONSUM",
        "price": 1.1,
        "price_kilo": 0.06,
        "slug": "infusion-figura-20-bolsitas",
        "description": "Infusi\u00f3n Figura 20 Bolsitas 20 U",
        "image": "https:\/\/cdn-consum.aktiosdigitalservices.com\/tol\/consum\/media\/product\/img\/300x300\/7354863.jpg?t=20250311111243"
    },
    {
        "id": 25778,
        "name": "Tacos de Pot\u00f3n a la Marinera CONSUM",
        "price": 1.75,
        "price_kilo": 24.31,
        "slug": "tacos-de-poton-a-la-marinera",
        "description": "Tacos de Pot\u00f3n a la Marinera 72 Gr",
        "image": "https:\/\/cdn-consum.aktiosdigitalservices.com\/tol\/consum\/media\/product\/img\/300x300\/7359248.jpg?t=20250125075840"
    },
    {
        "id": 25779,
        "name": "Aceituna Rellena Anchoa Baja en Sal en Lata CONSUM",
        "price": 1.4,
        "price_kilo": 9.33,
        "slug": "aceituna-rellena-anchoa-baja-en-sal-en-lata",
        "description": "Aceituna Rellena Anchoa Baja en Sal en Lata 150 Gr",
        "image": "https:\/\/cdn-consum.aktiosdigitalservices.com\/tol\/consum\/media\/product\/img\/300x300\/7363641.jpg?t=20250312092805"
    },
    {
        "id": 25794,
        "name": "Filete de Sardina en Aceite de Oliva CALVO",
        "price": 2.65,
        "price_kilo": 35.33,
        "slug": "filete-de-sardina-en-aceite-de-oliva",
        "description": "Filete de Sardina en Aceite de Oliva 75 Gr",
        "image": "https:\/\/cdn-consum.aktiosdigitalservices.com\/tol\/consum\/media\/product\/img\/300x300\/7369361.jpg?t=20250313080800"
    },
    {
        "id": 25817,
        "name": "Vino Blanco Verdejo D.O. Rueda ALIJARES",
        "price": 2,
        "price_kilo": 2.67,
        "slug": "vino-blanco-verdejo-do-rueda",
        "description": "Vino Blanco Verdejo D.O. Rueda 0,75 L",
        "image": "https:\/\/cdn-consum.aktiosdigitalservices.com\/tol\/consum\/media\/product\/img\/300x300\/7370158.jpg?t=20250129080042"
    },
    {
        "id": 25828,
        "name": "Pa\u00f1ales Bebe Talla 5 13 - 18 Kg CONSUM KIDS",
        "price": 8.85,
        "price_kilo": 0.2,
        "slug": "panales-bebe-talla-5-13---18-kg",
        "description": "Pa\u00f1ales Bebe Talla 5 13 - 18 Kg 44 U",
        "image": "https:\/\/cdn-consum.aktiosdigitalservices.com\/tol\/consum\/media\/product\/img\/300x300\/7352347.jpg?t=20241217081159"
    },
    {
        "id": 25833,
        "name": "Pipas Gigantes Tostadas con Sal Bolsa CONSUM",
        "price": 1.2,
        "price_kilo": 6,
        "slug": "pipas-gigantes-tostadas-con-sal-bolsa",
        "description": "Pipas Gigantes Tostadas con Sal Bolsa 200 Gr",
        "image": "https:\/\/cdn-consum.aktiosdigitalservices.com\/tol\/consum\/media\/product\/img\/300x300\/7364578.jpg?t=20241217081209"
    },
    {
        "id": 25847,
        "name": "Salvaslip Normal Multiforma EVAX",
        "price": 3.55,
        "price_kilo": 0.06,
        "slug": "salvaslip-normal-multiforma",
        "description": "Salvaslip Normal Multiforma 58 U",
        "image": "https:\/\/cdn-consum.aktiosdigitalservices.com\/tol\/consum\/media\/product\/img\/300x300\/7368483.jpg?t=20250313080757"
    },
    {
        "id": 25850,
        "name": "Doble Fuerza Mate Piel Mixta BELLA AURORA",
        "price": 11.5,
        "price_kilo": 38.33,
        "slug": "doble-fuerza-mate-piel-mixta",
        "description": "Doble Fuerza Mate Piel Mixta 30 ml",
        "image": "https:\/\/cdn-consum.aktiosdigitalservices.com\/tol\/consum\/media\/product\/img\/300x300\/7368939.jpg?t=20241217081214"
    },
    {
        "id": 25854,
        "name": "Elimina Olores Textil En Pistola SANYTOL",
        "price": 3.99,
        "price_kilo": 7.98,
        "slug": "elimina-olores-textil-en-pistola",
        "description": "Elimina Olores Textil En Pistola 500 ml",
        "image": "https:\/\/cdn-consum.aktiosdigitalservices.com\/tol\/consum\/media\/product\/img\/300x300\/7370000.jpg?t=20241217081214"
    },
    {
        "id": 25880,
        "name": "Smilitos Snack Ecol\u00f3gico SMILEAT",
        "price": 1.99,
        "price_kilo": 5.24,
        "slug": "smilitos-snack-ecologico",
        "description": "Smilitos Snack Ecol\u00f3gico 38 Gr",
        "image": "https:\/\/cdn-consum.aktiosdigitalservices.com\/tol\/consum\/media\/product\/img\/300x300\/7370331.jpg?t=20250311134329"
    },
    {
        "id": 25881,
        "name": "Ternera con Verduras Tarrito SMILEAT",
        "price": 2.69,
        "price_kilo": 11.7,
        "slug": "ternera-con-verduras-tarrito",
        "description": "Ternera con Verduras Tarrito 230 Gr",
        "image": "https:\/\/cdn-consum.aktiosdigitalservices.com\/tol\/consum\/media\/product\/img\/300x300\/7370336.jpg?t=20250311134331"
    },
    {
        "id": 25882,
        "name": "Pavo con Verduras Tarrito SMILEAT",
        "price": 2.69,
        "price_kilo": 11.7,
        "slug": "pavo-con-verduras-tarrito",
        "description": "Pavo con Verduras Tarrito 230 Gr",
        "image": "https:\/\/cdn-consum.aktiosdigitalservices.com\/tol\/consum\/media\/product\/img\/300x300\/7370344.jpg?t=20250311134334"
    },
    {
        "id": 25883,
        "name": "Verduras con Merluza Tarrito SMILEAT",
        "price": 2.69,
        "price_kilo": 11.7,
        "slug": "verduras-con-merluza-tarrito",
        "description": "Verduras con Merluza Tarrito 230 Gr",
        "image": "https:\/\/cdn-consum.aktiosdigitalservices.com\/tol\/consum\/media\/product\/img\/300x300\/7370349.jpg?t=20250311134336"
    },
    {
        "id": 25885,
        "name": "Pouch Fresa y Pl\u00e1tano SMILEAT",
        "price": 1.69,
        "price_kilo": 16.9,
        "slug": "pouch-fresa-y-platano",
        "description": "Pouch Fresa y Pl\u00e1tano 100 Gr",
        "image": "https:\/\/cdn-consum.aktiosdigitalservices.com\/tol\/consum\/media\/product\/img\/300x300\/7370398.jpg?t=20250311111532"
    },
    {
        "id": 25886,
        "name": "Pouch Frutas Variadas SMILEAT",
        "price": 1.69,
        "price_kilo": 16.9,
        "slug": "pouch-frutas-variadas",
        "description": "Pouch Frutas Variadas 100 Gr",
        "image": "https:\/\/cdn-consum.aktiosdigitalservices.com\/tol\/consum\/media\/product\/img\/300x300\/7370401.jpg?t=20250311111535"
    },
    {
        "id": 25900,
        "name": "Pa\u00f1ales Bebe Talla 4 9 - 15 Kg CONSUM KIDS",
        "price": 8.6,
        "price_kilo": 0.17,
        "slug": "panales-bebe-talla-4-9---15-kg",
        "description": "Pa\u00f1ales Bebe Talla 4 9 - 15 Kg 50 U",
        "image": "https:\/\/cdn-consum.aktiosdigitalservices.com\/tol\/consum\/media\/product\/img\/300x300\/7352342.jpg?t=20241217081159"
    },
    {
        "id": 25901,
        "name": "Comida H\u00fameda Gatos Rico en Pollo VITALITY",
        "price": 0.45,
        "price_kilo": 4.5,
        "slug": "comida-humeda-gatos-rico-en-pollo",
        "description": "Comida H\u00fameda Gatos Rico en Pollo 100 Gr",
        "image": "https:\/\/cdn-consum.aktiosdigitalservices.com\/tol\/consum\/media\/product\/img\/300x300\/7353709.jpg?t=20250311164615"
    },
    {
        "id": 25902,
        "name": "Comida H\u00fameda Gatos Rico en Salm\u00f3n VITALITY",
        "price": 0.45,
        "price_kilo": 4.5,
        "slug": "comida-humeda-gatos-rico-en-salmon",
        "description": "Comida H\u00fameda Gatos Rico en Salm\u00f3n 100 Gr",
        "image": "https:\/\/cdn-consum.aktiosdigitalservices.com\/tol\/consum\/media\/product\/img\/300x300\/7353712.jpg?t=20250311164615"
    },
    {
        "id": 25903,
        "name": "Comida H\u00fameda Gatos Rico en Buey VITALITY",
        "price": 0.45,
        "price_kilo": 4.5,
        "slug": "comida-humeda-gatos-rico-en-buey",
        "description": "Comida H\u00fameda Gatos Rico en Buey 100 Gr",
        "image": "https:\/\/cdn-consum.aktiosdigitalservices.com\/tol\/consum\/media\/product\/img\/300x300\/7353717.jpg?t=20250318080945"
    },
    {
        "id": 25905,
        "name": "Comida H\u00fameda Gato Rico en Pollo S\u00e9nior VITALITY",
        "price": 0.45,
        "price_kilo": 4.5,
        "slug": "comida-humeda-gato-rico-en-pollo-senior",
        "description": "Comida H\u00fameda Gato Rico en Pollo S\u00e9nior 100 Gr",
        "image": "https:\/\/cdn-consum.aktiosdigitalservices.com\/tol\/consum\/media\/product\/img\/300x300\/7353725.jpg?t=20250318080947"
    },
    {
        "id": 25906,
        "name": "Yogur Natural con Az\u00facar de Ca\u00f1a CONSUM",
        "price": 0.75,
        "price_kilo": 1.5,
        "slug": "yogur-natural-con-azucar-de-cana",
        "description": "Yogur Natural con Az\u00facar de Ca\u00f1a 4 x 125 Gr",
        "image": "https:\/\/cdn-consum.aktiosdigitalservices.com\/tol\/consum\/media\/product\/img\/300x300\/7354876.jpg?t=20241223080325"
    },
    {
        "id": 25907,
        "name": "K\u00e9fir Natural L\u00edquido CONSUM",
        "price": 1.5,
        "price_kilo": 3,
        "slug": "kefir-natural-liquido",
        "description": "K\u00e9fir Natural L\u00edquido 500 Gr",
        "image": "https:\/\/cdn-consum.aktiosdigitalservices.com\/tol\/consum\/media\/product\/img\/300x300\/7357460.jpg?t=20241223080327"
    },
    {
        "id": 25908,
        "name": "Yogur Natural 00% sin Lactosa CONSUM",
        "price": 1.35,
        "price_kilo": 2.7,
        "slug": "yogur-natural-00-sin-lactosa",
        "description": "Yogur Natural 00% sin Lactosa 4 x 125 Gr",
        "image": "https:\/\/cdn-consum.aktiosdigitalservices.com\/tol\/consum\/media\/product\/img\/300x300\/7358646.jpg?t=20250314121604"
    },
    {
        "id": 25910,
        "name": "Postre de Soja Natural CONSUM",
        "price": 1.2,
        "price_kilo": 3,
        "slug": "postre-de-soja-natural",
        "description": "Postre de Soja Natural 4 x 100 Gr",
        "image": "https:\/\/cdn-consum.aktiosdigitalservices.com\/tol\/consum\/media\/product\/img\/300x300\/7361426.jpg?t=20250213080244"
    },
    {
        "id": 25915,
        "name": "Yogur Sabor Pl\u00e1tano Pack de 4 Unidades DANONE",
        "price": 0.95,
        "price_kilo": 1.98,
        "slug": "yogur-sabor-platano-pack-de-4-unidades",
        "description": "Yogur Sabor Pl\u00e1tano Pack de 4 Unidades 4 x 120 Gr",
        "image": "https:\/\/cdn-consum.aktiosdigitalservices.com\/tol\/consum\/media\/product\/img\/300x300\/7369093.jpg?t=20241223080401"
    },
    {
        "id": 25917,
        "name": "Secreto Ib\u00e9rico con Patatas Confitadas SELECT CHEF",
        "price": 5.99,
        "price_kilo": 19.97,
        "slug": "secreto-iberico-con-patatas-confitadas",
        "description": "Secreto Ib\u00e9rico con Patatas Confitadas 300 Gr",
        "image": "https:\/\/cdn-consum.aktiosdigitalservices.com\/tol\/consum\/media\/product\/img\/300x300\/7369127.jpg?t=20241217081214"
    },
    {
        "id": 25929,
        "name": "Pause Ciok sin Gluten Bizcochito con Chocolate SCH\u00c4R",
        "price": 4.55,
        "price_kilo": 13,
        "slug": "pause-ciok-sin-gluten-bizcochito-con-chocolate",
        "description": "Pause Ciok sin Gluten Bizcochito con Chocolate 350 Gr",
        "image": "https:\/\/cdn-consum.aktiosdigitalservices.com\/tol\/consum\/media\/product\/img\/300x300\/7370455.jpg?t=20250311111537"
    },
    {
        "id": 25931,
        "name": "Jam\u00f3n Gran Reserva Reducido en Sal 25% BOADAS",
        "price": 22.4,
        "price_kilo": 22.4,
        "slug": "jamon-gran-reserva-reducido-en-sal-25",
        "description": "Jam\u00f3n Gran Reserva Reducido en Sal 25%",
        "image": "https:\/\/cdn-consum.aktiosdigitalservices.com\/tol\/consum\/media\/product\/img\/300x300\/7370476.jpg?t=20250322080012"
    },
    {
        "id": 25935,
        "name": "Paella de Verduras SELECT CHEF",
        "price": 2.99,
        "price_kilo": 10.68,
        "slug": "paella-de-verduras",
        "description": "Paella de Verduras 300 Gr",
        "image": "https:\/\/cdn-consum.aktiosdigitalservices.com\/tol\/consum\/media\/product\/img\/300x300\/7370539.jpg?t=20241217081214"
    },
    {
        "id": 25936,
        "name": "Arroz de Secreto Ib\u00e9rico con Boletus SELECT CHEF",
        "price": 3.15,
        "price_kilo": 11.25,
        "slug": "arroz-de-secreto-iberico-con-boletus",
        "description": "Arroz de Secreto Ib\u00e9rico con Boletus 300 Gr",
        "image": "https:\/\/cdn-consum.aktiosdigitalservices.com\/tol\/consum\/media\/product\/img\/300x300\/7370542.jpg?t=20241217081214"
    },
    {
        "id": 25938,
        "name": "Comida Seca Perros Razas Mini Adulto ONE",
        "price": 5.85,
        "price_kilo": 3.9,
        "slug": "comida-seca-perros-razas-mini-adulto",
        "description": "Comida Seca Perros Razas Mini Adulto 1,5 Kg",
        "image": "https:\/\/cdn-consum.aktiosdigitalservices.com\/tol\/consum\/media\/product\/img\/300x300\/7370591.jpg?t=20250313080803"
    },
    {
        "id": 25940,
        "name": "Tortitas de Arroz Integral Paquete CONSUM",
        "price": 1.15,
        "price_kilo": 8.85,
        "slug": "tortitas-de-arroz-integral-paquete",
        "description": "Tortitas de Arroz Integral Paquete 130 Gr",
        "image": "https:\/\/cdn-consum.aktiosdigitalservices.com\/tol\/consum\/media\/product\/img\/300x300\/7350353.jpg?t=20250311134213"
    },
    {
        "id": 25941,
        "name": "Tortitas de Ma\u00edz Paquete CONSUM",
        "price": 1.19,
        "price_kilo": 9.15,
        "slug": "tortitas-de-maiz-paquete",
        "description": "Tortitas de Ma\u00edz Paquete 130 Gr",
        "image": "https:\/\/cdn-consum.aktiosdigitalservices.com\/tol\/consum\/media\/product\/img\/300x300\/7350358.jpg?t=20250311134215"
    },
    {
        "id": 25942,
        "name": "Tortitas Arroz Integral con Chocolate Negro CONSUM",
        "price": 1.95,
        "price_kilo": 15,
        "slug": "tortitas-arroz-integral-con-chocolate-negro",
        "description": "Tortitas Arroz Integral con Chocolate Negro 130 Gr",
        "image": "https:\/\/cdn-consum.aktiosdigitalservices.com\/tol\/consum\/media\/product\/img\/300x300\/7350747.jpg?t=20250311134217"
    },
    {
        "id": 25943,
        "name": "Tortitas de Ma\u00edz con Chocolate Negro CONSUM",
        "price": 1.4,
        "price_kilo": 15.49,
        "slug": "tortitas-de-maiz-con-chocolate-negro",
        "description": "Tortitas de Ma\u00edz con Chocolate Negro 90,4 Gr",
        "image": "https:\/\/cdn-consum.aktiosdigitalservices.com\/tol\/consum\/media\/product\/img\/300x300\/7350754.jpg?t=20250312092804"
    },
    {
        "id": 25944,
        "name": "Pa\u00f1ales Talla 2 CONSUM KIDS",
        "price": 4.55,
        "price_kilo": 0.16,
        "slug": "panales-talla-2",
        "description": "Pa\u00f1ales Talla 2 28 U",
        "image": "https:\/\/cdn-consum.aktiosdigitalservices.com\/tol\/consum\/media\/product\/img\/300x300\/7352334.jpg?t=20241217081159"
    },
    {
        "id": 25945,
        "name": "Pa\u00f1al Talla 3 CONSUM KIDS",
        "price": 8.69,
        "price_kilo": 0.16,
        "slug": "panal-talla-3",
        "description": "Pa\u00f1al Talla 3 56 U",
        "image": "https:\/\/cdn-consum.aktiosdigitalservices.com\/tol\/consum\/media\/product\/img\/300x300\/7352339.jpg?t=20241217081159"
    },
    {
        "id": 25946,
        "name": "Pa\u00f1al Talla 6 CONSUM KIDS",
        "price": 7.75,
        "price_kilo": 0.29,
        "slug": "panal-talla-6",
        "description": "Pa\u00f1al Talla 6 27 U",
        "image": "https:\/\/cdn-consum.aktiosdigitalservices.com\/tol\/consum\/media\/product\/img\/300x300\/7352354.jpg?t=20250318080944"
    },
    {
        "id": 25949,
        "name": "Crema Antimanchas B7 Piel Seca BELLA AURORA",
        "price": 18.9,
        "price_kilo": 63,
        "slug": "crema-antimanchas-b7-piel-seca",
        "description": "Crema Antimanchas B7 Piel Seca 30 ml",
        "image": "https:\/\/cdn-consum.aktiosdigitalservices.com\/tol\/consum\/media\/product\/img\/300x300\/7368934.jpg?t=20241217081214"
    },
    {
        "id": 25950,
        "name": "Queso Azul Leche Vaca Pasteurizada SAINT-FLOUR",
        "price": 16.5,
        "price_kilo": 16.5,
        "slug": "queso-azul-leche-vaca-pasteurizada",
        "description": "Queso Azul Leche Vaca Pasteurizada",
        "image": "https:\/\/cdn-consum.aktiosdigitalservices.com\/tol\/consum\/media\/product\/img\/300x300\/7369106.jpg?t=20250322080008"
    },
    {
        "id": 25963,
        "name": "Barra de Pan ",
        "price": 0.5,
        "price_kilo": 2,
        "slug": "barra-de-pan",
        "description": "Barra de Pan 250 Gr",
        "image": "https:\/\/cdn-consum.aktiosdigitalservices.com\/tol\/consum\/media\/product\/img\/300x300\/7370323.jpg?t=20250102080817"
    },
    {
        "id": 25968,
        "name": "Frutas con Cereales Tarrito BE PLUS",
        "price": 1.99,
        "price_kilo": 4.98,
        "slug": "frutas-con-cereales-tarrito",
        "description": "Frutas con Cereales Tarrito 2 x 200 Gr",
        "image": "https:\/\/cdn-consum.aktiosdigitalservices.com\/tol\/consum\/media\/product\/img\/300x300\/7370492.jpg?t=20250311134339"
    },
    {
        "id": 25969,
        "name": "Natilla con Galleta Tarrito BE PLUS",
        "price": 1.89,
        "price_kilo": 9.45,
        "slug": "natilla-con-galleta-tarrito",
        "description": "Natilla con Galleta Tarrito 2 x 100 Gr",
        "image": "https:\/\/cdn-consum.aktiosdigitalservices.com\/tol\/consum\/media\/product\/img\/300x300\/7370500.jpg?t=20250311134341"
    },
    {
        "id": 25975,
        "name": "Comida Seca Gatos Esterilizados Bifensis ONE",
        "price": 8.3,
        "price_kilo": 5.53,
        "slug": "comida-seca-gatos-esterilizados-bifensis",
        "description": "Comida Seca Gatos Esterilizados Bifensis 1,5 Kg",
        "image": "https:\/\/cdn-consum.aktiosdigitalservices.com\/tol\/consum\/media\/product\/img\/300x300\/7370596.jpg?t=20250313080805"
    },
    {
        "id": 25982,
        "name": "Alcohol Limpieza Perfumado JOSMI",
        "price": 2.4,
        "price_kilo": 2.4,
        "slug": "alcohol-limpieza-perfumado",
        "description": "Alcohol Limpieza Perfumado 1 L",
        "image": "https:\/\/cdn-consum.aktiosdigitalservices.com\/tol\/consum\/media\/product\/img\/300x300\/7370653.jpg?t=20241217081215"
    },
    {
        "id": 25985,
        "name": "Vino Blanco Ribeiro D.O. Ribeiro V.D.INFERNO",
        "price": 4.49,
        "price_kilo": 5.99,
        "slug": "vino-blanco-ribeiro-do-ribeiro",
        "description": "Vino Blanco Ribeiro D.O. Ribeiro 0,75 L",
        "image": "https:\/\/cdn-consum.aktiosdigitalservices.com\/tol\/consum\/media\/product\/img\/300x300\/7370695.jpg?t=20250311125051"
    },
    {
        "id": 25994,
        "name": "Croquetas de Cocido ",
        "price": 0.65,
        "price_kilo": 10.4,
        "slug": "croquetas-de-cocido",
        "description": "Croquetas de Cocido 62,5 Gr",
        "image": "https:\/\/cdn-consum.aktiosdigitalservices.com\/tol\/consum\/media\/product\/img\/300x300\/7370992.jpg?t=20250318080443"
    },
    {
        "id": 26002,
        "name": "Patata Chef Gourmet MC CAIN",
        "price": 3.97,
        "price_kilo": 7.94,
        "slug": "patata-chef-gourmet",
        "description": "Patata Chef Gourmet 500 Gr",
        "image": "https:\/\/cdn-consum.aktiosdigitalservices.com\/tol\/consum\/media\/product\/img\/300x300\/7370419.jpg?t=20250211080628"
    },
    {
        "id": 26004,
        "name": "Vino Blanco Turbio ",
        "price": 2,
        "price_kilo": 2.67,
        "slug": "vino-blanco-turbio",
        "description": "Vino Blanco Turbio 0,75 L",
        "image": "https:\/\/cdn-consum.aktiosdigitalservices.com\/tol\/consum\/media\/product\/img\/300x300\/7370690.jpg?t=20241217081215"
    },
    {
        "id": 26007,
        "name": "Mojama de At\u00fan Extra Superior Lonchas ANGOMAR",
        "price": 4.89,
        "price_kilo": 61.13,
        "slug": "mojama-de-atun-extra-superior-lonchas",
        "description": "Mojama de At\u00fan Extra Superior Lonchas 80 Gr",
        "image": "https:\/\/cdn-consum.aktiosdigitalservices.com\/tol\/consum\/media\/product\/img\/300x300\/7370950.jpg?t=20250312160844"
    },
    {
        "id": 26011,
        "name": "Tacos Pot\u00f3n en Aceite de Girasol CONSUM",
        "price": 1.75,
        "price_kilo": 24.31,
        "slug": "tacos-poton-en-aceite-de-girasol",
        "description": "Tacos Pot\u00f3n en Aceite de Girasol 72 Gr",
        "image": "https:\/\/cdn-consum.aktiosdigitalservices.com\/tol\/consum\/media\/product\/img\/300x300\/7359235.jpg?t=20250125075836"
    },
    {
        "id": 26014,
        "name": "Huevo Ecol\u00f3gico L-XL 1\/2 Docena MONTERDE",
        "price": 3.36,
        "price_kilo": 6.72,
        "slug": "huevo-ecologico-l-xl-1-2-docena",
        "description": "Huevo Ecol\u00f3gico L-XL 1\/2 Docena 0,5 Dc",
        "image": "https:\/\/cdn-consum.aktiosdigitalservices.com\/tol\/consum\/media\/product\/img\/300x300\/7369262.jpg?t=20250311111519"
    },
    {
        "id": 26015,
        "name": "N\u00e9ctar Pi\u00f1a Botella GRANINI",
        "price": 1.39,
        "price_kilo": 4.21,
        "slug": "nectar-pina-botella",
        "description": "N\u00e9ctar Pi\u00f1a Botella 0,33 L",
        "image": "https:\/\/cdn-consum.aktiosdigitalservices.com\/tol\/consum\/media\/product\/img\/300x300\/7369296.jpg?t=20250312160839"
    },
    {
        "id": 26021,
        "name": "Lavavajillas M\u00e1quina Eco C\u00e1psulas CONSUM ECO",
        "price": 3.49,
        "price_kilo": 0.16,
        "slug": "lavavajillas-maquina-eco-capsulas",
        "description": "Lavavajillas M\u00e1quina Eco C\u00e1psulas 22 Do",
        "image": "https:\/\/cdn-consum.aktiosdigitalservices.com\/tol\/consum\/media\/product\/img\/300x300\/7337319.jpg?t=20241217081150"
    },
    {
        "id": 26038,
        "name": "Snack de Queso Infantil PIK NIK",
        "price": 1.8,
        "price_kilo": 22.5,
        "slug": "snack-de-queso-infantil",
        "description": "Snack de Queso Infantil 80 Gr",
        "image": "https:\/\/cdn-consum.aktiosdigitalservices.com\/tol\/consum\/media\/product\/img\/300x300\/7370521.jpg?t=20250312160842"
    },
    {
        "id": 26042,
        "name": "Vino Blanco Albari\u00f1o D.O. Rias Baixas ABILLEIRA",
        "price": 6,
        "price_kilo": 8,
        "slug": "vino-blanco-albarino-do-rias-baixas",
        "description": "Vino Blanco Albari\u00f1o D.O. Rias Baixas 0,75 L",
        "image": "https:\/\/cdn-consum.aktiosdigitalservices.com\/tol\/consum\/media\/product\/img\/300x300\/7370703.jpg?t=20241217081215"
    },
    {
        "id": 26046,
        "name": "Desodorante Roll-On Antimanchas Mujer KYREY",
        "price": 0.85,
        "price_kilo": 1.7,
        "slug": "desodorante-roll-on-antimanchas-mujer",
        "description": "Desodorante Roll-On Antimanchas Mujer 50 ml",
        "image": "https:\/\/cdn-consum.aktiosdigitalservices.com\/tol\/consum\/media\/product\/img\/300x300\/7345916.jpg?t=20241217081155"
    },
    {
        "id": 26047,
        "name": "Desodorante Roll-On Aloe Vera Unisex KYREY",
        "price": 0.85,
        "price_kilo": 1.7,
        "slug": "desodorante-roll-on-aloe-vera-unisex",
        "description": "Desodorante Roll-On Aloe Vera Unisex 50 ml",
        "image": "https:\/\/cdn-consum.aktiosdigitalservices.com\/tol\/consum\/media\/product\/img\/300x300\/7345924.jpg?t=20241217081155"
    },
    {
        "id": 26048,
        "name": "Desodorante Roll-On Extra Protecci\u00f3n Hombre KYREY",
        "price": 0.99,
        "price_kilo": 1.98,
        "slug": "desodorante-roll-on-extra-proteccion-hombre",
        "description": "Desodorante Roll-On Extra Protecci\u00f3n Hombre 50 ml",
        "image": "https:\/\/cdn-consum.aktiosdigitalservices.com\/tol\/consum\/media\/product\/img\/300x300\/7345937.jpg?t=20241217081155"
    },
    {
        "id": 26049,
        "name": "Desodorante Roll-On Extra Protecci\u00f3n Mujer KYREY",
        "price": 0.99,
        "price_kilo": 1.98,
        "slug": "desodorante-roll-on-extra-proteccion-mujer",
        "description": "Desodorante Roll-On Extra Protecci\u00f3n Mujer 50 ml",
        "image": "https:\/\/cdn-consum.aktiosdigitalservices.com\/tol\/consum\/media\/product\/img\/300x300\/7345940.jpg?t=20250318080943"
    },
    {
        "id": 26050,
        "name": "Pat\u00e9 Rico en Pollo con Verduras VITALITY",
        "price": 0.85,
        "price_kilo": 5.67,
        "slug": "pate-rico-en-pollo-con-verduras",
        "description": "Pat\u00e9 Rico en Pollo con Verduras 150 Gr",
        "image": "https:\/\/cdn-consum.aktiosdigitalservices.com\/tol\/consum\/media\/product\/img\/300x300\/7353741.jpg?t=20250311164615"
    },
    {
        "id": 26051,
        "name": "Limpia M\u00e1quinas Lavavajillas CONSUM",
        "price": 1.55,
        "price_kilo": 6.2,
        "slug": "limpia-maquinas-lavavajillas",
        "description": "Limpia M\u00e1quinas Lavavajillas 0,25 L",
        "image": "https:\/\/cdn-consum.aktiosdigitalservices.com\/tol\/consum\/media\/product\/img\/300x300\/7356566.jpg?t=20241217081204"
    },
    {
        "id": 26052,
        "name": "Yogur Natural de Cabra Pack de 2 Unidades GRANJA RINYA",
        "price": 1.79,
        "price_kilo": 7.16,
        "slug": "yogur-natural-de-cabra-pack-de-2-unidades",
        "description": "Yogur Natural de Cabra Pack de 2 Unidades 2 x 125 Gr",
        "image": "https:\/\/cdn-consum.aktiosdigitalservices.com\/tol\/consum\/media\/product\/img\/300x300\/7370984.jpg?t=20250312160846"
    },
    {
        "id": 26055,
        "name": "Pesto R\u00fastico con Tomate Seco BARILLA",
        "price": 2.99,
        "price_kilo": 14.95,
        "slug": "pesto-rustico-con-tomate-seco",
        "description": "Pesto R\u00fastico con Tomate Seco 200 Gr",
        "image": "https:\/\/cdn-consum.aktiosdigitalservices.com\/tol\/consum\/media\/product\/img\/300x300\/7371086.jpg?t=20241217081215"
    },
    {
        "id": 26059,
        "name": "Zumo Avena, Pl\u00e1tano y Coco VIA NATURE",
        "price": 2.49,
        "price_kilo": 3.32,
        "slug": "zumo-avena-platano-y-coco",
        "description": "Zumo Avena, Pl\u00e1tano y Coco 750 ml",
        "image": "https:\/\/cdn-consum.aktiosdigitalservices.com\/tol\/consum\/media\/product\/img\/300x300\/7371466.jpg?t=20250206094603"
    },
    {
        "id": 26060,
        "name": "Bizcocho de Az\u00facar ",
        "price": 3.6,
        "price_kilo": 8,
        "slug": "bizcocho-de-azucar",
        "description": "Bizcocho de Az\u00facar 450 Gr",
        "image": "https:\/\/cdn-consum.aktiosdigitalservices.com\/tol\/consum\/media\/product\/img\/300x300\/7371529.jpg?t=20250320080157"
    },
    {
        "id": 26064,
        "name": "Desodorante Roll-On Antimanchas Hombre KYREY",
        "price": 0.85,
        "price_kilo": 1.7,
        "slug": "desodorante-roll-on-antimanchas-hombre",
        "description": "Desodorante Roll-On Antimanchas Hombre 50 ml",
        "image": "https:\/\/cdn-consum.aktiosdigitalservices.com\/tol\/consum\/media\/product\/img\/300x300\/7345911.jpg?t=20241217081155"
    },
    {
        "id": 26066,
        "name": "Anillas a la Romana congeladas CONSUM",
        "price": 3.49,
        "price_kilo": 8.73,
        "slug": "anillas-a-la-romana-congeladas",
        "description": "Anillas a la Romana congeladas 400 Gr",
        "image": "https:\/\/cdn-consum.aktiosdigitalservices.com\/tol\/consum\/media\/product\/img\/300x300\/7366636.jpg?t=20241217081211"
    },
    {
        "id": 26068,
        "name": "Flan de Caf\u00e9 Pack de 4 Unidades REINA",
        "price": 2.29,
        "price_kilo": 5.73,
        "slug": "flan-de-cafe-pack-de-4-unidades",
        "description": "Flan de Caf\u00e9 Pack de 4 Unidades 4 x 100 Gr",
        "image": "https:\/\/cdn-consum.aktiosdigitalservices.com\/tol\/consum\/media\/product\/img\/300x300\/7370989.jpg?t=20250218080907"
    },
    {
        "id": 26069,
        "name": "Arroz Sushi Paquete TILDASUNDARI",
        "price": 1.9,
        "price_kilo": 3.8,
        "slug": "arroz-sushi-paquete",
        "description": "Arroz Sushi Paquete 500 Gr",
        "image": "https:\/\/cdn-consum.aktiosdigitalservices.com\/tol\/consum\/media\/product\/img\/300x300\/7371094.jpg?t=20250103082132"
    },
    {
        "id": 26070,
        "name": "Varitas de Merluza Empanada congeladas PESCANOVA",
        "price": 3.59,
        "price_kilo": 7.98,
        "slug": "varitas-de-merluza-empanada-congeladas",
        "description": "Varitas de Merluza Empanada congeladas 450 Gr",
        "image": "https:\/\/cdn-consum.aktiosdigitalservices.com\/tol\/consum\/media\/product\/img\/300x300\/7371441.jpg?t=20250227093628"
    },
    {
        "id": 26073,
        "name": "Aceite de Girasol Botella KOIPESOL",
        "price": 2.65,
        "price_kilo": 2.65,
        "slug": "aceite-de-girasol-botella",
        "description": "Aceite de Girasol Botella 1 L",
        "image": "https:\/\/cdn-consum.aktiosdigitalservices.com\/tol\/consum\/media\/product\/img\/300x300\/7371680.jpg?t=20250313080807"
    },
    {
        "id": 26074,
        "name": "Vino Blanco Verdejo D.O. Rueda CASTILLO GUI",
        "price": 3,
        "price_kilo": 4,
        "slug": "vino-blanco-verdejo-do-rueda",
        "description": "Vino Blanco Verdejo D.O. Rueda 0,75 L",
        "image": "https:\/\/cdn-consum.aktiosdigitalservices.com\/tol\/consum\/media\/product\/img\/300x300\/7371735.jpg?t=20250227093634"
    },
    {
        "id": 26083,
        "name": "Bebida de Avena con Calcio Brik CONSUM",
        "price": 1.2,
        "price_kilo": 1.2,
        "slug": "bebida-de-avena-con-calcio-brik",
        "description": "Bebida de Avena con Calcio Brik 1 L",
        "image": "https:\/\/cdn-consum.aktiosdigitalservices.com\/tol\/consum\/media\/product\/img\/300x300\/7355980.jpg?t=20250311111255"
    },
    {
        "id": 26084,
        "name": "Bebida de Arroz Con Calcio Brik CONSUM",
        "price": 1.1,
        "price_kilo": 1.1,
        "slug": "bebida-de-arroz-con-calcio-brik",
        "description": "Bebida de Arroz Con Calcio Brik 1 L",
        "image": "https:\/\/cdn-consum.aktiosdigitalservices.com\/tol\/consum\/media\/product\/img\/300x300\/7355985.jpg?t=20250312092804"
    },
    {
        "id": 26086,
        "name": "Frutas con Galleta Pouch BE PLUS",
        "price": 0.99,
        "price_kilo": 8.25,
        "slug": "frutas-con-galleta-pouch",
        "description": "Frutas con Galleta Pouch 120 Gr",
        "image": "https:\/\/cdn-consum.aktiosdigitalservices.com\/tol\/consum\/media\/product\/img\/300x300\/7370497.jpg?t=20250311111542"
    },
    {
        "id": 26093,
        "name": "Crema de Sesamo Tahini Tarro JUST LOADING",
        "price": 2.95,
        "price_kilo": 14.75,
        "slug": "crema-de-sesamo-tahini-tarro",
        "description": "Crema de Sesamo Tahini Tarro 200 Gr",
        "image": "https:\/\/cdn-consum.aktiosdigitalservices.com\/tol\/consum\/media\/product\/img\/300x300\/7370930.jpg?t=20250109103639"
    },
    {
        "id": 26094,
        "name": "Lac\u00f3n Asado TELLO",
        "price": 2.19,
        "price_kilo": 10.95,
        "slug": "lacon-asado",
        "description": "Lac\u00f3n Asado 200 Gr",
        "image": "https:\/\/cdn-consum.aktiosdigitalservices.com\/tol\/consum\/media\/product\/img\/300x300\/7370968.jpg?t=20241224080955"
    },
    {
        "id": 26096,
        "name": "Crema Hidratante Original BULLDOG",
        "price": 6.19,
        "price_kilo": 6.19,
        "slug": "crema-hidratante-original",
        "description": "Crema Hidratante Original 100 ml",
        "image": "https:\/\/cdn-consum.aktiosdigitalservices.com\/tol\/consum\/media\/product\/img\/300x300\/7371453.jpg?t=20250109103648"
    },
    {
        "id": 26098,
        "name": "Crema Hidratante Anti-edad BULLDOG",
        "price": 8.19,
        "price_kilo": 8.19,
        "slug": "crema-hidratante-anti-edad",
        "description": "Crema Hidratante Anti-edad 100 ml",
        "image": "https:\/\/cdn-consum.aktiosdigitalservices.com\/tol\/consum\/media\/product\/img\/300x300\/7371461.jpg?t=20250312160848"
    },
    {
        "id": 26102,
        "name": "Alcohol Limpieza Perfumado Pistola JOSMI",
        "price": 2.6,
        "price_kilo": 3.47,
        "slug": "alcohol-limpieza-perfumado-pistola",
        "description": "Alcohol Limpieza Perfumado Pistola 0,75 L",
        "image": "https:\/\/cdn-consum.aktiosdigitalservices.com\/tol\/consum\/media\/product\/img\/300x300\/7371859.jpg?t=20241217081215"
    },
    {
        "id": 26103,
        "name": "Enjuague Bucal Total Care LISTERINE",
        "price": 7.99,
        "price_kilo": 0.8,
        "slug": "enjuague-bucal-total-care",
        "description": "Enjuague Bucal Total Care 1000 ml",
        "image": "https:\/\/cdn-consum.aktiosdigitalservices.com\/tol\/consum\/media\/product\/img\/300x300\/7372126.jpg?t=20250312160852"
    },
    {
        "id": 26110,
        "name": "Aceituna Verde Rodajas Bote CONSUM",
        "price": 1.39,
        "price_kilo": 12.64,
        "slug": "aceituna-verde-rodajas-bote",
        "description": "Aceituna Verde Rodajas Bote 110 Gr",
        "image": "https:\/\/cdn-consum.aktiosdigitalservices.com\/tol\/consum\/media\/product\/img\/300x300\/7330210.jpg?t=20250320080127"
    },
    {
        "id": 26113,
        "name": "Desodorante Spray Aloe Vera Unisex KYREY",
        "price": 1.7,
        "price_kilo": 0.85,
        "slug": "desodorante-spray-aloe-vera-unisex",
        "description": "Desodorante Spray Aloe Vera Unisex 200 ml",
        "image": "https:\/\/cdn-consum.aktiosdigitalservices.com\/tol\/consum\/media\/product\/img\/300x300\/7345965.jpg?t=20250312092804"
    },
    {
        "id": 26114,
        "name": "Desodorante Spray Extracontrol Hombre KYREY",
        "price": 1.99,
        "price_kilo": 1,
        "slug": "desodorante-spray-extracontrol-hombre",
        "description": "Desodorante Spray Extracontrol Hombre 200 ml",
        "image": "https:\/\/cdn-consum.aktiosdigitalservices.com\/tol\/consum\/media\/product\/img\/300x300\/7345978.jpg?t=20241217081155"
    },
    {
        "id": 26115,
        "name": "Desodorante Spray Extracontrol Mujer KYREY",
        "price": 1.99,
        "price_kilo": 1,
        "slug": "desodorante-spray-extracontrol-mujer",
        "description": "Desodorante Spray Extracontrol Mujer 200 ml",
        "image": "https:\/\/cdn-consum.aktiosdigitalservices.com\/tol\/consum\/media\/product\/img\/300x300\/7345981.jpg?t=20241217081155"
    },
    {
        "id": 26116,
        "name": "Desodorante Spray Fresh Hombre KYREY",
        "price": 1.99,
        "price_kilo": 1,
        "slug": "desodorante-spray-fresh-hombre",
        "description": "Desodorante Spray Fresh Hombre 200 ml",
        "image": "https:\/\/cdn-consum.aktiosdigitalservices.com\/tol\/consum\/media\/product\/img\/300x300\/7345986.jpg?t=20241217081155"
    },
    {
        "id": 26119,
        "name": "Comida Perros Gelatina Buey\/Pollo VITALITY",
        "price": 1.55,
        "price_kilo": 3.88,
        "slug": "comida-perros-gelatina-buey-pollo",
        "description": "Comida Perros Gelatina Buey\/Pollo 4 x 100 Gr",
        "image": "https:\/\/cdn-consum.aktiosdigitalservices.com\/tol\/consum\/media\/product\/img\/300x300\/7353774.jpg?t=20250312092804"
    },
    {
        "id": 26120,
        "name": "Comida Perros Salsa Buey\/Pollo VITALITY",
        "price": 1.55,
        "price_kilo": 3.88,
        "slug": "comida-perros-salsa-buey-pollo",
        "description": "Comida Perros Salsa Buey\/Pollo 4 x 100 Gr",
        "image": "https:\/\/cdn-consum.aktiosdigitalservices.com\/tol\/consum\/media\/product\/img\/300x300\/7353779.jpg?t=20250312092804"
    },
    {
        "id": 26121,
        "name": "Lavavajillas en Gel Todo en 1 CONSUM",
        "price": 3.35,
        "price_kilo": 0.09,
        "slug": "lavavajillas-en-gel-todo-en-1",
        "description": "Lavavajillas en Gel Todo en 1 36 Lv",
        "image": "https:\/\/cdn-consum.aktiosdigitalservices.com\/tol\/consum\/media\/product\/img\/300x300\/7356574.jpg?t=20250312092805"
    },
    {
        "id": 26125,
        "name": "Limpiador Multiusos Desinfectante CONSUM",
        "price": 1.95,
        "price_kilo": 2.6,
        "slug": "limpiador-multiusos-desinfectante",
        "description": "Limpiador Multiusos Desinfectante 0,75 L",
        "image": "https:\/\/cdn-consum.aktiosdigitalservices.com\/tol\/consum\/media\/product\/img\/300x300\/7363091.jpg?t=20250311164617"
    },
    {
        "id": 26130,
        "name": "Dent\u00edfrico Complete Protection PARODONTAX",
        "price": 5.79,
        "price_kilo": 7.72,
        "slug": "dentifrico-complete-protection",
        "description": "Dent\u00edfrico Complete Protection 75 ml",
        "image": "https:\/\/cdn-consum.aktiosdigitalservices.com\/tol\/consum\/media\/product\/img\/300x300\/7371052.jpg?t=20250211080309"
    },
    {
        "id": 26135,
        "name": "Mascarilla Hair Sand\u00eda FRUCTIS",
        "price": 6.35,
        "price_kilo": 1.59,
        "slug": "mascarilla-hair-sandia",
        "description": "Mascarilla Hair Sand\u00eda 390 ml",
        "image": "https:\/\/cdn-consum.aktiosdigitalservices.com\/tol\/consum\/media\/product\/img\/300x300\/7371490.jpg?t=20250206094605"
    },
    {
        "id": 26136,
        "name": "Cookies Nocilla Crema Leche NOCILLA",
        "price": 1.95,
        "price_kilo": 16.25,
        "slug": "cookies-nocilla-crema-leche",
        "description": "Cookies Nocilla Crema Leche 120 Gr",
        "image": "https:\/\/cdn-consum.aktiosdigitalservices.com\/tol\/consum\/media\/product\/img\/300x300\/7371503.jpg?t=20250319075935"
    },
    {
        "id": 26137,
        "name": "Cookies Nocilla Original NOCILLA",
        "price": 1.95,
        "price_kilo": 16.25,
        "slug": "cookies-nocilla-original",
        "description": "Cookies Nocilla Original 120 Gr",
        "image": "https:\/\/cdn-consum.aktiosdigitalservices.com\/tol\/consum\/media\/product\/img\/300x300\/7371508.jpg?t=20250311111548"
    },
    {
        "id": 26138,
        "name": "Cookies Mini Nocilla Original NOCILLA",
        "price": 2.79,
        "price_kilo": 17.44,
        "slug": "cookies-mini-nocilla-original",
        "description": "Cookies Mini Nocilla Original 160 Gr",
        "image": "https:\/\/cdn-consum.aktiosdigitalservices.com\/tol\/consum\/media\/product\/img\/300x300\/7371511.jpg?t=20250311111550"
    },
    {
        "id": 26146,
        "name": "Berenjena Ali\u00f1ada Lata ANTONIO",
        "price": 3.89,
        "price_kilo": 11.11,
        "slug": "berenjena-alinada-lata",
        "description": "Berenjena Ali\u00f1ada Lata 350 Gr",
        "image": "https:\/\/cdn-consum.aktiosdigitalservices.com\/tol\/consum\/media\/product\/img\/300x300\/7372209.jpg?t=20250114084835"
    },
    {
        "id": 26147,
        "name": "Berenjena Troceada Vidrio ANTONIO",
        "price": 3.89,
        "price_kilo": 12.97,
        "slug": "berenjena-troceada-vidrio",
        "description": "Berenjena Troceada Vidrio 300 Gr",
        "image": "https:\/\/cdn-consum.aktiosdigitalservices.com\/tol\/consum\/media\/product\/img\/300x300\/7372212.jpg?t=20250128080619"
    },
    {
        "id": 26154,
        "name": "Cerveza Americana Botella MILLER",
        "price": 1.39,
        "price_kilo": 4.21,
        "slug": "cerveza-americana-botella",
        "description": "Cerveza Americana Botella 0,33 L",
        "image": "https:\/\/cdn-consum.aktiosdigitalservices.com\/tol\/consum\/media\/product\/img\/300x300\/7372386.jpg?t=20250109103714"
    },
    {
        "id": 26156,
        "name": "Protector Labial Soft Rose LIPOSAN",
        "price": 2.89,
        "price_kilo": 2.89,
        "slug": "protector-labial-soft-rose",
        "description": "Protector Labial Soft Rose 1 U",
        "image": "https:\/\/cdn-consum.aktiosdigitalservices.com\/tol\/consum\/media\/product\/img\/300x300\/7372543.jpg?t=20250213080253"
    },
    {
        "id": 26161,
        "name": "Recambio Maquinilla Fusion 5 - 5 Hojas GILLETTE",
        "price": 14.95,
        "price_kilo": 3.74,
        "slug": "recambio-maquinilla-fusion-5---5-hojas",
        "description": "Recambio Maquinilla Fusion 5 - 5 Hojas 4 U",
        "image": "https:\/\/cdn-consum.aktiosdigitalservices.com\/tol\/consum\/media\/product\/img\/300x300\/7372837.jpg?t=20241217081216"
    },
    {
        "id": 26165,
        "name": "Recambio Maquinilla Proglide 5 Hojas GILLETTE",
        "price": 18.99,
        "price_kilo": 6.33,
        "slug": "recambio-maquinilla-proglide-5-hojas",
        "description": "Recambio Maquinilla Proglide 5 Hojas 3 U",
        "image": "https:\/\/cdn-consum.aktiosdigitalservices.com\/tol\/consum\/media\/product\/img\/300x300\/7373053.jpg?t=20241217081216"
    },
    {
        "id": 26195,
        "name": "Desodorante Spray Antimanchas Hombre KYREY",
        "price": 1.7,
        "price_kilo": 0.85,
        "slug": "desodorante-spray-antimanchas-hombre",
        "description": "Desodorante Spray Antimanchas Hombre 200 ml",
        "image": "https:\/\/cdn-consum.aktiosdigitalservices.com\/tol\/consum\/media\/product\/img\/300x300\/7345945.jpg?t=20241217081155"
    },
    {
        "id": 26196,
        "name": "Desodorante Spray Antimanchas Mujer KYREY",
        "price": 1.7,
        "price_kilo": 0.85,
        "slug": "desodorante-spray-antimanchas-mujer",
        "description": "Desodorante Spray Antimanchas Mujer 200 ml",
        "image": "https:\/\/cdn-consum.aktiosdigitalservices.com\/tol\/consum\/media\/product\/img\/300x300\/7345960.jpg?t=20241217081155"
    },
    {
        "id": 26197,
        "name": "Copos Trigo Espelta Ecol\u00f3gicos integrales CONSUM ECO",
        "price": 3.39,
        "price_kilo": 9.69,
        "slug": "copos-trigo-espelta-ecologicos-integrales",
        "description": "Copos Trigo Espelta Ecol\u00f3gicos integrales 350 Gr",
        "image": "https:\/\/cdn-consum.aktiosdigitalservices.com\/tol\/consum\/media\/product\/img\/300x300\/7347057.jpg?t=20250313080706"
    },
    {
        "id": 26198,
        "name": "Copos Avena Integral Ecol\u00f3gicos CONSUM ECO",
        "price": 2.49,
        "price_kilo": 4.98,
        "slug": "copos-avena-integral-ecologicos",
        "description": "Copos Avena Integral Ecol\u00f3gicos 500 Gr",
        "image": "https:\/\/cdn-consum.aktiosdigitalservices.com\/tol\/consum\/media\/product\/img\/300x300\/7347060.jpg?t=20250312092804"
    },
    {
        "id": 26199,
        "name": "Detergente L\u00edquido Frescor CONSUM",
        "price": 3.7,
        "price_kilo": 0.07,
        "slug": "detergente-liquido-frescor",
        "description": "Detergente L\u00edquido Frescor 52 Lv",
        "image": "https:\/\/cdn-consum.aktiosdigitalservices.com\/tol\/consum\/media\/product\/img\/300x300\/7351153.jpg?t=20241217081158"
    },
    {
        "id": 26200,
        "name": "Detergente L\u00edquido Mano CONSUM",
        "price": 2.19,
        "price_kilo": 0.07,
        "slug": "detergente-liquido-mano",
        "description": "Detergente L\u00edquido Mano 1 L",
        "image": "https:\/\/cdn-consum.aktiosdigitalservices.com\/tol\/consum\/media\/product\/img\/300x300\/7351182.jpg?t=20250311164615"
    },
    {
        "id": 26202,
        "name": "Esponja Natural Konjac Limpiadora Facial BETER",
        "price": 3.95,
        "price_kilo": 3.95,
        "slug": "esponja-natural-konjac-limpiadora-facial",
        "description": "Esponja Natural Konjac Limpiadora Facial 1 U",
        "image": "https:\/\/cdn-consum.aktiosdigitalservices.com\/tol\/consum\/media\/product\/img\/300x300\/7371185.jpg?t=20241217081215"
    },
    {
        "id": 26203,
        "name": "Tri\u00e1ngulos de Ma\u00edz Sabor Chili Bolsa DORITOS",
        "price": 1.99,
        "price_kilo": 14.21,
        "slug": "triangulos-de-maiz-sabor-chili-bolsa",
        "description": "Tri\u00e1ngulos de Ma\u00edz Sabor Chili Bolsa 140 Gr",
        "image": "https:\/\/cdn-consum.aktiosdigitalservices.com\/tol\/consum\/media\/product\/img\/300x300\/7371862.jpg?t=20250312092805"
    },
    {
        "id": 26204,
        "name": "Tri\u00e1ngulos de Ma\u00edz Sabor Tex-Mex Bolsa DORITOS",
        "price": 1.69,
        "price_kilo": 12.07,
        "slug": "triangulos-de-maiz-sabor-tex-mex-bolsa",
        "description": "Tri\u00e1ngulos de Ma\u00edz Sabor Tex-Mex Bolsa 140 Gr",
        "image": "https:\/\/cdn-consum.aktiosdigitalservices.com\/tol\/consum\/media\/product\/img\/300x300\/7371867.jpg?t=20250313080809"
    },
    {
        "id": 26207,
        "name": "Cerveza Checa Botella STAROPRAMEN",
        "price": 1.39,
        "price_kilo": 4.21,
        "slug": "cerveza-checa-botella",
        "description": "Cerveza Checa Botella 0,33 L",
        "image": "https:\/\/cdn-consum.aktiosdigitalservices.com\/tol\/consum\/media\/product\/img\/300x300\/7372381.jpg?t=20250312125823"
    },
    {
        "id": 26209,
        "name": "Nata Spray sin Lactosa Bote ASTURIANA",
        "price": 2.75,
        "price_kilo": 11,
        "slug": "nata-spray-sin-lactosa-bote",
        "description": "Nata Spray sin Lactosa Bote 250 ml",
        "image": "https:\/\/cdn-consum.aktiosdigitalservices.com\/tol\/consum\/media\/product\/img\/300x300\/7372423.jpg?t=20250311111553"
    },
    {
        "id": 26211,
        "name": "Plantilla Gel Talla 36-39 ACHUCHONAS",
        "price": 3.99,
        "price_kilo": 3.99,
        "slug": "plantilla-gel-talla-36-39",
        "description": "Plantilla Gel Talla 36-39 1 U",
        "image": "https:\/\/cdn-consum.aktiosdigitalservices.com\/tol\/consum\/media\/product\/img\/300x300\/7372530.jpg?t=20241217081216"
    },
    {
        "id": 26212,
        "name": "Plantilla Gel Talla 40-42 ACHUCHONAS",
        "price": 3.99,
        "price_kilo": 3.99,
        "slug": "plantilla-gel-talla-40-42",
        "description": "Plantilla Gel Talla 40-42 1 U",
        "image": "https:\/\/cdn-consum.aktiosdigitalservices.com\/tol\/consum\/media\/product\/img\/300x300\/7372548.jpg?t=20241217081216"
    },
    {
        "id": 26213,
        "name": "Crema de Queso Finas Hierbas CREMETTE",
        "price": 2.13,
        "price_kilo": 14.2,
        "slug": "crema-de-queso-finas-hierbas",
        "description": "Crema de Queso Finas Hierbas 150 Gr",
        "image": "https:\/\/cdn-consum.aktiosdigitalservices.com\/tol\/consum\/media\/product\/img\/300x300\/7372550.jpg?t=20250312160854"
    },
    {
        "id": 26215,
        "name": "Sosa C\u00e1ustica Bote JOSMI",
        "price": 3.5,
        "price_kilo": 3.5,
        "slug": "sosa-caustica-bote",
        "description": "Sosa C\u00e1ustica Bote 1 Kg",
        "image": "https:\/\/cdn-consum.aktiosdigitalservices.com\/tol\/consum\/media\/product\/img\/300x300\/7372618.jpg?t=20250312125825"
    },
    {
        "id": 26216,
        "name": "Quitamanchas Pistola Oxi Action VANISH",
        "price": 4.49,
        "price_kilo": 5.99,
        "slug": "quitamanchas-pistola-oxi-action",
        "description": "Quitamanchas Pistola Oxi Action 0,75 L",
        "image": "https:\/\/cdn-consum.aktiosdigitalservices.com\/tol\/consum\/media\/product\/img\/300x300\/7372621.jpg?t=20250311125056"
    },
    {
        "id": 26218,
        "name": "Salsa Ranchera YBARRA",
        "price": 2.19,
        "price_kilo": 8.76,
        "slug": "salsa-ranchera",
        "description": "Salsa Ranchera 250 ml",
        "image": "https:\/\/cdn-consum.aktiosdigitalservices.com\/tol\/consum\/media\/product\/img\/300x300\/7372758.jpg?t=20250320080202"
    },
    {
        "id": 26219,
        "name": "Discos Bio Desmaquillar Redondos Algod\u00f3n B\u00edo BEL NATURE",
        "price": 1.15,
        "price_kilo": 0.02,
        "slug": "discos-bio-desmaquillar-redondos-algodon-bio",
        "description": "Discos Bio Desmaquillar Redondos Algod\u00f3n B\u00edo 70 U",
        "image": "https:\/\/cdn-consum.aktiosdigitalservices.com\/tol\/consum\/media\/product\/img\/300x300\/7372761.jpg?t=20241217081216"
    },
    {
        "id": 26222,
        "name": "Zumo Manzana 100% Free JUVER",
        "price": 2.19,
        "price_kilo": 2.19,
        "slug": "zumo-manzana-100-free",
        "description": "Zumo Manzana 100% Free 1 L",
        "image": "https:\/\/cdn-consum.aktiosdigitalservices.com\/tol\/consum\/media\/product\/img\/300x300\/7372878.jpg?t=20250227093645"
    },
    {
        "id": 26226,
        "name": "Maquinilla Depilaci\u00f3n Venus Breeze 3 Hojas GILLETTE",
        "price": 7.95,
        "price_kilo": 7.95,
        "slug": "maquinilla-depilacion-venus-breeze-3-hojas",
        "description": "Maquinilla Depilaci\u00f3n Venus Breeze 3 Hojas 1 U",
        "image": "https:\/\/cdn-consum.aktiosdigitalservices.com\/tol\/consum\/media\/product\/img\/300x300\/7373264.jpg?t=20250228080451"
    },
    {
        "id": 26229,
        "name": "Remolacha en Rodajas Frasco BONDUELLE",
        "price": 2.75,
        "price_kilo": 9.02,
        "slug": "remolacha-en-rodajas-frasco",
        "description": "Remolacha en Rodajas Frasco 305 Gr",
        "image": "https:\/\/cdn-consum.aktiosdigitalservices.com\/tol\/consum\/media\/product\/img\/300x300\/7373413.jpg?t=20250318080447"
    },
    {
        "id": 26232,
        "name": "Barra Espiga Tradici\u00f3n ",
        "price": 0.79,
        "price_kilo": 3.16,
        "slug": "barra-espiga-tradicion",
        "description": "Barra Espiga Tradici\u00f3n 250 Gr",
        "image": "https:\/\/cdn-consum.aktiosdigitalservices.com\/tol\/consum\/media\/product\/img\/300x300\/7373611.jpg?t=20250218080915"
    },
    {
        "id": 26235,
        "name": "Salsa T\u00e1rtara Tarro CALV\u00c9",
        "price": 2.25,
        "price_kilo": 10.71,
        "slug": "salsa-tartara-tarro",
        "description": "Salsa T\u00e1rtara Tarro 210 ml",
        "image": "https:\/\/cdn-consum.aktiosdigitalservices.com\/tol\/consum\/media\/product\/img\/300x300\/7373806.jpg?t=20250312092806"
    },
    {
        "id": 26243,
        "name": "Comida Gatos Salsa Buey\/Pollo VITALITY",
        "price": 1.27,
        "price_kilo": 3.18,
        "slug": "comida-gatos-salsa-buey-pollo",
        "description": "Comida Gatos Salsa Buey\/Pollo 4 x 100 Gr",
        "image": "https:\/\/cdn-consum.aktiosdigitalservices.com\/tol\/consum\/media\/product\/img\/300x300\/7353688.jpg?t=20250312092804"
    },
    {
        "id": 26244,
        "name": "Comida Gatos Gelatina At\u00fan\/Salm\u00f3n VITALITY",
        "price": 1.28,
        "price_kilo": 3.2,
        "slug": "comida-gatos-gelatina-atun-salmon",
        "description": "Comida Gatos Gelatina At\u00fan\/Salm\u00f3n 4 x 100 Gr",
        "image": "https:\/\/cdn-consum.aktiosdigitalservices.com\/tol\/consum\/media\/product\/img\/300x300\/7353691.jpg?t=20241217081200"
    },
    {
        "id": 26245,
        "name": "Ambientador Perlas Frutos Rojos CONSUM",
        "price": 1.45,
        "price_kilo": 1.45,
        "slug": "ambientador-perlas-frutos-rojos",
        "description": "Ambientador Perlas Frutos Rojos 1 U",
        "image": "https:\/\/cdn-consum.aktiosdigitalservices.com\/tol\/consum\/media\/product\/img\/300x300\/7366268.jpg?t=20241217081210"
    },
    {
        "id": 26246,
        "name": "Ambientador Perlas Agua Fresca CONSUM",
        "price": 1.45,
        "price_kilo": 1.45,
        "slug": "ambientador-perlas-agua-fresca",
        "description": "Ambientador Perlas Agua Fresca 1 U",
        "image": "https:\/\/cdn-consum.aktiosdigitalservices.com\/tol\/consum\/media\/product\/img\/300x300\/7366271.jpg?t=20241217081210"
    },
    {
        "id": 26253,
        "name": "Puerro Granel ",
        "price": 0.36,
        "price_kilo": 3.29,
        "slug": "puerro-granel",
        "description": "Puerro Granel",
        "image": "https:\/\/cdn-consum.aktiosdigitalservices.com\/tol\/consum\/media\/product\/img\/300x300\/7372258.jpg?t=20250322080013"
    },
    {
        "id": 26254,
        "name": "Arroz Basmati Paquete TILDASUNDARI",
        "price": 3.49,
        "price_kilo": 3.49,
        "slug": "arroz-basmati-paquete",
        "description": "Arroz Basmati Paquete 1 Kg",
        "image": "https:\/\/cdn-consum.aktiosdigitalservices.com\/tol\/consum\/media\/product\/img\/300x300\/7372589.jpg?t=20250313080813"
    },
    {
        "id": 26256,
        "name": "Arroz Integral Paquete SOS",
        "price": 1.87,
        "price_kilo": 1.87,
        "slug": "arroz-integral-paquete",
        "description": "Arroz Integral Paquete 1 Kg",
        "image": "https:\/\/cdn-consum.aktiosdigitalservices.com\/tol\/consum\/media\/product\/img\/300x300\/7372600.jpg?t=20250218080910"
    },
    {
        "id": 26258,
        "name": "Cous Cous Vaso Pack de 2 BRILLANTE",
        "price": 1.49,
        "price_kilo": 5.96,
        "slug": "cous-cous-vaso-pack-de-2",
        "description": "Cous Cous Vaso Pack de 2 2 x 125 Gr",
        "image": "https:\/\/cdn-consum.aktiosdigitalservices.com\/tol\/consum\/media\/product\/img\/300x300\/7372647.jpg?t=20241217081216"
    },
    {
        "id": 26259,
        "name": "Desodorante Spray B&W Men Active NIVEA",
        "price": 3.25,
        "price_kilo": 1.63,
        "slug": "desodorante-spray-bw-men-active",
        "description": "Desodorante Spray B&W Men Active 200 ml",
        "image": "https:\/\/cdn-consum.aktiosdigitalservices.com\/tol\/consum\/media\/product\/img\/300x300\/7372725.jpg?t=20250206094638"
    },
    {
        "id": 26263,
        "name": "Mousse D\u00fao Chocolate Blanco y con Leche LA LECHERA",
        "price": 2.15,
        "price_kilo": 9.11,
        "slug": "mousse-duo-chocolate-blanco-y-con-leche",
        "description": "Mousse D\u00fao Chocolate Blanco y con Leche 4 x 59 Gr",
        "image": "https:\/\/cdn-consum.aktiosdigitalservices.com\/tol\/consum\/media\/product\/img\/300x300\/7373038.jpg?t=20250227093647"
    },
    {
        "id": 26273,
        "name": "Sidra MAYADOR",
        "price": 1.6,
        "price_kilo": 2.13,
        "slug": "sidra",
        "description": "Sidra 0,75 L",
        "image": "https:\/\/cdn-consum.aktiosdigitalservices.com\/tol\/consum\/media\/product\/img\/300x300\/7373293.jpg?t=20241217081216"
    },
    {
        "id": 26274,
        "name": "Bebida Refrescante De Zumo de Manzana MAYADOR",
        "price": 2.4,
        "price_kilo": 3.2,
        "slug": "bebida-refrescante-de-zumo-de-manzana",
        "description": "Bebida Refrescante De Zumo de Manzana 0,75 L",
        "image": "https:\/\/cdn-consum.aktiosdigitalservices.com\/tol\/consum\/media\/product\/img\/300x300\/7373298.jpg?t=20250108080938"
    },
    {
        "id": 26276,
        "name": "Sidra Pack 6 unidades MAYADOR",
        "price": 4.99,
        "price_kilo": 3.33,
        "slug": "sidra-pack-6-unidades",
        "description": "Sidra Pack 6 unidades 6 x 0,25 L",
        "image": "https:\/\/cdn-consum.aktiosdigitalservices.com\/tol\/consum\/media\/product\/img\/300x300\/7373314.jpg?t=20241217081216"
    },
    {
        "id": 26280,
        "name": "Desodorante Spray Temptation AXE",
        "price": 3.15,
        "price_kilo": 2.1,
        "slug": "desodorante-spray-temptation",
        "description": "Desodorante Spray Temptation 150 ml",
        "image": "https:\/\/cdn-consum.aktiosdigitalservices.com\/tol\/consum\/media\/product\/img\/300x300\/7373512.jpg?t=20241217081217"
    },
    {
        "id": 26281,
        "name": "Desodorante Spray Marine AXE",
        "price": 3,
        "price_kilo": 2,
        "slug": "desodorante-spray-marine",
        "description": "Desodorante Spray Marine 150 ml",
        "image": "https:\/\/cdn-consum.aktiosdigitalservices.com\/tol\/consum\/media\/product\/img\/300x300\/7373517.jpg?t=20250312160857"
    },
    {
        "id": 26283,
        "name": "Desodorante Spray Apollo AXE",
        "price": 3,
        "price_kilo": 2,
        "slug": "desodorante-spray-apollo",
        "description": "Desodorante Spray Apollo 150 ml",
        "image": "https:\/\/cdn-consum.aktiosdigitalservices.com\/tol\/consum\/media\/product\/img\/300x300\/7373525.jpg?t=20250227093650"
    },
    {
        "id": 26284,
        "name": "Desodorante Spray Black AXE",
        "price": 3,
        "price_kilo": 2,
        "slug": "desodorante-spray-black",
        "description": "Desodorante Spray Black 150 ml",
        "image": "https:\/\/cdn-consum.aktiosdigitalservices.com\/tol\/consum\/media\/product\/img\/300x300\/7373533.jpg?t=20250312160900"
    },
    {
        "id": 26286,
        "name": "Zumo Exprimido Pi\u00f1a Brik DON SIMON",
        "price": 1.99,
        "price_kilo": 1.99,
        "slug": "zumo-exprimido-pina-brik",
        "description": "Zumo Exprimido Pi\u00f1a Brik 1 L",
        "image": "https:\/\/cdn-consum.aktiosdigitalservices.com\/tol\/consum\/media\/product\/img\/300x300\/7373629.jpg?t=20250311125101"
    },
    {
        "id": 26290,
        "name": "Sidra Natural M.BUSTO",
        "price": 2.1,
        "price_kilo": 3,
        "slug": "sidra-natural",
        "description": "Sidra Natural 0,7 L",
        "image": "https:\/\/cdn-consum.aktiosdigitalservices.com\/tol\/consum\/media\/product\/img\/300x300\/7373707.jpg?t=20250312125827"
    },
    {
        "id": 26300,
        "name": "Sopa de Letritas Sobre KNORR",
        "price": 0.85,
        "price_kilo": 10.37,
        "slug": "sopa-de-letritas-sobre",
        "description": "Sopa de Letritas Sobre 82 Gr",
        "image": "https:\/\/cdn-consum.aktiosdigitalservices.com\/tol\/consum\/media\/product\/img\/300x300\/7374098.jpg?t=20250205080525"
    },
    {
        "id": 26301,
        "name": "Refresco Cola Zero Lata COCA-COLA",
        "price": 0.92,
        "price_kilo": 2.79,
        "slug": "refresco-cola-zero-lata",
        "description": "Refresco Cola Zero Lata 0,33 L",
        "image": "https:\/\/cdn-consum.aktiosdigitalservices.com\/tol\/consum\/media\/product\/img\/300x300\/7374742.jpg?t=20250227093714"
    },
    {
        "id": 26302,
        "name": "Refresco Cola Zero Zero Lata COCA-COLA",
        "price": 0.92,
        "price_kilo": 2.79,
        "slug": "refresco-cola-zero-zero-lata",
        "description": "Refresco Cola Zero Zero Lata 0,33 L",
        "image": "https:\/\/cdn-consum.aktiosdigitalservices.com\/tol\/consum\/media\/product\/img\/300x300\/7374747.jpg?t=20250227093715"
    },
    {
        "id": 26303,
        "name": "Refresco Cola Lata COCA-COLA",
        "price": 0.92,
        "price_kilo": 2.79,
        "slug": "refresco-cola-lata",
        "description": "Refresco Cola Lata 0,33 L",
        "image": "https:\/\/cdn-consum.aktiosdigitalservices.com\/tol\/consum\/media\/product\/img\/300x300\/7374759.jpg?t=20250227093717"
    },
    {
        "id": 26304,
        "name": "Desodorante Spray Fresh Mujer KYREY",
        "price": 1.99,
        "price_kilo": 1,
        "slug": "desodorante-spray-fresh-mujer",
        "description": "Desodorante Spray Fresh Mujer 200 ml",
        "image": "https:\/\/cdn-consum.aktiosdigitalservices.com\/tol\/consum\/media\/product\/img\/300x300\/7345994.jpg?t=20241217081155"
    },
    {
        "id": 26305,
        "name": "Detergente L\u00edquido Marsella CONSUM",
        "price": 3.7,
        "price_kilo": 0.07,
        "slug": "detergente-liquido-marsella",
        "description": "Detergente L\u00edquido Marsella 52 Lv",
        "image": "https:\/\/cdn-consum.aktiosdigitalservices.com\/tol\/consum\/media\/product\/img\/300x300\/7351146.jpg?t=20241217081158"
    },
    {
        "id": 26310,
        "name": "Jab\u00f3n Natural Rosa Mosqueta NATURAFEMME",
        "price": 2.15,
        "price_kilo": 21.5,
        "slug": "jabon-natural-rosa-mosqueta",
        "description": "Jab\u00f3n Natural Rosa Mosqueta 100 Gr",
        "image": "https:\/\/cdn-consum.aktiosdigitalservices.com\/tol\/consum\/media\/product\/img\/300x300\/7372741.jpg?t=20241217081216"
    },
    {
        "id": 26341,
        "name": "Biber\u00f3n 300 ML Tetina Silicona Plana TIGEX",
        "price": 7.35,
        "price_kilo": 7.35,
        "slug": "biberon-300-ml-tetina-silicona-plana",
        "description": "Biber\u00f3n 300 ML Tetina Silicona Plana 1 U",
        "image": "https:\/\/cdn-consum.aktiosdigitalservices.com\/tol\/consum\/media\/product\/img\/300x300\/7373306.jpg?t=20250318080947"
    },
    {
        "id": 26345,
        "name": "Vaso Smart Cup TIGEX",
        "price": 7.99,
        "price_kilo": 3.2,
        "slug": "vaso-smart-cup",
        "description": "Vaso Smart Cup 250 ml",
        "image": "https:\/\/cdn-consum.aktiosdigitalservices.com\/tol\/consum\/media\/product\/img\/300x300\/7373343.jpg?t=20250313080814"
    },
    {
        "id": 26361,
        "name": "Desatascador Fuelle VIGAR",
        "price": 1.79,
        "price_kilo": 1.79,
        "slug": "desatascador-fuelle",
        "description": "Desatascador Fuelle 1 U",
        "image": "https:\/\/cdn-consum.aktiosdigitalservices.com\/tol\/consum\/media\/product\/img\/300x300\/7373744.jpg?t=20241217081217"
    },
    {
        "id": 26368,
        "name": "Arroz con Pollo al Curry DELINATUR",
        "price": 2.85,
        "price_kilo": 10.18,
        "slug": "arroz-con-pollo-al-curry",
        "description": "Arroz con Pollo al Curry 280 Gr",
        "image": "https:\/\/cdn-consum.aktiosdigitalservices.com\/tol\/consum\/media\/product\/img\/300x300\/7373983.jpg?t=20241217081217"
    },
    {
        "id": 26370,
        "name": "Perfilador Brow Tattoo N\u00ba7 MAYBELLINE",
        "price": 7.49,
        "price_kilo": 7.49,
        "slug": "perfilador-brow-tattoo-n7",
        "description": "Perfilador Brow Tattoo N\u00ba7 1 U",
        "image": "https:\/\/cdn-consum.aktiosdigitalservices.com\/tol\/consum\/media\/product\/img\/300x300\/7374064.jpg?t=20250227093654"
    },
    {
        "id": 26371,
        "name": "Perfilador Brow Tattoo N\u00ba6 MAYBELLINE",
        "price": 7.49,
        "price_kilo": 7.49,
        "slug": "perfilador-brow-tattoo-n6",
        "description": "Perfilador Brow Tattoo N\u00ba6 1 U",
        "image": "https:\/\/cdn-consum.aktiosdigitalservices.com\/tol\/consum\/media\/product\/img\/300x300\/7374069.jpg?t=20250311164618"
    },
    {
        "id": 26372,
        "name": "Perfilador Brow Tattoo N\u00ba5 MAYBELLINE",
        "price": 7.49,
        "price_kilo": 7.49,
        "slug": "perfilador-brow-tattoo-n5",
        "description": "Perfilador Brow Tattoo N\u00ba5 1 U",
        "image": "https:\/\/cdn-consum.aktiosdigitalservices.com\/tol\/consum\/media\/product\/img\/300x300\/7374072.jpg?t=20250311164618"
    },
    {
        "id": 26373,
        "name": "Perfilador Brow Tattoo N\u00ba3 MAYBELLINE",
        "price": 7.49,
        "price_kilo": 7.49,
        "slug": "perfilador-brow-tattoo-n3",
        "description": "Perfilador Brow Tattoo N\u00ba3 1 U",
        "image": "https:\/\/cdn-consum.aktiosdigitalservices.com\/tol\/consum\/media\/product\/img\/300x300\/7374077.jpg?t=20250311164618"
    },
    {
        "id": 26374,
        "name": "Perfilador Brow Tattoo N\u00ba2 MAYBELLINE",
        "price": 7.49,
        "price_kilo": 7.49,
        "slug": "perfilador-brow-tattoo-n2",
        "description": "Perfilador Brow Tattoo N\u00ba2 1 U",
        "image": "https:\/\/cdn-consum.aktiosdigitalservices.com\/tol\/consum\/media\/product\/img\/300x300\/7374080.jpg?t=20250311164618"
    },
    {
        "id": 26377,
        "name": "Maquillaje Superstay Fundation 30H N\u00ba30 MAYBELLINE",
        "price": 12.9,
        "price_kilo": 12.9,
        "slug": "maquillaje-superstay-fundation-30h-n30",
        "description": "Maquillaje Superstay Fundation 30H N\u00ba30 1 U",
        "image": "https:\/\/cdn-consum.aktiosdigitalservices.com\/tol\/consum\/media\/product\/img\/300x300\/7374114.jpg?t=20240910080439"
    },
    {
        "id": 26382,
        "name": "Maquillaje Superstay Fundation 30H N\u00ba48 MAYBELLINE",
        "price": 12.9,
        "price_kilo": 12.9,
        "slug": "maquillaje-superstay-fundation-30h-n48",
        "description": "Maquillaje Superstay Fundation 30H N\u00ba48 1 U",
        "image": "https:\/\/cdn-consum.aktiosdigitalservices.com\/tol\/consum\/media\/product\/img\/300x300\/7374135.jpg?t=20240910080439"
    },
    {
        "id": 26383,
        "name": "Filete Anchoa Cant\u00e1brico en Aceite Oliva MSC LA LAREDANA",
        "price": 1.99,
        "price_kilo": 6.63,
        "slug": "filete-anchoa-cantabrico-en-aceite-oliva-msc",
        "description": "Filete Anchoa Cant\u00e1brico en Aceite Oliva MSC 30 Gr",
        "image": "https:\/\/cdn-consum.aktiosdigitalservices.com\/tol\/consum\/media\/product\/img\/300x300\/7374304.jpg?t=20241217081217"
    },
    {
        "id": 26384,
        "name": "Kombucha Jengibre y Lim\u00f3n Bebida Org\u00e1nica KOMVIDA",
        "price": 2.2,
        "price_kilo": 8.8,
        "slug": "kombucha-jengibre-y-limon-bebida-organica",
        "description": "Kombucha Jengibre y Lim\u00f3n Bebida Org\u00e1nica 250 ml",
        "image": "https:\/\/cdn-consum.aktiosdigitalservices.com\/tol\/consum\/media\/product\/img\/300x300\/7374309.jpg?t=20250312125832"
    },
    {
        "id": 26385,
        "name": "Milhojas de Merengue 2 Unidades ",
        "price": 2.79,
        "price_kilo": 17.44,
        "slug": "milhojas-de-merengue-2-unidades",
        "description": "Milhojas de Merengue 2 Unidades 160 Gr",
        "image": "https:\/\/cdn-consum.aktiosdigitalservices.com\/tol\/consum\/media\/product\/img\/300x300\/7374320.jpg?t=20250312125834"
    },
    {
        "id": 26388,
        "name": "C\u00e1psulas Naturflora NATURTIERRA",
        "price": 6.39,
        "price_kilo": 0.43,
        "slug": "capsulas-naturflora",
        "description": "C\u00e1psulas Naturflora 16 U",
        "image": "https:\/\/cdn-consum.aktiosdigitalservices.com\/tol\/consum\/media\/product\/img\/300x300\/7374346.jpg?t=20241217081217"
    },
    {
        "id": 26389,
        "name": "C\u00e1psulas Detox NATURTIERRA",
        "price": 4.99,
        "price_kilo": 0.17,
        "slug": "capsulas-detox",
        "description": "C\u00e1psulas Detox 30 U",
        "image": "https:\/\/cdn-consum.aktiosdigitalservices.com\/tol\/consum\/media\/product\/img\/300x300\/7374358.jpg?t=20241217081217"
    },
    {
        "id": 26395,
        "name": "Jengibre con C\u00farcuma 20 Bolsitas POMPADOUR",
        "price": 2.79,
        "price_kilo": 0.14,
        "slug": "jengibre-con-curcuma-20-bolsitas",
        "description": "Jengibre con C\u00farcuma 20 Bolsitas 20 U",
        "image": "https:\/\/cdn-consum.aktiosdigitalservices.com\/tol\/consum\/media\/product\/img\/300x300\/7374390.jpg?t=20250311134344"
    },
    {
        "id": 26397,
        "name": "Gyoza de Pollo al Vapor TA-TUNG",
        "price": 3.25,
        "price_kilo": 22.57,
        "slug": "gyoza-de-pollo-al-vapor",
        "description": "Gyoza de Pollo al Vapor 170 Gr",
        "image": "https:\/\/cdn-consum.aktiosdigitalservices.com\/tol\/consum\/media\/product\/img\/300x300\/7374445.jpg?t=20250312125836"
    },
    {
        "id": 26400,
        "name": "Chocolate Negro 85% Dark NESTLE",
        "price": 3.49,
        "price_kilo": 29.08,
        "slug": "chocolate-negro-85-dark",
        "description": "Chocolate Negro 85% Dark 120 Gr",
        "image": "https:\/\/cdn-consum.aktiosdigitalservices.com\/tol\/consum\/media\/product\/img\/300x300\/7374549.jpg?t=20250312160907"
    },
    {
        "id": 26405,
        "name": "Ginebra Light BEEFEATER",
        "price": 14.25,
        "price_kilo": 20.36,
        "slug": "ginebra-light",
        "description": "Ginebra Light 0,7 L",
        "image": "https:\/\/cdn-consum.aktiosdigitalservices.com\/tol\/consum\/media\/product\/img\/300x300\/7374648.jpg?t=20250322080015"
    },
    {
        "id": 26409,
        "name": "Ar\u00e1ndano Vaso ",
        "price": 3.21,
        "price_kilo": 14.27,
        "slug": "arandano-vaso",
        "description": "Ar\u00e1ndano Vaso 225 Gr",
        "image": "https:\/\/cdn-consum.aktiosdigitalservices.com\/tol\/consum\/media\/product\/img\/300x300\/7374866.jpg?t=20250322080017"
    },
    {
        "id": 26418,
        "name": "Torta de Pasas y Nueces ",
        "price": 4.39,
        "price_kilo": 13.3,
        "slug": "torta-de-pasas-y-nueces",
        "description": "Torta de Pasas y Nueces 330 Gr",
        "image": "https:\/\/cdn-consum.aktiosdigitalservices.com\/tol\/consum\/media\/product\/img\/300x300\/7345387.jpg?t=20250204081230"
    },
    {
        "id": 26421,
        "name": "Detergente L\u00edquido Color CONSUM",
        "price": 4.7,
        "price_kilo": 0.09,
        "slug": "detergente-liquido-color",
        "description": "Detergente L\u00edquido Color 52 Lv",
        "image": "https:\/\/cdn-consum.aktiosdigitalservices.com\/tol\/consum\/media\/product\/img\/300x300\/7351158.jpg?t=20250206094213"
    },
    {
        "id": 26443,
        "name": "Capricho Romana congelado PESCANOVA",
        "price": 4.69,
        "price_kilo": 7.82,
        "slug": "capricho-romana-congelado",
        "description": "Capricho Romana congelado 600 Gr",
        "image": "https:\/\/cdn-consum.aktiosdigitalservices.com\/tol\/consum\/media\/product\/img\/300x300\/7373897.jpg?t=20250312125830"
    },
    {
        "id": 26448,
        "name": "Polvos Texturizantes GOT2B",
        "price": 6.45,
        "price_kilo": 6.45,
        "slug": "polvos-texturizantes",
        "description": "Polvos Texturizantes 1 U",
        "image": "https:\/\/cdn-consum.aktiosdigitalservices.com\/tol\/consum\/media\/product\/img\/300x300\/7374163.jpg?t=20250312160905"
    },
    {
        "id": 26449,
        "name": "Reactivador Rizos SYOSS",
        "price": 6.1,
        "price_kilo": 4.07,
        "slug": "reactivador-rizos",
        "description": "Reactivador Rizos 150 ml",
        "image": "https:\/\/cdn-consum.aktiosdigitalservices.com\/tol\/consum\/media\/product\/img\/300x300\/7374168.jpg?t=20250227093705"
    },
    {
        "id": 26453,
        "name": "Colonia Tac\u00f3n Rojo LADY SECRET",
        "price": 9.59,
        "price_kilo": 9.59,
        "slug": "colonia-tacon-rojo",
        "description": "Colonia Tac\u00f3n Rojo 100 ml",
        "image": "https:\/\/cdn-consum.aktiosdigitalservices.com\/tol\/consum\/media\/product\/img\/300x300\/7374226.jpg?t=20250311164618"
    },
    {
        "id": 26459,
        "name": "At\u00fan Claro Aceite Oliva Virgen Extra CALVO",
        "price": 4.49,
        "price_kilo": 28.78,
        "slug": "atun-claro-aceite-oliva-virgen-extra",
        "description": "At\u00fan Claro Aceite Oliva Virgen Extra 3 x 52 Gr",
        "image": "https:\/\/cdn-consum.aktiosdigitalservices.com\/tol\/consum\/media\/product\/img\/300x300\/7374515.jpg?t=20250206094705"
    },
    {
        "id": 26460,
        "name": "Chocolate con Leche y Galleta JUNGLY",
        "price": 1.69,
        "price_kilo": 13.52,
        "slug": "chocolate-con-leche-y-galleta",
        "description": "Chocolate con Leche y Galleta 125 Gr",
        "image": "https:\/\/cdn-consum.aktiosdigitalservices.com\/tol\/consum\/media\/product\/img\/300x300\/7374531.jpg?t=20250311164618"
    },
    {
        "id": 26461,
        "name": "Migas de Bacalao Desaladas ANGOMAR",
        "price": 5.09,
        "price_kilo": 20.36,
        "slug": "migas-de-bacalao-desaladas",
        "description": "Migas de Bacalao Desaladas 250 Gr",
        "image": "https:\/\/cdn-consum.aktiosdigitalservices.com\/tol\/consum\/media\/product\/img\/300x300\/7374551.jpg?t=20250206094713"
    },
    {
        "id": 26467,
        "name": "Queso Semi Cabra CARMEN",
        "price": 5.61,
        "price_kilo": 18.7,
        "slug": "queso-semi-cabra",
        "description": "Queso Semi Cabra 300 Gr",
        "image": "https:\/\/cdn-consum.aktiosdigitalservices.com\/tol\/consum\/media\/product\/img\/300x300\/7374619.jpg?t=20250103082142"
    },
    {
        "id": 26482,
        "name": "Mini Bomb\u00f3n Biscoff 6 Unidades LOTUS",
        "price": 4.79,
        "price_kilo": 17.74,
        "slug": "mini-bombon-biscoff-6-unidades",
        "description": "Mini Bomb\u00f3n Biscoff 6 Unidades 270 Gr",
        "image": "https:\/\/cdn-consum.aktiosdigitalservices.com\/tol\/consum\/media\/product\/img\/300x300\/7370328.jpg?t=20250227093620"
    },
    {
        "id": 26486,
        "name": "M\u00e1scara Sky High MAYBELLINE",
        "price": 10.99,
        "price_kilo": 10.99,
        "slug": "mascara-sky-high",
        "description": "M\u00e1scara Sky High 1 U",
        "image": "https:\/\/cdn-consum.aktiosdigitalservices.com\/tol\/consum\/media\/product\/img\/300x300\/7374148.jpg?t=20250227093702"
    },
    {
        "id": 26502,
        "name": "At\u00fan Claro Aceite Oliva Pack de 3 CALVO",
        "price": 3.69,
        "price_kilo": 23.65,
        "slug": "atun-claro-aceite-oliva-pack-de-3",
        "description": "At\u00fan Claro Aceite Oliva Pack de 3 3 x 52 Gr",
        "image": "https:\/\/cdn-consum.aktiosdigitalservices.com\/tol\/consum\/media\/product\/img\/300x300\/7374507.jpg?t=20250227093711"
    },
    {
        "id": 26503,
        "name": "At\u00fan Claro Aceite Oliva Pack de 6 CALVO",
        "price": 7.95,
        "price_kilo": 25.48,
        "slug": "atun-claro-aceite-oliva-pack-de-6",
        "description": "At\u00fan Claro Aceite Oliva Pack de 6 6 x 52 Gr",
        "image": "https:\/\/cdn-consum.aktiosdigitalservices.com\/tol\/consum\/media\/product\/img\/300x300\/7374523.jpg?t=20250206094708"
    },
    {
        "id": 26504,
        "name": "At\u00fan Claro Aceite Oliva Bajo en Sal CALVO",
        "price": 4.49,
        "price_kilo": 28.78,
        "slug": "atun-claro-aceite-oliva-bajo-en-sal",
        "description": "At\u00fan Claro Aceite Oliva Bajo en Sal 3 x 52 Gr",
        "image": "https:\/\/cdn-consum.aktiosdigitalservices.com\/tol\/consum\/media\/product\/img\/300x300\/7374528.jpg?t=20250313080816"
    },
    {
        "id": 26508,
        "name": "Plumas N\u00ba 3 Paquete GALLO",
        "price": 1.41,
        "price_kilo": 3.13,
        "slug": "plumas-n-3-paquete",
        "description": "Plumas N\u00ba 3 Paquete 450 Gr",
        "image": "https:\/\/cdn-consum.aktiosdigitalservices.com\/tol\/consum\/media\/product\/img\/300x300\/7374739.jpg?t=20250313080824"
    },
    {
        "id": 26510,
        "name": "Tallar\u00edn Paquete GALLO",
        "price": 1.41,
        "price_kilo": 3.13,
        "slug": "tallarin-paquete",
        "description": "Tallar\u00edn Paquete 450 Gr",
        "image": "https:\/\/cdn-consum.aktiosdigitalservices.com\/tol\/consum\/media\/product\/img\/300x300\/7374817.jpg?t=20250319075938"
    },
    {
        "id": 26511,
        "name": "Pouch Fresa y Pl\u00e1tano BE PLUS",
        "price": 0.99,
        "price_kilo": 8.25,
        "slug": "pouch-fresa-y-platano",
        "description": "Pouch Fresa y Pl\u00e1tano 120 Gr",
        "image": "https:\/\/cdn-consum.aktiosdigitalservices.com\/tol\/consum\/media\/product\/img\/300x300\/7374833.jpg?t=20250311111604"
    },
    {
        "id": 26512,
        "name": "Seit\u00e1n Bio SORIANATURAL",
        "price": 3.69,
        "price_kilo": 12.3,
        "slug": "seitan-bio",
        "description": "Seit\u00e1n Bio 300 Gr",
        "image": "https:\/\/cdn-consum.aktiosdigitalservices.com\/tol\/consum\/media\/product\/img\/300x300\/7374882.jpg?t=20250109103830"
    },
    {
        "id": 26516,
        "name": "Bocados Mediterr\u00e1neos HEURA",
        "price": 3.99,
        "price_kilo": 24.94,
        "slug": "bocados-mediterraneos",
        "description": "Bocados Mediterr\u00e1neos 160 Gr",
        "image": "https:\/\/cdn-consum.aktiosdigitalservices.com\/tol\/consum\/media\/product\/img\/300x300\/7375017.jpg?t=20250227093723"
    },
    {
        "id": 26521,
        "name": "Vino Tinto Crianza D.O. Mancha VI\u00d1AS SE\u00d1ORI",
        "price": 1.7,
        "price_kilo": 2.27,
        "slug": "vino-tinto-crianza-do-mancha",
        "description": "Vino Tinto Crianza D.O. Mancha 0,75 L",
        "image": "https:\/\/cdn-consum.aktiosdigitalservices.com\/tol\/consum\/media\/product\/img\/300x300\/7375629.jpg?t=20250129080056"
    },
    {
        "id": 26525,
        "name": "Cebo Hormigas RAID",
        "price": 5.99,
        "price_kilo": 5.99,
        "slug": "cebo-hormigas",
        "description": "Cebo Hormigas 1 U",
        "image": "https:\/\/cdn-consum.aktiosdigitalservices.com\/tol\/consum\/media\/product\/img\/300x300\/7338770.jpg?t=20250313080653"
    },
    {
        "id": 26526,
        "name": "Yogucol 0% Sabor Fresa CONSUM",
        "price": 2.55,
        "price_kilo": 3.19,
        "slug": "yogucol-0-sabor-fresa",
        "description": "Yogucol 0% Sabor Fresa 8 x 100 Gr",
        "image": "https:\/\/cdn-consum.aktiosdigitalservices.com\/tol\/consum\/media\/product\/img\/300x300\/7362973.jpg?t=20250312125804"
    },
    {
        "id": 26550,
        "name": "Detergente L\u00edquido Higyenic Max ASEVI",
        "price": 6.89,
        "price_kilo": 0.14,
        "slug": "detergente-liquido-higyenic-max",
        "description": "Detergente L\u00edquido Higyenic Max 50 Lv",
        "image": "https:\/\/cdn-consum.aktiosdigitalservices.com\/tol\/consum\/media\/product\/img\/300x300\/7374908.jpg?t=20241217081218"
    },
    {
        "id": 26553,
        "name": "Insecticida Multinsectos Aerosol BLOOM",
        "price": 8.59,
        "price_kilo": 21.48,
        "slug": "insecticida-multinsectos-aerosol",
        "description": "Insecticida Multinsectos Aerosol 0,4 L",
        "image": "https:\/\/cdn-consum.aktiosdigitalservices.com\/tol\/consum\/media\/product\/img\/300x300\/7375181.jpg?t=20250204081352"
    },
    {
        "id": 26557,
        "name": "Vino Tinto Reserva D.O. Somontano ALIUS",
        "price": 3.39,
        "price_kilo": 4.52,
        "slug": "vino-tinto-reserva-do-somontano",
        "description": "Vino Tinto Reserva D.O. Somontano 0,75 L",
        "image": "https:\/\/cdn-consum.aktiosdigitalservices.com\/tol\/consum\/media\/product\/img\/300x300\/7375421.jpg?t=20250227093725"
    },
    {
        "id": 26559,
        "name": "Compresas con Alas Algod\u00f3n Ecol\u00f3gico SILVERCARE",
        "price": 2.85,
        "price_kilo": 0.29,
        "slug": "compresas-con-alas-algodon-ecologico",
        "description": "Compresas con Alas Algod\u00f3n Ecol\u00f3gico 10 U",
        "image": "https:\/\/cdn-consum.aktiosdigitalservices.com\/tol\/consum\/media\/product\/img\/300x300\/7375509.jpg?t=20250312160909"
    },
    {
        "id": 26560,
        "name": "Protegeslips Ultrafinos Algod\u00f3n Ecol\u00f3gico SILVERCARE",
        "price": 2.85,
        "price_kilo": 0.12,
        "slug": "protegeslips-ultrafinos-algodon-ecologico",
        "description": "Protegeslips Ultrafinos Algod\u00f3n Ecol\u00f3gico 24 U",
        "image": "https:\/\/cdn-consum.aktiosdigitalservices.com\/tol\/consum\/media\/product\/img\/300x300\/7375512.jpg?t=20250312160912"
    },
    {
        "id": 26561,
        "name": "Copa Menstrual Talla M SILVERCARE",
        "price": 8.49,
        "price_kilo": 8.49,
        "slug": "copa-menstrual-talla-m",
        "description": "Copa Menstrual Talla M 1 U",
        "image": "https:\/\/cdn-consum.aktiosdigitalservices.com\/tol\/consum\/media\/product\/img\/300x300\/7375520.jpg?t=20250215075905"
    },
    {
        "id": 26562,
        "name": "Copa Menstrual Talla L SILVERCARE",
        "price": 8.49,
        "price_kilo": 8.49,
        "slug": "copa-menstrual-talla-l",
        "description": "Copa Menstrual Talla L 1 U",
        "image": "https:\/\/cdn-consum.aktiosdigitalservices.com\/tol\/consum\/media\/product\/img\/300x300\/7375525.jpg?t=20250311164618"
    },
    {
        "id": 26568,
        "name": "Caf\u00e9 Espresso India 10 C\u00e1psulas NESCAFE",
        "price": 3.69,
        "price_kilo": 0.37,
        "slug": "cafe-espresso-india-10-capsulas",
        "description": "Caf\u00e9 Espresso India 10 C\u00e1psulas 10 U",
        "image": "https:\/\/cdn-consum.aktiosdigitalservices.com\/tol\/consum\/media\/product\/img\/300x300\/7375918.jpg?t=20250312160914"
    },
    {
        "id": 26569,
        "name": "Kinder Maxi Barrita Chocolate T-6 FERRERO",
        "price": 2.79,
        "price_kilo": 22.14,
        "slug": "kinder-maxi-barrita-chocolate-t-6",
        "description": "Kinder Maxi Barrita Chocolate T-6 126 Gr",
        "image": "https:\/\/cdn-consum.aktiosdigitalservices.com\/tol\/consum\/media\/product\/img\/300x300\/7375970.jpg?t=20250311134350"
    },
    {
        "id": 26570,
        "name": "Mitades de Melocot\u00f3n sin Az\u00facar A\u00f1adido SOL ARCHENA",
        "price": 2.65,
        "price_kilo": 7.68,
        "slug": "mitades-de-melocoton-sin-azucar-anadido",
        "description": "Mitades de Melocot\u00f3n sin Az\u00facar A\u00f1adido 3 x 115 Gr",
        "image": "https:\/\/cdn-consum.aktiosdigitalservices.com\/tol\/consum\/media\/product\/img\/300x300\/7376015.jpg?t=20250311134352"
    },
    {
        "id": 26571,
        "name": "Pouch Cool Fruits Manzana, Fresa, Banana NESTLE",
        "price": 1,
        "price_kilo": 9.09,
        "slug": "pouch-cool-fruits-manzana-fresa-banana",
        "description": "Pouch Cool Fruits Manzana, Fresa, Banana 110 Gr",
        "image": "https:\/\/cdn-consum.aktiosdigitalservices.com\/tol\/consum\/media\/product\/img\/300x300\/7376036.jpg?t=20250311111614"
    },
    {
        "id": 26572,
        "name": "Pouch Happy Fruits Frutas Variadas NESTLE",
        "price": 1,
        "price_kilo": 9.09,
        "slug": "pouch-happy-fruits-frutas-variadas",
        "description": "Pouch Happy Fruits Frutas Variadas 110 Gr",
        "image": "https:\/\/cdn-consum.aktiosdigitalservices.com\/tol\/consum\/media\/product\/img\/300x300\/7376069.jpg?t=20250311111617"
    },
    {
        "id": 26573,
        "name": "Caf\u00e9 Descafeinado Colombia 10 C\u00e1psulas NESCAFE",
        "price": 3.69,
        "price_kilo": 0.37,
        "slug": "cafe-descafeinado-colombia-10-capsulas",
        "description": "Caf\u00e9 Descafeinado Colombia 10 C\u00e1psulas 10 U",
        "image": "https:\/\/cdn-consum.aktiosdigitalservices.com\/tol\/consum\/media\/product\/img\/300x300\/7376072.jpg?t=20250312160916"
    },
    {
        "id": 26574,
        "name": "Caf\u00e9 Lungo Brazil 10 C\u00e1psulas NESCAFE",
        "price": 3.69,
        "price_kilo": 0.37,
        "slug": "cafe-lungo-brazil-10-capsulas",
        "description": "Caf\u00e9 Lungo Brazil 10 C\u00e1psulas 10 U",
        "image": "https:\/\/cdn-consum.aktiosdigitalservices.com\/tol\/consum\/media\/product\/img\/300x300\/7376077.jpg?t=20250312160918"
    },
    {
        "id": 26578,
        "name": "Detergente L\u00edquido Gel Activo COLON",
        "price": 10.25,
        "price_kilo": 0.23,
        "slug": "detergente-liquido-gel-activo",
        "description": "Detergente L\u00edquido Gel Activo 45 Lv",
        "image": "https:\/\/cdn-consum.aktiosdigitalservices.com\/tol\/consum\/media\/product\/img\/300x300\/7376221.jpg?t=20250313080833"
    },
    {
        "id": 26580,
        "name": "Salsa Tikka Masala Frasco PATAK'S",
        "price": 3.25,
        "price_kilo": 7.22,
        "slug": "salsa-tikka-masala-frasco",
        "description": "Salsa Tikka Masala Frasco 450 Gr",
        "image": "https:\/\/cdn-consum.aktiosdigitalservices.com\/tol\/consum\/media\/product\/img\/300x300\/7376341.jpg?t=20250227093738"
    },
    {
        "id": 26584,
        "name": "Detergente L\u00edquido Prendas Oscuras CONSUM",
        "price": 4,
        "price_kilo": 0.13,
        "slug": "detergente-liquido-prendas-oscuras",
        "description": "Detergente L\u00edquido Prendas Oscuras 30 Lv",
        "image": "https:\/\/cdn-consum.aktiosdigitalservices.com\/tol\/consum\/media\/product\/img\/300x300\/7351166.jpg?t=20241217081158"
    },
    {
        "id": 26585,
        "name": "At\u00fan Aceite Girasol Lata CONSUM",
        "price": 6.45,
        "price_kilo": 9.92,
        "slug": "atun-aceite-girasol-lata",
        "description": "At\u00fan Aceite Girasol Lata 650 Gr",
        "image": "https:\/\/cdn-consum.aktiosdigitalservices.com\/tol\/consum\/media\/product\/img\/300x300\/7360352.jpg?t=20241217081206"
    },
    {
        "id": 26586,
        "name": "Relleno para Fajitas congelado CONSUM",
        "price": 1.95,
        "price_kilo": 6.5,
        "slug": "relleno-para-fajitas-congelado",
        "description": "Relleno para Fajitas congelado 300 Gr",
        "image": "https:\/\/cdn-consum.aktiosdigitalservices.com\/tol\/consum\/media\/product\/img\/300x300\/7360758.jpg?t=20241217081206"
    },
    {
        "id": 26589,
        "name": "Gel Ba\u00f1o Glicerina KYREY",
        "price": 1.5,
        "price_kilo": 0.3,
        "slug": "gel-bano-glicerina",
        "description": "Gel Ba\u00f1o Glicerina 500 ml",
        "image": "https:\/\/cdn-consum.aktiosdigitalservices.com\/tol\/consum\/media\/product\/img\/300x300\/7363963.jpg?t=20250318080424"
    },
    {
        "id": 26590,
        "name": "Toalla Desmaquilladora BETER",
        "price": 2.95,
        "price_kilo": 2.95,
        "slug": "toalla-desmaquilladora",
        "description": "Toalla Desmaquilladora 1 U",
        "image": "https:\/\/cdn-consum.aktiosdigitalservices.com\/tol\/consum\/media\/product\/img\/300x300\/7371198.jpg?t=20250121081203"
    },
    {
        "id": 26597,
        "name": "Bomb\u00f3n Rocher Classic 4 Unidades FERRERO",
        "price": 4.99,
        "price_kilo": 19.88,
        "slug": "bombon-rocher-classic-4-unidades",
        "description": "Bomb\u00f3n Rocher Classic 4 Unidades 200 Gr",
        "image": "https:\/\/cdn-consum.aktiosdigitalservices.com\/tol\/consum\/media\/product\/img\/300x300\/7374031.jpg?t=20250205080523"
    },
    {
        "id": 26602,
        "name": "Mix Cocktail Bolsa JUMPERS",
        "price": 1.4,
        "price_kilo": 14,
        "slug": "mix-cocktail-bolsa",
        "description": "Mix Cocktail Bolsa 100 Gr",
        "image": "https:\/\/cdn-consum.aktiosdigitalservices.com\/tol\/consum\/media\/product\/img\/300x300\/7375533.jpg?t=20250313080829"
    },
    {
        "id": 26635,
        "name": "Pepitas Chocolate Negro Intenso 70% VAHIN\u00c9",
        "price": 4.99,
        "price_kilo": 49.9,
        "slug": "pepitas-chocolate-negro-intenso-70",
        "description": "Pepitas Chocolate Negro Intenso 70% 100 Gr",
        "image": "https:\/\/cdn-consum.aktiosdigitalservices.com\/tol\/consum\/media\/product\/img\/300x300\/7376247.jpg?t=20250311111630"
    },
    {
        "id": 26639,
        "name": "Multipack Snatts Palitos Pipas SNATT'S",
        "price": 2.6,
        "price_kilo": 16.25,
        "slug": "multipack-snatts-palitos-pipas",
        "description": "Multipack Snatts Palitos Pipas 160 Gr",
        "image": "https:\/\/cdn-consum.aktiosdigitalservices.com\/tol\/consum\/media\/product\/img\/300x300\/7376275.jpg?t=20250311111634"
    },
    {
        "id": 26644,
        "name": "Levadura Panader\u00eda 5 Unidades ROYAL",
        "price": 2.25,
        "price_kilo": 8.18,
        "slug": "levadura-panaderia-5-unidades",
        "description": "Levadura Panader\u00eda 5 Unidades 27,5 Gr",
        "image": "https:\/\/cdn-consum.aktiosdigitalservices.com\/tol\/consum\/media\/product\/img\/300x300\/7376358.jpg?t=20250311111644"
    },
    {
        "id": 26656,
        "name": "Pa\u00f1uelos Faciales Peque\u00f1os Espacios CONSUM",
        "price": 1.49,
        "price_kilo": 0.03,
        "slug": "panuelos-faciales-pequenos-espacios",
        "description": "Pa\u00f1uelos Faciales Peque\u00f1os Espacios 55 U",
        "image": "https:\/\/cdn-consum.aktiosdigitalservices.com\/tol\/consum\/media\/product\/img\/300x300\/7376507.jpg?t=20241217081219"
    },
    {
        "id": 26672,
        "name": "Blanqueador de Juntas CONSUM",
        "price": 2.95,
        "price_kilo": 11.8,
        "slug": "blanqueador-de-juntas",
        "description": "Blanqueador de Juntas 250 ml",
        "image": "https:\/\/cdn-consum.aktiosdigitalservices.com\/tol\/consum\/media\/product\/img\/300x300\/7364862.jpg?t=20250304113123"
    },
    {
        "id": 26673,
        "name": "Postre Gelificado 00% Sabor Fresa CONSUM",
        "price": 0.7,
        "price_kilo": 1.75,
        "slug": "postre-gelificado-00-sabor-fresa",
        "description": "Postre Gelificado 00% Sabor Fresa 4 x 100 Gr",
        "image": "https:\/\/cdn-consum.aktiosdigitalservices.com\/tol\/consum\/media\/product\/img\/300x300\/7368918.jpg?t=20241217081214"
    },
    {
        "id": 26674,
        "name": "Postre Gelificado 00% Sabor Tropical CONSUM",
        "price": 0.7,
        "price_kilo": 1.75,
        "slug": "postre-gelificado-00-sabor-tropical",
        "description": "Postre Gelificado 00% Sabor Tropical 4 x 100 Gr",
        "image": "https:\/\/cdn-consum.aktiosdigitalservices.com\/tol\/consum\/media\/product\/img\/300x300\/7368921.jpg?t=20240910080436"
    },
    {
        "id": 26675,
        "name": "Maxib\u00f3n Waffle Blonde Caramel NESTLE",
        "price": 5.99,
        "price_kilo": 16.64,
        "slug": "maxibon-waffle-blonde-caramel",
        "description": "Maxib\u00f3n Waffle Blonde Caramel 360 Gr",
        "image": "https:\/\/cdn-consum.aktiosdigitalservices.com\/tol\/consum\/media\/product\/img\/300x300\/7370435.jpg?t=20250205080517"
    },
    {
        "id": 26677,
        "name": "Dr\u00e1cula Cola Pack de 6 Unidades FRIGO",
        "price": 5.19,
        "price_kilo": 17.3,
        "slug": "dracula-cola-pack-de-6-unidades",
        "description": "Dr\u00e1cula Cola Pack de 6 Unidades 300 Gr",
        "image": "https:\/\/cdn-consum.aktiosdigitalservices.com\/tol\/consum\/media\/product\/img\/300x300\/7371248.jpg?t=20250214075947"
    },
    {
        "id": 26687,
        "name": "Bebida Energ\u00e9tica Sand\u00eda Lata RED BULL",
        "price": 1,
        "price_kilo": 4,
        "slug": "bebida-energetica-sandia-lata",
        "description": "Bebida Energ\u00e9tica Sand\u00eda Lata 0,25 L",
        "image": "https:\/\/cdn-consum.aktiosdigitalservices.com\/tol\/consum\/media\/product\/img\/300x300\/7375553.jpg?t=20250319075942"
    },
    {
        "id": 26688,
        "name": "Pizza congelada Prosciutto sin Gluten sin Lactosa RISTORANTE",
        "price": 4.59,
        "price_kilo": 13.3,
        "slug": "pizza-congelada-prosciutto-sin-gluten-sin-lactosa",
        "description": "Pizza congelada Prosciutto sin Gluten sin Lactosa 345 Gr",
        "image": "https:\/\/cdn-consum.aktiosdigitalservices.com\/tol\/consum\/media\/product\/img\/300x300\/7375921.jpg?t=20250312125845"
    },
    {
        "id": 26689,
        "name": "Dent\u00edfrico Esmalte Sano COLGATE",
        "price": 3.69,
        "price_kilo": 4.92,
        "slug": "dentifrico-esmalte-sano",
        "description": "Dent\u00edfrico Esmalte Sano 75 ml",
        "image": "https:\/\/cdn-consum.aktiosdigitalservices.com\/tol\/consum\/media\/product\/img\/300x300\/7376085.jpg?t=20241217081218"
    },
    {
        "id": 26695,
        "name": "Altervcon LA SELVA",
        "price": 2.79,
        "price_kilo": 31,
        "slug": "altervcon",
        "description": "Altervcon 90 Gr",
        "image": "https:\/\/cdn-consum.aktiosdigitalservices.com\/tol\/consum\/media\/product\/img\/300x300\/7376312.jpg?t=20250206094838"
    },
    {
        "id": 26696,
        "name": "P\u00e9talos Pechuga Pavo NOEL",
        "price": 2.59,
        "price_kilo": 28.78,
        "slug": "petalos-pechuga-pavo",
        "description": "P\u00e9talos Pechuga Pavo 90 Gr",
        "image": "https:\/\/cdn-consum.aktiosdigitalservices.com\/tol\/consum\/media\/product\/img\/300x300\/7376325.jpg?t=20250227093737"
    },
    {
        "id": 26705,
        "name": "Crema Corporal Exfoliant Piedra Volc\u00e1nica EUDERMIN BIO",
        "price": 4.55,
        "price_kilo": 1.52,
        "slug": "crema-corporal-exfoliant-piedra-volcanica",
        "description": "Crema Corporal Exfoliant Piedra Volc\u00e1nica 300 ml",
        "image": "https:\/\/cdn-consum.aktiosdigitalservices.com\/tol\/consum\/media\/product\/img\/300x300\/7376713.jpg?t=20250304113327"
    },
    {
        "id": 26712,
        "name": "Maquinilla Afeitar Mach3 3 Hojas  3 Recambios GILLETTE",
        "price": 11.99,
        "price_kilo": 11.99,
        "slug": "maquinilla-afeitar-mach3-3-hojas-3-recambios",
        "description": "Maquinilla Afeitar Mach3 3 Hojas  3 Recambios 1 U",
        "image": "https:\/\/cdn-consum.aktiosdigitalservices.com\/tol\/consum\/media\/product\/img\/300x300\/7376796.jpg?t=20241217081219"
    },
    {
        "id": 26721,
        "name": "Pastillas Lavavajillas Todo en 1 25+7 FINISH",
        "price": 10.99,
        "price_kilo": 0.34,
        "slug": "pastillas-lavavajillas-todo-en-1-257",
        "description": "Pastillas Lavavajillas Todo en 1 25+7 32 Do",
        "image": "https:\/\/cdn-consum.aktiosdigitalservices.com\/tol\/consum\/media\/product\/img\/300x300\/7376932.jpg?t=20250312092806"
    },
    {
        "id": 26739,
        "name": "Crema de Arroz sin Gluten NESTLE",
        "price": 2.5,
        "price_kilo": 13.89,
        "slug": "crema-de-arroz-sin-gluten",
        "description": "Crema de Arroz sin Gluten 180 Gr",
        "image": "https:\/\/cdn-consum.aktiosdigitalservices.com\/tol\/consum\/media\/product\/img\/300x300\/7377224.jpg?t=20250311111654"
    },
    {
        "id": 26744,
        "name": "Fregona Tiras Decoradas CONSUM",
        "price": 1.75,
        "price_kilo": 0.88,
        "slug": "fregona-tiras-decoradas",
        "description": "Fregona Tiras Decoradas 2 U",
        "image": "https:\/\/cdn-consum.aktiosdigitalservices.com\/tol\/consum\/media\/product\/img\/300x300\/7367399.jpg?t=20241217081211"
    },
    {
        "id": 26745,
        "name": "Bebida L\u00e1ctea 0%0% Prote\u00edna Sabor Chocolate CONSUM",
        "price": 1.75,
        "price_kilo": 5.3,
        "slug": "bebida-lactea-00-proteina-sabor-chocolate",
        "description": "Bebida L\u00e1ctea 0%0% Prote\u00edna Sabor Chocolate 330 ml",
        "image": "https:\/\/cdn-consum.aktiosdigitalservices.com\/tol\/consum\/media\/product\/img\/300x300\/7369460.jpg?t=20250206094536"
    },
    {
        "id": 26747,
        "name": "Burger Meat Angus ",
        "price": 2.55,
        "price_kilo": 19.62,
        "slug": "burger-meat-angus",
        "description": "Burger Meat Angus 130 Gr",
        "image": "https:\/\/cdn-consum.aktiosdigitalservices.com\/tol\/consum\/media\/product\/img\/300x300\/7372688.jpg?t=20241217081216"
    },
    {
        "id": 26748,
        "name": "Activia con Fresas Pack de 4 Unidades DANONE",
        "price": 2,
        "price_kilo": 4.17,
        "slug": "activia-con-fresas-pack-de-4-unidades",
        "description": "Activia con Fresas Pack de 4 Unidades 4 x 120 Gr",
        "image": "https:\/\/cdn-consum.aktiosdigitalservices.com\/tol\/consum\/media\/product\/img\/300x300\/7375004.jpg?t=20250312125839"
    },
    {
        "id": 26749,
        "name": "Activia con Mango Pack de 4 Unidades DANONE",
        "price": 2,
        "price_kilo": 4.17,
        "slug": "activia-con-mango-pack-de-4-unidades",
        "description": "Activia con Mango Pack de 4 Unidades 4 x 120 Gr",
        "image": "https:\/\/cdn-consum.aktiosdigitalservices.com\/tol\/consum\/media\/product\/img\/300x300\/7375009.jpg?t=20250312125841"
    },
    {
        "id": 26751,
        "name": "Snack Liquido Gatos Salm\u00f3n Omega 3 VITAKRAFT",
        "price": 2.85,
        "price_kilo": 31.67,
        "slug": "snack-liquido-gatos-salmon-omega-3",
        "description": "Snack Liquido Gatos Salm\u00f3n Omega 3 90 Gr",
        "image": "https:\/\/cdn-consum.aktiosdigitalservices.com\/tol\/consum\/media\/product\/img\/300x300\/7376556.jpg?t=20250207080144"
    },
    {
        "id": 26752,
        "name": "Snack Perro Tiras de Pollo BIOZOO",
        "price": 2.79,
        "price_kilo": 27.9,
        "slug": "snack-perro-tiras-de-pollo",
        "description": "Snack Perro Tiras de Pollo 100 Gr",
        "image": "https:\/\/cdn-consum.aktiosdigitalservices.com\/tol\/consum\/media\/product\/img\/300x300\/7376580.jpg?t=20250304115741"
    },
    {
        "id": 26762,
        "name": "Panceta Curada Salada EDIGAPA",
        "price": 14.9,
        "price_kilo": 14.9,
        "slug": "panceta-curada-salada",
        "description": "Panceta Curada Salada",
        "image": "https:\/\/cdn-consum.aktiosdigitalservices.com\/tol\/consum\/media\/product\/img\/300x300\/7377166.jpg?t=20250321075941"
    },
    {
        "id": 26769,
        "name": "Salchich\u00f3n Ib\u00e9rico Extra Cebo de Campo CORTE NOBLE",
        "price": 21.9,
        "price_kilo": 21.9,
        "slug": "salchichon-iberico-extra-cebo-de-campo",
        "description": "Salchich\u00f3n Ib\u00e9rico Extra Cebo de Campo",
        "image": "https:\/\/cdn-consum.aktiosdigitalservices.com\/tol\/consum\/media\/product\/img\/300x300\/7377356.jpg?t=20250322080020"
    },
    {
        "id": 26770,
        "name": "Chorizo Ib\u00e9rico Extra Cebo de Campo CORTE NOBLE",
        "price": 21.9,
        "price_kilo": 21.9,
        "slug": "chorizo-iberico-extra-cebo-de-campo",
        "description": "Chorizo Ib\u00e9rico Extra Cebo de Campo",
        "image": "https:\/\/cdn-consum.aktiosdigitalservices.com\/tol\/consum\/media\/product\/img\/300x300\/7377364.jpg?t=20250322080021"
    },
    {
        "id": 26776,
        "name": "Crema Hidratante Hyaluron Men SPF 15 NIVEA",
        "price": 14.99,
        "price_kilo": 29.98,
        "slug": "crema-hidratante-hyaluron-men-spf-15",
        "description": "Crema Hidratante Hyaluron Men SPF 15 50 ml",
        "image": "https:\/\/cdn-consum.aktiosdigitalservices.com\/tol\/consum\/media\/product\/img\/300x300\/7377443.jpg?t=20250311164618"
    },
    {
        "id": 26777,
        "name": "Agua Micelar Piel Normal NIVEA",
        "price": 4.99,
        "price_kilo": 1.25,
        "slug": "agua-micelar-piel-normal",
        "description": "Agua Micelar Piel Normal 400 ml",
        "image": "https:\/\/cdn-consum.aktiosdigitalservices.com\/tol\/consum\/media\/product\/img\/300x300\/7377526.jpg?t=20250208075913"
    },
    {
        "id": 26778,
        "name": "Higaditos de Pollo CONSUM",
        "price": 1.55,
        "price_kilo": 5.17,
        "slug": "higaditos-de-pollo",
        "description": "Higaditos de Pollo 300 Gr",
        "image": "https:\/\/cdn-consum.aktiosdigitalservices.com\/tol\/consum\/media\/product\/img\/300x300\/7377567.jpg?t=20241217081219"
    },
    {
        "id": 26779,
        "name": "Mollejas de Pollo CONSUM",
        "price": 1.6,
        "price_kilo": 5.33,
        "slug": "mollejas-de-pollo",
        "description": "Mollejas de Pollo 300 Gr",
        "image": "https:\/\/cdn-consum.aktiosdigitalservices.com\/tol\/consum\/media\/product\/img\/300x300\/7377583.jpg?t=20241217081219"
    },
    {
        "id": 26805,
        "name": "Detergente L\u00edquido Marsella Rellenable CONSUM",
        "price": 2.99,
        "price_kilo": 0.07,
        "slug": "detergente-liquido-marsella-rellenable",
        "description": "Detergente L\u00edquido Marsella Rellenable 40 Lv",
        "image": "https:\/\/cdn-consum.aktiosdigitalservices.com\/tol\/consum\/media\/product\/img\/300x300\/7353134.jpg?t=20250312092804"
    },
    {
        "id": 26806,
        "name": "Detergente L\u00edquido Frescor Rellenable CONSUM",
        "price": 2.99,
        "price_kilo": 0.07,
        "slug": "detergente-liquido-frescor-rellenable",
        "description": "Detergente L\u00edquido Frescor Rellenable 40 Lv",
        "image": "https:\/\/cdn-consum.aktiosdigitalservices.com\/tol\/consum\/media\/product\/img\/300x300\/7353139.jpg?t=20241217081200"
    },
    {
        "id": 26807,
        "name": "Bastoncillos Algod\u00f3n KYREY",
        "price": 0.9,
        "price_kilo": 0.01,
        "slug": "bastoncillos-algodon",
        "description": "Bastoncillos Algod\u00f3n 200 U",
        "image": "https:\/\/cdn-consum.aktiosdigitalservices.com\/tol\/consum\/media\/product\/img\/300x300\/7368327.jpg?t=20250109112332"
    },
    {
        "id": 26808,
        "name": "Salsa S\u00faper Bolo\u00f1esa Tarro GALLO",
        "price": 3.35,
        "price_kilo": 9.57,
        "slug": "salsa-super-bolonesa-tarro",
        "description": "Salsa S\u00faper Bolo\u00f1esa Tarro 350 Gr",
        "image": "https:\/\/cdn-consum.aktiosdigitalservices.com\/tol\/consum\/media\/product\/img\/300x300\/7374713.jpg?t=20250318080449"
    },
    {
        "id": 26814,
        "name": "Cerveza Selecta Lata SAN MIGUEL",
        "price": 1.05,
        "price_kilo": 3.18,
        "slug": "cerveza-selecta-lata",
        "description": "Cerveza Selecta Lata 0,33 L",
        "image": "https:\/\/cdn-consum.aktiosdigitalservices.com\/tol\/consum\/media\/product\/img\/300x300\/7375546.jpg?t=20250319075940"
    },
    {
        "id": 26815,
        "name": "Cerveza Lata ROSA BLANCA",
        "price": 0.89,
        "price_kilo": 2.7,
        "slug": "cerveza-lata",
        "description": "Cerveza Lata 0,33 L",
        "image": "https:\/\/cdn-consum.aktiosdigitalservices.com\/tol\/consum\/media\/product\/img\/300x300\/7375645.jpg?t=20250228080457"
    },
    {
        "id": 26817,
        "name": "Aceite Repara y Protege PANTENE",
        "price": 7.99,
        "price_kilo": 7.99,
        "slug": "aceite-repara-y-protege",
        "description": "Aceite Repara y Protege 100 ml",
        "image": "https:\/\/cdn-consum.aktiosdigitalservices.com\/tol\/consum\/media\/product\/img\/300x300\/7375835.jpg?t=20241217081218"
    },
    {
        "id": 26818,
        "name": "Pan Tostado 100 % Integral RECONDO",
        "price": 2.41,
        "price_kilo": 8.93,
        "slug": "pan-tostado-100-integral",
        "description": "Pan Tostado 100 % Integral 270 Gr",
        "image": "https:\/\/cdn-consum.aktiosdigitalservices.com\/tol\/consum\/media\/product\/img\/300x300\/7376189.jpg?t=20250313080831"
    },
    {
        "id": 26819,
        "name": "Bizcocho Lim\u00f3n sin Az\u00facar A\u00f1adidos LALY",
        "price": 2.65,
        "price_kilo": 5.89,
        "slug": "bizcocho-limon-sin-azucar-anadidos",
        "description": "Bizcocho Lim\u00f3n sin Az\u00facar A\u00f1adidos 450 Gr",
        "image": "https:\/\/cdn-consum.aktiosdigitalservices.com\/tol\/consum\/media\/product\/img\/300x300\/7376192.jpg?t=20250311111627"
    },
    {
        "id": 26820,
        "name": "Barritas Cereales con Choco-Leche 0% Pack 6 CORNY",
        "price": 2.99,
        "price_kilo": 24.92,
        "slug": "barritas-cereales-con-choco-leche-0-pack-6",
        "description": "Barritas Cereales con Choco-Leche 0% Pack 6 120 Gr",
        "image": "https:\/\/cdn-consum.aktiosdigitalservices.com\/tol\/consum\/media\/product\/img\/300x300\/7376283.jpg?t=20250311134355"
    },
    {
        "id": 26821,
        "name": "Barritas Cereales con Chocolate Negro Pack 6 CORNY",
        "price": 2.99,
        "price_kilo": 21.67,
        "slug": "barritas-cereales-con-chocolate-negro-pack-6",
        "description": "Barritas Cereales con Chocolate Negro Pack 6 138 Gr",
        "image": "https:\/\/cdn-consum.aktiosdigitalservices.com\/tol\/consum\/media\/product\/img\/300x300\/7376288.jpg?t=20250311134357"
    },
    {
        "id": 26822,
        "name": "Barritas Cereales con Chocolate Leche Pack 6 CORNY",
        "price": 2.99,
        "price_kilo": 19.93,
        "slug": "barritas-cereales-con-chocolate-leche-pack-6",
        "description": "Barritas Cereales con Chocolate Leche Pack 6 150 Gr",
        "image": "https:\/\/cdn-consum.aktiosdigitalservices.com\/tol\/consum\/media\/product\/img\/300x300\/7376291.jpg?t=20250311134359"
    },
    {
        "id": 26823,
        "name": "Semillas Molidas de Lino ECOCESTA",
        "price": 4.29,
        "price_kilo": 21.45,
        "slug": "semillas-molidas-de-lino",
        "description": "Semillas Molidas de Lino 200 Gr",
        "image": "https:\/\/cdn-consum.aktiosdigitalservices.com\/tol\/consum\/media\/product\/img\/300x300\/7376536.jpg?t=20250311134402"
    },
    {
        "id": 26826,
        "name": "Comida Seca Gato Buey BREKKIES",
        "price": 12.95,
        "price_kilo": 3.7,
        "slug": "comida-seca-gato-buey",
        "description": "Comida Seca Gato Buey 3,5 Kg",
        "image": "https:\/\/cdn-consum.aktiosdigitalservices.com\/tol\/consum\/media\/product\/img\/300x300\/7376986.jpg?t=20250227093740"
    },
    {
        "id": 26827,
        "name": "Jam\u00f3n Serrano Reserva Loncheado EDIGAPA",
        "price": 5.49,
        "price_kilo": 16.15,
        "slug": "jamon-serrano-reserva-loncheado",
        "description": "Jam\u00f3n Serrano Reserva Loncheado 2 x 170 Gr",
        "image": "https:\/\/cdn-consum.aktiosdigitalservices.com\/tol\/consum\/media\/product\/img\/300x300\/7377021.jpg?t=20250315075855"
    },
    {
        "id": 26828,
        "name": "Lomo de Bonito ANGOMAR",
        "price": 4.78,
        "price_kilo": 19.9,
        "slug": "lomo-de-bonito",
        "description": "Lomo de Bonito",
        "image": "https:\/\/cdn-consum.aktiosdigitalservices.com\/tol\/consum\/media\/product\/img\/300x300\/7377034.jpg?t=20250319075943"
    },
    {
        "id": 26830,
        "name": "Mix Cereales 0% Az\u00facares A\u00f1adidos ESGIR",
        "price": 2.19,
        "price_kilo": 7.3,
        "slug": "mix-cereales-0-azucares-anadidos",
        "description": "Mix Cereales 0% Az\u00facares A\u00f1adidos 300 Gr",
        "image": "https:\/\/cdn-consum.aktiosdigitalservices.com\/tol\/consum\/media\/product\/img\/300x300\/7377211.jpg?t=20250311111652"
    },
    {
        "id": 26840,
        "name": "Desodorante Stick Captain OLD SPICE",
        "price": 3.99,
        "price_kilo": 7.98,
        "slug": "desodorante-stick-captain",
        "description": "Desodorante Stick Captain 50 ml",
        "image": "https:\/\/cdn-consum.aktiosdigitalservices.com\/tol\/consum\/media\/product\/img\/300x300\/7377869.jpg?t=20241217081219"
    },
    {
        "id": 26841,
        "name": "Desodorante Stick Deep Sea OLD SPICE",
        "price": 3.99,
        "price_kilo": 7.98,
        "slug": "desodorante-stick-deep-sea",
        "description": "Desodorante Stick Deep Sea 50 ml",
        "image": "https:\/\/cdn-consum.aktiosdigitalservices.com\/tol\/consum\/media\/product\/img\/300x300\/7377872.jpg?t=20241217081219"
    },
    {
        "id": 26843,
        "name": "Bebida de Soja sin Az\u00facar Brik ALPRO",
        "price": 1.99,
        "price_kilo": 1.99,
        "slug": "bebida-de-soja-sin-azucar-brik",
        "description": "Bebida de Soja sin Az\u00facar Brik 1 L",
        "image": "https:\/\/cdn-consum.aktiosdigitalservices.com\/tol\/consum\/media\/product\/img\/300x300\/7378164.jpg?t=20250313080839"
    },
    {
        "id": 26848,
        "name": "Tarta Sacher Frambuesa ",
        "price": 10.19,
        "price_kilo": 15.68,
        "slug": "tarta-sacher-frambuesa",
        "description": "Tarta Sacher Frambuesa 650 Gr",
        "image": "https:\/\/cdn-consum.aktiosdigitalservices.com\/tol\/consum\/media\/product\/img\/300x300\/7378461.jpg?t=20250101082422"
    },
    {
        "id": 26851,
        "name": "Galletas Animals CONSUM",
        "price": 1.65,
        "price_kilo": 5,
        "slug": "galletas-animals",
        "description": "Galletas Animals 330 Gr",
        "image": "https:\/\/cdn-consum.aktiosdigitalservices.com\/tol\/consum\/media\/product\/img\/300x300\/7259893.jpg?t=20250313080357"
    },
    {
        "id": 26857,
        "name": "Avellana Natural Piel DoyPack CONSUM",
        "price": 2.99,
        "price_kilo": 14.95,
        "slug": "avellana-natural-piel-doypack",
        "description": "Avellana Natural Piel DoyPack 200 Gr",
        "image": "https:\/\/cdn-consum.aktiosdigitalservices.com\/tol\/consum\/media\/product\/img\/300x300\/7368111.jpg?t=20250128080238"
    },
    {
        "id": 26877,
        "name": "Chorizo Ib\u00e9rico Extra Cebo BOADAS",
        "price": 19.5,
        "price_kilo": 19.5,
        "slug": "chorizo-iberico-extra-cebo",
        "description": "Chorizo Ib\u00e9rico Extra Cebo",
        "image": "https:\/\/cdn-consum.aktiosdigitalservices.com\/tol\/consum\/media\/product\/img\/300x300\/7377281.jpg?t=20250311154839"
    },
    {
        "id": 26879,
        "name": "Salchich\u00f3n Ib\u00e9rico Extra Cebo BOADAS",
        "price": 19.5,
        "price_kilo": 19.5,
        "slug": "salchichon-iberico-extra-cebo",
        "description": "Salchich\u00f3n Ib\u00e9rico Extra Cebo",
        "image": "https:\/\/cdn-consum.aktiosdigitalservices.com\/tol\/consum\/media\/product\/img\/300x300\/7377294.jpg?t=20250311154840"
    },
    {
        "id": 26880,
        "name": "Chorizo Extra Reserva 50% Duroc BOADAS",
        "price": 2.95,
        "price_kilo": 23.6,
        "slug": "chorizo-extra-reserva-50-duroc",
        "description": "Chorizo Extra Reserva 50% Duroc 125 Gr",
        "image": "https:\/\/cdn-consum.aktiosdigitalservices.com\/tol\/consum\/media\/product\/img\/300x300\/7377299.jpg?t=20250312160921"
    },
    {
        "id": 26881,
        "name": "Salchich\u00f3n Extra Reserva 50% Duroc BOADAS",
        "price": 2.95,
        "price_kilo": 23.6,
        "slug": "salchichon-extra-reserva-50-duroc",
        "description": "Salchich\u00f3n Extra Reserva 50% Duroc 125 Gr",
        "image": "https:\/\/cdn-consum.aktiosdigitalservices.com\/tol\/consum\/media\/product\/img\/300x300\/7377315.jpg?t=20250227093743"
    },
    {
        "id": 26891,
        "name": "Muffin Chocolate 2 Unidades ",
        "price": 2.29,
        "price_kilo": 10.41,
        "slug": "muffin-chocolate-2-unidades",
        "description": "Muffin Chocolate 2 Unidades 220 Gr",
        "image": "https:\/\/cdn-consum.aktiosdigitalservices.com\/tol\/consum\/media\/product\/img\/300x300\/7378631.jpg?t=20250204081408"
    },
    {
        "id": 26894,
        "name": "Lavavajillas en Gel Excellence Duo SOMAT",
        "price": 7.15,
        "price_kilo": 0.2,
        "slug": "lavavajillas-en-gel-excellence-duo",
        "description": "Lavavajillas en Gel Excellence Duo 35 Lv",
        "image": "https:\/\/cdn-consum.aktiosdigitalservices.com\/tol\/consum\/media\/product\/img\/300x300\/7378925.jpg?t=20250312160925"
    },
    {
        "id": 26904,
        "name": "Cera Moldeadora Brillo KYREY",
        "price": 3.2,
        "price_kilo": 32,
        "slug": "cera-moldeadora-brillo",
        "description": "Cera Moldeadora Brillo 100 ml",
        "image": "https:\/\/cdn-consum.aktiosdigitalservices.com\/tol\/consum\/media\/product\/img\/300x300\/7358344.jpg?t=20241217081205"
    },
    {
        "id": 26905,
        "name": "Fiambre de Pavo Lata CONSUM",
        "price": 2.59,
        "price_kilo": 11.77,
        "slug": "fiambre-de-pavo-lata",
        "description": "Fiambre de Pavo Lata 210 Gr",
        "image": "https:\/\/cdn-consum.aktiosdigitalservices.com\/tol\/consum\/media\/product\/img\/300x300\/7361041.jpg?t=20241221080142"
    },
    {
        "id": 26916,
        "name": "Recogedor Antivuelco con Palo MIK",
        "price": 1.55,
        "price_kilo": 1.55,
        "slug": "recogedor-antivuelco-con-palo",
        "description": "Recogedor Antivuelco con Palo 1 U",
        "image": "https:\/\/cdn-consum.aktiosdigitalservices.com\/tol\/consum\/media\/product\/img\/300x300\/7377591.jpg?t=20241217081219"
    },
    {
        "id": 26917,
        "name": "Ensalada Wakame congelada EXKIMO",
        "price": 1.39,
        "price_kilo": 11.12,
        "slug": "ensalada-wakame-congelada",
        "description": "Ensalada Wakame congelada 125 Gr",
        "image": "https:\/\/cdn-consum.aktiosdigitalservices.com\/tol\/consum\/media\/product\/img\/300x300\/7377625.jpg?t=20241217081219"
    },
    {
        "id": 26926,
        "name": "Kinder Schokobons White Bolsa KINDER",
        "price": 4.39,
        "price_kilo": 21.95,
        "slug": "kinder-schokobons-white-bolsa",
        "description": "Kinder Schokobons White Bolsa 200 Gr",
        "image": "https:\/\/cdn-consum.aktiosdigitalservices.com\/tol\/consum\/media\/product\/img\/300x300\/7378198.jpg?t=20250311134405"
    },
    {
        "id": 26935,
        "name": "Barre\u00f1o Redondo 7 L MIK",
        "price": 2.25,
        "price_kilo": 2.25,
        "slug": "barreno-redondo-7-l",
        "description": "Barre\u00f1o Redondo 7 L 1 U",
        "image": "https:\/\/cdn-consum.aktiosdigitalservices.com\/tol\/consum\/media\/product\/img\/300x300\/7378789.jpg?t=20250318080947"
    },
    {
        "id": 26936,
        "name": "Colonia N\u00ba2 Rosa Fresca Aguas de V&L V&L",
        "price": 12.95,
        "price_kilo": 8.63,
        "slug": "colonia-n2-rosa-fresca-aguas-de-vl",
        "description": "Colonia N\u00ba2 Rosa Fresca Aguas de V&L 150 ml",
        "image": "https:\/\/cdn-consum.aktiosdigitalservices.com\/tol\/consum\/media\/product\/img\/300x300\/7378813.jpg?t=20241126180339"
    },
    {
        "id": 26939,
        "name": "Colonia Shakira Midnight SHAKIRA",
        "price": 10.95,
        "price_kilo": 21.9,
        "slug": "colonia-shakira-midnight",
        "description": "Colonia Shakira Midnight 50 ml",
        "image": "https:\/\/cdn-consum.aktiosdigitalservices.com\/tol\/consum\/media\/product\/img\/300x300\/7378867.jpg?t=20241217081220"
    },
    {
        "id": 26943,
        "name": "Taza Antifugas Asas TIGEX",
        "price": 7.69,
        "price_kilo": 7.69,
        "slug": "taza-antifugas-asas",
        "description": "Taza Antifugas Asas 1 U",
        "image": "https:\/\/cdn-consum.aktiosdigitalservices.com\/tol\/consum\/media\/product\/img\/300x300\/7379006.jpg?t=20250213080313"
    },
    {
        "id": 26947,
        "name": "Tri\u00e1ngulo Pavo y Queso Empanado ",
        "price": 0.59,
        "price_kilo": 1.64,
        "slug": "triangulo-pavo-y-queso-empanado",
        "description": "Tri\u00e1ngulo Pavo y Queso Empanado 36 Gr",
        "image": "https:\/\/cdn-consum.aktiosdigitalservices.com\/tol\/consum\/media\/product\/img\/300x300\/7379134.jpg?t=20250318080454"
    },
    {
        "id": 26948,
        "name": "Ginebra 0,0 TANQUERAY",
        "price": 16.49,
        "price_kilo": 23.56,
        "slug": "ginebra-00",
        "description": "Ginebra 0,0 0,7 L",
        "image": "https:\/\/cdn-consum.aktiosdigitalservices.com\/tol\/consum\/media\/product\/img\/300x300\/7379204.jpg?t=20250312125850"
    },
    {
        "id": 26957,
        "name": "Laca de U\u00f1as N\u00ba21 Gel Effect GIO GIOVANNI",
        "price": 1.85,
        "price_kilo": 1.85,
        "slug": "laca-de-unas-n21-gel-effect",
        "description": "Laca de U\u00f1as N\u00ba21 Gel Effect 1 U",
        "image": "https:\/\/cdn-consum.aktiosdigitalservices.com\/tol\/consum\/media\/product\/img\/300x300\/7379654.jpg?t=20250211080628"
    },
    {
        "id": 26958,
        "name": "Laca de U\u00f1as Gel Effect N\u00ba22 Negro GIO GIOVANNI",
        "price": 1.85,
        "price_kilo": 1.85,
        "slug": "laca-de-unas-gel-effect-n22-negro",
        "description": "Laca de U\u00f1as Gel Effect N\u00ba22 Negro 12 ml",
        "image": "https:\/\/cdn-consum.aktiosdigitalservices.com\/tol\/consum\/media\/product\/img\/300x300\/7379667.jpg?t=20250204082235"
    },
    {
        "id": 26960,
        "name": "Bebida Alto Rendimiento Mel\u00f3n Man\u00eda REIGN",
        "price": 1.59,
        "price_kilo": 3.18,
        "slug": "bebida-alto-rendimiento-melon-mania",
        "description": "Bebida Alto Rendimiento Mel\u00f3n Man\u00eda 0,5 L",
        "image": "https:\/\/cdn-consum.aktiosdigitalservices.com\/tol\/consum\/media\/product\/img\/300x300\/7379704.jpg?t=20250227093800"
    },
    {
        "id": 26963,
        "name": "Jud\u00eda Plana Bandeja ",
        "price": 2.99,
        "price_kilo": 3.99,
        "slug": "judia-plana-bandeja",
        "description": "Jud\u00eda Plana Bandeja 750 Gr",
        "image": "https:\/\/cdn-consum.aktiosdigitalservices.com\/tol\/consum\/media\/product\/img\/300x300\/7380009.jpg?t=20250220080848"
    },
    {
        "id": 26965,
        "name": "Bastoncillos Infantiles 100 % Algod\u00f3n CONSUM KIDS",
        "price": 1.05,
        "price_kilo": 0.02,
        "slug": "bastoncillos-infantiles-100-algodon",
        "description": "Bastoncillos Infantiles 100 % Algod\u00f3n 60 U",
        "image": "https:\/\/cdn-consum.aktiosdigitalservices.com\/tol\/consum\/media\/product\/img\/300x300\/7368343.jpg?t=20241217081213"
    },
    {
        "id": 26973,
        "name": "Bebida Avena con Caf\u00e9 Vaso LA VEVIDA",
        "price": 1.15,
        "price_kilo": 5,
        "slug": "bebida-avena-con-cafe-vaso",
        "description": "Bebida Avena con Caf\u00e9 Vaso 230 ml",
        "image": "https:\/\/cdn-consum.aktiosdigitalservices.com\/tol\/consum\/media\/product\/img\/300x300\/7377179.jpg?t=20250311164618"
    },
    {
        "id": 26977,
        "name": "Limonada con Jengibre FRUTAE",
        "price": 2.69,
        "price_kilo": 2.69,
        "slug": "limonada-con-jengibre",
        "description": "Limonada con Jengibre 1 L",
        "image": "https:\/\/cdn-consum.aktiosdigitalservices.com\/tol\/consum\/media\/product\/img\/300x300\/7377919.jpg?t=20250311164619"
    },
    {
        "id": 26983,
        "name": "Ma\u00edz B\u00edo Pack de 2 BONDUELLE",
        "price": 3.25,
        "price_kilo": 11.61,
        "slug": "maiz-bio-pack-de-2",
        "description": "Ma\u00edz B\u00edo Pack de 2 2 x 140 Gr",
        "image": "https:\/\/cdn-consum.aktiosdigitalservices.com\/tol\/consum\/media\/product\/img\/300x300\/7378698.jpg?t=20250213080311"
    },
    {
        "id": 26984,
        "name": "Brotes de Jud\u00eda Mungo Pack de 3 Lata BONDUELLE",
        "price": 3.39,
        "price_kilo": 12.56,
        "slug": "brotes-de-judia-mungo-pack-de-3-lata",
        "description": "Brotes de Jud\u00eda Mungo Pack de 3 Lata 3 x 90 Gr",
        "image": "https:\/\/cdn-consum.aktiosdigitalservices.com\/tol\/consum\/media\/product\/img\/300x300\/7378706.jpg?t=20241217081220"
    },
    {
        "id": 26985,
        "name": "Ma\u00edz Dulce Pack de 3 Lata BONDUELLE",
        "price": 3.49,
        "price_kilo": 8.31,
        "slug": "maiz-dulce-pack-de-3-lata",
        "description": "Ma\u00edz Dulce Pack de 3 Lata 3 x 140 Gr",
        "image": "https:\/\/cdn-consum.aktiosdigitalservices.com\/tol\/consum\/media\/product\/img\/300x300\/7378719.jpg?t=20250206094923"
    },
    {
        "id": 26987,
        "name": "Body Spray Citronela LAISEVEN",
        "price": 1.95,
        "price_kilo": 1.3,
        "slug": "body-spray-citronela",
        "description": "Body Spray Citronela 150 ml",
        "image": "https:\/\/cdn-consum.aktiosdigitalservices.com\/tol\/consum\/media\/product\/img\/300x300\/7379014.jpg?t=20240521080625"
    },
    {
        "id": 26988,
        "name": "Redondo Pollo con Bac\u00f3n CARLOTE\u00d1A",
        "price": 3.49,
        "price_kilo": 13.96,
        "slug": "redondo-pollo-con-bacon",
        "description": "Redondo Pollo con Bac\u00f3n 250 Gr",
        "image": "https:\/\/cdn-consum.aktiosdigitalservices.com\/tol\/consum\/media\/product\/img\/300x300\/7379043.jpg?t=20250320080206"
    },
    {
        "id": 26989,
        "name": "Donettes Cl\u00e1sicos 8 Unidades DONUTS",
        "price": 2.75,
        "price_kilo": 18.09,
        "slug": "donettes-clasicos-8-unidades",
        "description": "Donettes Cl\u00e1sicos 8 Unidades 152 Gr",
        "image": "https:\/\/cdn-consum.aktiosdigitalservices.com\/tol\/consum\/media\/product\/img\/300x300\/7379159.jpg?t=20250311125113"
    },
    {
        "id": 26990,
        "name": "Donettes Rayados 8 Unidades DONUTS",
        "price": 2.85,
        "price_kilo": 16.19,
        "slug": "donettes-rayados-8-unidades",
        "description": "Donettes Rayados 8 Unidades 176 Gr",
        "image": "https:\/\/cdn-consum.aktiosdigitalservices.com\/tol\/consum\/media\/product\/img\/300x300\/7379167.jpg?t=20250311111709"
    },
    {
        "id": 27002,
        "name": "Barrita Cereales Crunchy Avena y Miel Pack 5 NAT.VALLEY",
        "price": 1.99,
        "price_kilo": 9.47,
        "slug": "barrita-cereales-crunchy-avena-y-miel-pack-5",
        "description": "Barrita Cereales Crunchy Avena y Miel Pack 5 210 Gr",
        "image": "https:\/\/cdn-consum.aktiosdigitalservices.com\/tol\/consum\/media\/product\/img\/300x300\/7379725.jpg?t=20250311134409"
    },
    {
        "id": 27003,
        "name": "Barrita Cereales Crunchy Avena y Choco Negro P.5 NAT.VALLEY",
        "price": 1.99,
        "price_kilo": 9.47,
        "slug": "barrita-cereales-crunchy-avena-y-choco-negro-p5",
        "description": "Barrita Cereales Crunchy Avena y Choco Negro P.5 210 Gr",
        "image": "https:\/\/cdn-consum.aktiosdigitalservices.com\/tol\/consum\/media\/product\/img\/300x300\/7379733.jpg?t=20250311134412"
    },
    {
        "id": 27004,
        "name": "Barrita Cereales Protein Cacahuete y Chocolate NAT.VALLEY",
        "price": 3.15,
        "price_kilo": 19.69,
        "slug": "barrita-cereales-protein-cacahuete-y-chocolate",
        "description": "Barrita Cereales Protein Cacahuete y Chocolate 160 Gr",
        "image": "https:\/\/cdn-consum.aktiosdigitalservices.com\/tol\/consum\/media\/product\/img\/300x300\/7379738.jpg?t=20250313080843"
    },
    {
        "id": 27007,
        "name": "Queso Cremoso Lonchas ASTURIANA",
        "price": 3.55,
        "price_kilo": 14.2,
        "slug": "queso-cremoso-lonchas",
        "description": "Queso Cremoso Lonchas 250 Gr",
        "image": "https:\/\/cdn-consum.aktiosdigitalservices.com\/tol\/consum\/media\/product\/img\/300x300\/7379761.jpg?t=20250311134417"
    },
    {
        "id": 27015,
        "name": "Lentejas Peladas Bolsa Doypack LUENGO",
        "price": 2.23,
        "price_kilo": 5.58,
        "slug": "lentejas-peladas-bolsa-doypack",
        "description": "Lentejas Peladas Bolsa Doypack 400 Gr",
        "image": "https:\/\/cdn-consum.aktiosdigitalservices.com\/tol\/consum\/media\/product\/img\/300x300\/7380025.jpg?t=20250206094944"
    },
    {
        "id": 27022,
        "name": "Crema de Vinagre Pedro Xim\u00e9nez CONSUM",
        "price": 2.25,
        "price_kilo": 9,
        "slug": "crema-de-vinagre-pedro-ximenez",
        "description": "Crema de Vinagre Pedro Xim\u00e9nez 250 ml",
        "image": "https:\/\/cdn-consum.aktiosdigitalservices.com\/tol\/consum\/media\/product\/img\/300x300\/7366466.jpg?t=20241217081211"
    },
    {
        "id": 27023,
        "name": "Crema de Vinagre M\u00f3dena CONSUM",
        "price": 1.75,
        "price_kilo": 7,
        "slug": "crema-de-vinagre-modena",
        "description": "Crema de Vinagre M\u00f3dena 250 ml",
        "image": "https:\/\/cdn-consum.aktiosdigitalservices.com\/tol\/consum\/media\/product\/img\/300x300\/7366474.jpg?t=20241217081211"
    },
    {
        "id": 27024,
        "name": "Cacahuete Repelado Frito Paquete CONSUM",
        "price": 1,
        "price_kilo": 4,
        "slug": "cacahuete-repelado-frito-paquete",
        "description": "Cacahuete Repelado Frito Paquete 250 Gr",
        "image": "https:\/\/cdn-consum.aktiosdigitalservices.com\/tol\/consum\/media\/product\/img\/300x300\/7367022.jpg?t=20250312092805"
    },
    {
        "id": 27030,
        "name": "Guisantes Tiernos y Finos sin Az\u00facares A\u00f1adidos BONDUELLE",
        "price": 3.59,
        "price_kilo": 8.55,
        "slug": "guisantes-tiernos-y-finos-sin-azucares-anadidos",
        "description": "Guisantes Tiernos y Finos sin Az\u00facares A\u00f1adidos 3 x 140 Gr",
        "image": "https:\/\/cdn-consum.aktiosdigitalservices.com\/tol\/consum\/media\/product\/img\/300x300\/7380061.jpg?t=20241217081220"
    },
    {
        "id": 27034,
        "name": "Comida Gato Lata Revelations Pollo Pack 4 GOURMET",
        "price": 3.49,
        "price_kilo": 15.31,
        "slug": "comida-gato-lata-revelations-pollo-pack-4",
        "description": "Comida Gato Lata Revelations Pollo Pack 4 4 x 57 Gr",
        "image": "https:\/\/cdn-consum.aktiosdigitalservices.com\/tol\/consum\/media\/product\/img\/300x300\/7380116.jpg?t=20250207080150"
    },
    {
        "id": 27035,
        "name": "Pastel de At\u00fan BO DE DEBO",
        "price": 2.99,
        "price_kilo": 11.96,
        "slug": "pastel-de-atun",
        "description": "Pastel de At\u00fan 250 Gr",
        "image": "https:\/\/cdn-consum.aktiosdigitalservices.com\/tol\/consum\/media\/product\/img\/300x300\/7380152.jpg?t=20241217081220"
    },
    {
        "id": 27037,
        "name": "Colgador WC Gel Brillant Oc\u00e9ano \u00c1rtico BREF",
        "price": 2.2,
        "price_kilo": 2.2,
        "slug": "colgador-wc-gel-brillant-oceano-artico",
        "description": "Colgador WC Gel Brillant Oc\u00e9ano \u00c1rtico 1 U",
        "image": "https:\/\/cdn-consum.aktiosdigitalservices.com\/tol\/consum\/media\/product\/img\/300x300\/7380210.jpg?t=20250311111728"
    },
    {
        "id": 27038,
        "name": "Agua Mineral Natural Botella EVIAN",
        "price": 2.24,
        "price_kilo": 1.49,
        "slug": "agua-mineral-natural-botella",
        "description": "Agua Mineral Natural Botella 1,5 L",
        "image": "https:\/\/cdn-consum.aktiosdigitalservices.com\/tol\/consum\/media\/product\/img\/300x300\/7380223.jpg?t=20250220080851"
    },
    {
        "id": 27039,
        "name": "Galleta Rellena de Crema NUTELLA",
        "price": 4.39,
        "price_kilo": 14.44,
        "slug": "galleta-rellena-de-crema",
        "description": "Galleta Rellena de Crema 304 Gr",
        "image": "https:\/\/cdn-consum.aktiosdigitalservices.com\/tol\/consum\/media\/product\/img\/300x300\/7380244.jpg?t=20250311111733"
    },
    {
        "id": 27046,
        "name": "Tap\u00f3n de Silicona Cava o Champagne PULLTEX",
        "price": 3.19,
        "price_kilo": 3.19,
        "slug": "tapon-de-silicona-cava-o-champagne",
        "description": "Tap\u00f3n de Silicona Cava o Champagne 1 U",
        "image": "https:\/\/cdn-consum.aktiosdigitalservices.com\/tol\/consum\/media\/product\/img\/300x300\/7380678.jpg?t=20250312092806"
    },
    {
        "id": 27074,
        "name": "Desodorante Roll-On Talco Mujer KYREY",
        "price": 0.99,
        "price_kilo": 1.98,
        "slug": "desodorante-roll-on-talco-mujer",
        "description": "Desodorante Roll-On Talco Mujer 50 ml",
        "image": "https:\/\/cdn-consum.aktiosdigitalservices.com\/tol\/consum\/media\/product\/img\/300x300\/7345932.jpg?t=20241217081155"
    },
    {
        "id": 27075,
        "name": "Desodorante Spray Excess KYREY",
        "price": 1.99,
        "price_kilo": 1,
        "slug": "desodorante-spray-excess",
        "description": "Desodorante Spray Excess 200 ml",
        "image": "https:\/\/cdn-consum.aktiosdigitalservices.com\/tol\/consum\/media\/product\/img\/300x300\/7345999.jpg?t=20241217081155"
    },
    {
        "id": 27076,
        "name": "Desodorante Spray Wild KYREY",
        "price": 1.99,
        "price_kilo": 1,
        "slug": "desodorante-spray-wild",
        "description": "Desodorante Spray Wild 200 ml",
        "image": "https:\/\/cdn-consum.aktiosdigitalservices.com\/tol\/consum\/media\/product\/img\/300x300\/7346000.jpg?t=20241217081155"
    },
    {
        "id": 27077,
        "name": "Desodorante Spray Gold KYREY",
        "price": 1.99,
        "price_kilo": 1,
        "slug": "desodorante-spray-gold",
        "description": "Desodorante Spray Gold 200 ml",
        "image": "https:\/\/cdn-consum.aktiosdigitalservices.com\/tol\/consum\/media\/product\/img\/300x300\/7346013.jpg?t=20250312092804"
    },
    {
        "id": 27090,
        "name": "Lavavajillas M\u00e1quina Gel Todo en 1 Lim\u00f3n SOMAT",
        "price": 10.75,
        "price_kilo": 0.13,
        "slug": "lavavajillas-maquina-gel-todo-en-1-limon",
        "description": "Lavavajillas M\u00e1quina Gel Todo en 1 Lim\u00f3n 2 x 40 Lv",
        "image": "https:\/\/cdn-consum.aktiosdigitalservices.com\/tol\/consum\/media\/product\/img\/300x300\/7378511.jpg?t=20250311164619"
    },
    {
        "id": 27092,
        "name": "M\u00e1quina Depilatoria 5H Intuition WILKINSON",
        "price": 6.19,
        "price_kilo": 6.19,
        "slug": "maquina-depilatoria-5h-intuition",
        "description": "M\u00e1quina Depilatoria 5H Intuition 1 U",
        "image": "https:\/\/cdn-consum.aktiosdigitalservices.com\/tol\/consum\/media\/product\/img\/300x300\/7378755.jpg?t=20250227093752"
    },
    {
        "id": 27093,
        "name": "Recambio Maquinilla Intuition WILKINSON",
        "price": 9.99,
        "price_kilo": 2.5,
        "slug": "recambio-maquinilla-intuition",
        "description": "Recambio Maquinilla Intuition 4 U",
        "image": "https:\/\/cdn-consum.aktiosdigitalservices.com\/tol\/consum\/media\/product\/img\/300x300\/7378776.jpg?t=20250311164619"
    },
    {
        "id": 27099,
        "name": "Pa\u00f1al Pant T 7 +17 Kg DODOT",
        "price": 13.95,
        "price_kilo": 0.61,
        "slug": "panal-pant-t-7-17-kg",
        "description": "Pa\u00f1al Pant T 7 +17 Kg 23 U",
        "image": "https:\/\/cdn-consum.aktiosdigitalservices.com\/tol\/consum\/media\/product\/img\/300x300\/7379147.jpg?t=20250313080841"
    },
    {
        "id": 27128,
        "name": "Crema de D\u00eda SPF 15 \u00c1cido Hialur\u00f3nico KYREY",
        "price": 5.99,
        "price_kilo": 11.98,
        "slug": "crema-de-dia-spf-15-acido-hialuronico",
        "description": "Crema de D\u00eda SPF 15 \u00c1cido Hialur\u00f3nico 50 ml",
        "image": "https:\/\/cdn-consum.aktiosdigitalservices.com\/tol\/consum\/media\/product\/img\/300x300\/7380798.jpg?t=20250204082235"
    },
    {
        "id": 27129,
        "name": "Crema de Noche \u00c1cido Hialur\u00f3nico KYREY",
        "price": 5.99,
        "price_kilo": 11.98,
        "slug": "crema-de-noche-acido-hialuronico",
        "description": "Crema de Noche \u00c1cido Hialur\u00f3nico 50 ml",
        "image": "https:\/\/cdn-consum.aktiosdigitalservices.com\/tol\/consum\/media\/product\/img\/300x300\/7380801.jpg?t=20250204082236"
    },
    {
        "id": 27130,
        "name": "Rellenador Intensivo Ojos \u00c1cido Hialur\u00f3nico KYREY",
        "price": 4.5,
        "price_kilo": 30,
        "slug": "rellenador-intensivo-ojos-acido-hialuronico",
        "description": "Rellenador Intensivo Ojos \u00c1cido Hialur\u00f3nico 15 ml",
        "image": "https:\/\/cdn-consum.aktiosdigitalservices.com\/tol\/consum\/media\/product\/img\/300x300\/7380806.jpg?t=20241217081221"
    },
    {
        "id": 27131,
        "name": "S\u00e9rum Concentrado \u00c1cido Hialur\u00f3nico KYREY",
        "price": 5.99,
        "price_kilo": 19.97,
        "slug": "serum-concentrado-acido-hialuronico",
        "description": "S\u00e9rum Concentrado \u00c1cido Hialur\u00f3nico 30 ml",
        "image": "https:\/\/cdn-consum.aktiosdigitalservices.com\/tol\/consum\/media\/product\/img\/300x300\/7380819.jpg?t=20241217081221"
    },
    {
        "id": 27139,
        "name": "Comida Seca Perro Adulto Men\u00fa Mediterr\u00e1ne VITALITY",
        "price": 11.95,
        "price_kilo": 1.71,
        "slug": "comida-seca-perro-adulto-menu-mediterrane",
        "description": "Comida Seca Perro Adulto Men\u00fa Mediterr\u00e1ne 7 Kg",
        "image": "https:\/\/cdn-consum.aktiosdigitalservices.com\/tol\/consum\/media\/product\/img\/300x300\/7363257.jpg?t=20241217081208"
    },
    {
        "id": 27140,
        "name": "Gelatina Prote\u00edna 00% Plus Sabor Frutos Rojos CONSUM",
        "price": 1.55,
        "price_kilo": 3.88,
        "slug": "gelatina-proteina-00-plus-sabor-frutos-rojos",
        "description": "Gelatina Prote\u00edna 00% Plus Sabor Frutos Rojos 4 x 100 Gr - Refrigerado",
        "image": "https:\/\/cdn-consum.aktiosdigitalservices.com\/tol\/consum\/media\/product\/img\/300x300\/7368926.jpg?t=20241217081214"
    },
    {
        "id": 27141,
        "name": "Flan Vainilla 00% Pack de 4 Unidades CONSUM",
        "price": 1.15,
        "price_kilo": 2.88,
        "slug": "flan-vainilla-00-pack-de-4-unidades",
        "description": "Flan Vainilla 00% Pack de 4 Unidades 4 x 100 Gr",
        "image": "https:\/\/cdn-consum.aktiosdigitalservices.com\/tol\/consum\/media\/product\/img\/300x300\/7369168.jpg?t=20241217081214"
    },
    {
        "id": 27142,
        "name": "Yogur Natural  Pack 2 Unidades CONSUM",
        "price": 1.15,
        "price_kilo": 4.6,
        "slug": "yogur-natural-pack-2-unidades",
        "description": "Yogur Natural  Pack 2 Unidades 2 x 125 Gr",
        "image": "https:\/\/cdn-consum.aktiosdigitalservices.com\/tol\/consum\/media\/product\/img\/300x300\/7371029.jpg?t=20250304113224"
    },
    {
        "id": 27143,
        "name": "Yogur Natural  Azucarado CONSUM",
        "price": 1.15,
        "price_kilo": 4.6,
        "slug": "yogur-natural-azucarado",
        "description": "Yogur Natural  Azucarado 2 x 125 Gr",
        "image": "https:\/\/cdn-consum.aktiosdigitalservices.com\/tol\/consum\/media\/product\/img\/300x300\/7371032.jpg?t=20250304113226"
    },
    {
        "id": 27144,
        "name": "Yogur con Fresa Pack 2 Unidades CONSUM",
        "price": 1.25,
        "price_kilo": 5,
        "slug": "yogur-con-fresa-pack-2-unidades",
        "description": "Yogur con Fresa Pack 2 Unidades 2 x 125 Gr",
        "image": "https:\/\/cdn-consum.aktiosdigitalservices.com\/tol\/consum\/media\/product\/img\/300x300\/7371037.jpg?t=20250304113228"
    },
    {
        "id": 27145,
        "name": "Yogur con Melocot\u00f3n Pack 2 Unidad CONSUM",
        "price": 1.25,
        "price_kilo": 5,
        "slug": "yogur-con-melocoton-pack-2-unidad",
        "description": "Yogur con Melocot\u00f3n Pack 2 Unidad 2 x 125 Gr",
        "image": "https:\/\/cdn-consum.aktiosdigitalservices.com\/tol\/consum\/media\/product\/img\/300x300\/7371040.jpg?t=20250304113230"
    },
    {
        "id": 27158,
        "name": "Tortita Arroz Integral con Chocolate Negro BICENTURY",
        "price": 2.39,
        "price_kilo": 18.38,
        "slug": "tortita-arroz-integral-con-chocolate-negro",
        "description": "Tortita Arroz Integral con Chocolate Negro 130 Gr",
        "image": "https:\/\/cdn-consum.aktiosdigitalservices.com\/tol\/consum\/media\/product\/img\/300x300\/7378680.jpg?t=20250311134407"
    },
    {
        "id": 27167,
        "name": "S\u00e9rum Luminous 630 Antimanchas NIVEA",
        "price": 24.49,
        "price_kilo": 81.63,
        "slug": "serum-luminous-630-antimanchas",
        "description": "S\u00e9rum Luminous 630 Antimanchas 30 ml",
        "image": "https:\/\/cdn-consum.aktiosdigitalservices.com\/tol\/consum\/media\/product\/img\/300x300\/7380137.jpg?t=20250313080848"
    },
    {
        "id": 27168,
        "name": "Crema D\u00eda Luminous 630 Antimanchas SPF 50 NIVEA",
        "price": 24.49,
        "price_kilo": 61.23,
        "slug": "crema-dia-luminous-630-antimanchas-spf-50",
        "description": "Crema D\u00eda Luminous 630 Antimanchas SPF 50 40 ml",
        "image": "https:\/\/cdn-consum.aktiosdigitalservices.com\/tol\/consum\/media\/product\/img\/300x300\/7380140.jpg?t=20250313080850"
    },
    {
        "id": 27170,
        "name": "Solomillos Empanados ",
        "price": 0.73,
        "price_kilo": 9.1,
        "slug": "solomillos-empanados",
        "description": "Solomillos Empanados",
        "image": "https:\/\/cdn-consum.aktiosdigitalservices.com\/tol\/consum\/media\/product\/img\/300x300\/7380236.jpg?t=20250319075947"
    },
    {
        "id": 27203,
        "name": "Alitas de Br\u00f3coli congeladas COCINARTE",
        "price": 3.65,
        "price_kilo": 9.13,
        "slug": "alitas-de-brocoli-congeladas",
        "description": "Alitas de Br\u00f3coli congeladas 400 Gr",
        "image": "https:\/\/cdn-consum.aktiosdigitalservices.com\/tol\/consum\/media\/product\/img\/300x300\/7380681.jpg?t=20241217081221"
    },
    {
        "id": 27214,
        "name": "Detergente L\u00edquido Prendas Delicadas CONSUM",
        "price": 2.09,
        "price_kilo": 0.04,
        "slug": "detergente-liquido-prendas-delicadas",
        "description": "Detergente L\u00edquido Prendas Delicadas 50 Lv",
        "image": "https:\/\/cdn-consum.aktiosdigitalservices.com\/tol\/consum\/media\/product\/img\/300x300\/7351161.jpg?t=20250227093342"
    },
    {
        "id": 27216,
        "name": "Gel Ba\u00f1o Arg\u00e1n KYREY",
        "price": 1.5,
        "price_kilo": 0.3,
        "slug": "gel-bano-argan",
        "description": "Gel Ba\u00f1o Arg\u00e1n 500 ml",
        "image": "https:\/\/cdn-consum.aktiosdigitalservices.com\/tol\/consum\/media\/product\/img\/300x300\/7363955.jpg?t=20250311164617"
    },
    {
        "id": 27220,
        "name": "Refresco Cola Zero Bipack Indivisible PEPSI-COLA",
        "price": 3.3,
        "price_kilo": 0.94,
        "slug": "refresco-cola-zero-bipack-indivisible",
        "description": "Refresco Cola Zero Bipack Indivisible 2 x 1,75 L",
        "image": "https:\/\/cdn-consum.aktiosdigitalservices.com\/tol\/consum\/media\/product\/img\/300x300\/7378367.jpg?t=20250206094918"
    },
    {
        "id": 27221,
        "name": "Refresco de Cola Bipack Indivisible PEPSI-COLA",
        "price": 3.3,
        "price_kilo": 0.94,
        "slug": "refresco-de-cola-bipack-indivisible",
        "description": "Refresco de Cola Bipack Indivisible 2 x 1,75 L",
        "image": "https:\/\/cdn-consum.aktiosdigitalservices.com\/tol\/consum\/media\/product\/img\/300x300\/7378370.jpg?t=20250206094920"
    },
    {
        "id": 27226,
        "name": "Crema Curly Definidora Rizos NELLY",
        "price": 3.99,
        "price_kilo": 2.66,
        "slug": "crema-curly-definidora-rizos",
        "description": "Crema Curly Definidora Rizos 150 ml",
        "image": "https:\/\/cdn-consum.aktiosdigitalservices.com\/tol\/consum\/media\/product\/img\/300x300\/7380207.jpg?t=20250318080949"
    },
    {
        "id": 27231,
        "name": "Salchicha Picante Bockwurst PICKEN",
        "price": 2.89,
        "price_kilo": 17,
        "slug": "salchicha-picante-bockwurst",
        "description": "Salchicha Picante Bockwurst 170 Gr",
        "image": "https:\/\/cdn-consum.aktiosdigitalservices.com\/tol\/consum\/media\/product\/img\/300x300\/7380848.jpg?t=20241217081221"
    },
    {
        "id": 27232,
        "name": "Medall\u00f3n Mousse de Pato LA CUINA",
        "price": 2.45,
        "price_kilo": 27.22,
        "slug": "medallon-mousse-de-pato",
        "description": "Medall\u00f3n Mousse de Pato 90 Gr",
        "image": "https:\/\/cdn-consum.aktiosdigitalservices.com\/tol\/consum\/media\/product\/img\/300x300\/7380850.jpg?t=20241217081221"
    },
    {
        "id": 27233,
        "name": "Patatas Fritas Burguer Bolsa VIDAL",
        "price": 1.65,
        "price_kilo": 17.37,
        "slug": "patatas-fritas-burguer-bolsa",
        "description": "Patatas Fritas Burguer Bolsa 95 Gr",
        "image": "https:\/\/cdn-consum.aktiosdigitalservices.com\/tol\/consum\/media\/product\/img\/300x300\/7380855.jpg?t=20250227093813"
    },
    {
        "id": 27238,
        "name": "Profil\u00e1ctico Invisible Extra Lubricado DUREX",
        "price": 14.5,
        "price_kilo": 1.21,
        "slug": "profilactico-invisible-extra-lubricado",
        "description": "Profil\u00e1ctico Invisible Extra Lubricado 12 U",
        "image": "https:\/\/cdn-consum.aktiosdigitalservices.com\/tol\/consum\/media\/product\/img\/300x300\/7381028.jpg?t=20250313080852"
    },
    {
        "id": 27239,
        "name": "Leche Fresca Semidesnatada PULEVA",
        "price": 1.75,
        "price_kilo": 1.75,
        "slug": "leche-fresca-semidesnatada",
        "description": "Leche Fresca Semidesnatada 1 L",
        "image": "https:\/\/cdn-consum.aktiosdigitalservices.com\/tol\/consum\/media\/product\/img\/300x300\/7381064.jpg?t=20250313080854"
    },
    {
        "id": 27241,
        "name": "Vino Rosado Aguja Espumoso SANDARA",
        "price": 1.99,
        "price_kilo": 7.96,
        "slug": "vino-rosado-aguja-espumoso",
        "description": "Vino Rosado Aguja Espumoso 250 ml",
        "image": "https:\/\/cdn-consum.aktiosdigitalservices.com\/tol\/consum\/media\/product\/img\/300x300\/7381254.jpg?t=20250227093816"
    },
    {
        "id": 27264,
        "name": "Vino Tinto MUCHO MAS",
        "price": 4.45,
        "price_kilo": 5.93,
        "slug": "vino-tinto",
        "description": "Vino Tinto 0,75 L",
        "image": "https:\/\/cdn-consum.aktiosdigitalservices.com\/tol\/consum\/media\/product\/img\/300x300\/7381598.jpg?t=20250227093819"
    },
    {
        "id": 27274,
        "name": "Ambientador Fresh Matic Ropa Limpia Recambio FLOR",
        "price": 4.69,
        "price_kilo": 4.69,
        "slug": "ambientador-fresh-matic-ropa-limpia-recambio",
        "description": "Ambientador Fresh Matic Ropa Limpia Recambio 1 U",
        "image": "https:\/\/cdn-consum.aktiosdigitalservices.com\/tol\/consum\/media\/product\/img\/300x300\/7381762.jpg?t=20250318080951"
    },
    {
        "id": 27276,
        "name": "Detergente L\u00edquido Gel Vanish Advanced COLON",
        "price": 5.99,
        "price_kilo": 0.19,
        "slug": "detergente-liquido-gel-vanish-advanced",
        "description": "Detergente L\u00edquido Gel Vanish Advanced 31 Lv",
        "image": "https:\/\/cdn-consum.aktiosdigitalservices.com\/tol\/consum\/media\/product\/img\/300x300\/7381841.jpg?t=20250313080859"
    },
    {
        "id": 27278,
        "name": "Cera en Gel Tup\u00e9 GIORGI",
        "price": 3.99,
        "price_kilo": 2.75,
        "slug": "cera-en-gel-tupe",
        "description": "Cera en Gel Tup\u00e9 145 ml",
        "image": "https:\/\/cdn-consum.aktiosdigitalservices.com\/tol\/consum\/media\/product\/img\/300x300\/7381952.jpg?t=20250312160939"
    },
    {
        "id": 27289,
        "name": "Esponja Natural Marina DAVIDEL",
        "price": 3.99,
        "price_kilo": 3.99,
        "slug": "esponja-natural-marina",
        "description": "Esponja Natural Marina 1 U",
        "image": "https:\/\/cdn-consum.aktiosdigitalservices.com\/tol\/consum\/media\/product\/img\/300x300\/7365182.jpg?t=20241217081209"
    },
    {
        "id": 27292,
        "name": "Comida Seca Gato Rico en Pollo y Buey VITALITY",
        "price": 9.3,
        "price_kilo": 1.33,
        "slug": "comida-seca-gato-rico-en-pollo-y-buey",
        "description": "Comida Seca Gato Rico en Pollo y Buey 7 Kg",
        "image": "https:\/\/cdn-consum.aktiosdigitalservices.com\/tol\/consum\/media\/product\/img\/300x300\/7371743.jpg?t=20241217081215"
    },
    {
        "id": 27296,
        "name": "Smoothie Kiwi, Pi\u00f1a con Spirulina FRUTAE",
        "price": 0.89,
        "price_kilo": 3.56,
        "slug": "smoothie-kiwi-pina-con-spirulina",
        "description": "Smoothie Kiwi, Pi\u00f1a con Spirulina 250 ml",
        "image": "https:\/\/cdn-consum.aktiosdigitalservices.com\/tol\/consum\/media\/product\/img\/300x300\/7377927.jpg?t=20250227093745"
    },
    {
        "id": 27300,
        "name": "Lomo Sardina Anchoada BRUIMAR",
        "price": 1.95,
        "price_kilo": 32.5,
        "slug": "lomo-sardina-anchoada",
        "description": "Lomo Sardina Anchoada 60 Gr",
        "image": "https:\/\/cdn-consum.aktiosdigitalservices.com\/tol\/consum\/media\/product\/img\/300x300\/7380298.jpg?t=20241217081220"
    },
    {
        "id": 27304,
        "name": "Desodorante Roll-On Dark Temptation AXE",
        "price": 2.25,
        "price_kilo": 4.5,
        "slug": "desodorante-roll-on-dark-temptation",
        "description": "Desodorante Roll-On Dark Temptation 50 ml",
        "image": "https:\/\/cdn-consum.aktiosdigitalservices.com\/tol\/consum\/media\/product\/img\/300x300\/7381796.jpg?t=20250227093821"
    },
    {
        "id": 27310,
        "name": "Higi\u00e9nico Dermo Cuidado SCOTTEX",
        "price": 3.99,
        "price_kilo": 0.67,
        "slug": "higienico-dermo-cuidado",
        "description": "Higi\u00e9nico Dermo Cuidado 6 U",
        "image": "https:\/\/cdn-consum.aktiosdigitalservices.com\/tol\/consum\/media\/product\/img\/300x300\/7381973.jpg?t=20250227093824"
    },
    {
        "id": 27312,
        "name": "Trenza Crema y Cacao ",
        "price": 9.69,
        "price_kilo": 21.53,
        "slug": "trenza-crema-y-cacao",
        "description": "Trenza Crema y Cacao 450 Gr",
        "image": "https:\/\/cdn-consum.aktiosdigitalservices.com\/tol\/consum\/media\/product\/img\/300x300\/7382034.jpg?t=20241217081222"
    },
    {
        "id": 27313,
        "name": "Paella Valenciana DELINATUR",
        "price": 3.19,
        "price_kilo": 10.63,
        "slug": "paella-valenciana",
        "description": "Paella Valenciana 300 Gr",
        "image": "https:\/\/cdn-consum.aktiosdigitalservices.com\/tol\/consum\/media\/product\/img\/300x300\/7382138.jpg?t=20241217081222"
    },
    {
        "id": 27317,
        "name": "Caf\u00e9 Grano Natural MARCILLA",
        "price": 8.99,
        "price_kilo": 17.98,
        "slug": "cafe-grano-natural",
        "description": "Caf\u00e9 Grano Natural 500 Gr",
        "image": "https:\/\/cdn-consum.aktiosdigitalservices.com\/tol\/consum\/media\/product\/img\/300x300\/7382299.jpg?t=20250311111741"
    },
    {
        "id": 27319,
        "name": "Infusi\u00f3n C\u00farcuma y T\u00e9 Matcha 20 Bolsitas HORNIMANS",
        "price": 2.99,
        "price_kilo": 0.15,
        "slug": "infusion-curcuma-y-te-matcha-20-bolsitas",
        "description": "Infusi\u00f3n C\u00farcuma y T\u00e9 Matcha 20 Bolsitas 20 U",
        "image": "https:\/\/cdn-consum.aktiosdigitalservices.com\/tol\/consum\/media\/product\/img\/300x300\/7382307.jpg?t=20250312160942"
    },
    {
        "id": 27322,
        "name": "Champi\u00f1\u00f3n Entero  Bandeja Peso Variable ",
        "price": 1.54,
        "price_kilo": 5.14,
        "slug": "champinon-entero-bandeja-peso-variable",
        "description": "Champi\u00f1\u00f3n Entero  Bandeja Peso Variable",
        "image": "https:\/\/cdn-consum.aktiosdigitalservices.com\/tol\/consum\/media\/product\/img\/300x300\/7382344.jpg?t=20250322080022"
    },
    {
        "id": 27329,
        "name": "Vino Tinto Crianza D.O. Utiel Requena C.SURIA",
        "price": 5.99,
        "price_kilo": 7.99,
        "slug": "vino-tinto-crianza-do-utiel-requena",
        "description": "Vino Tinto Crianza D.O. Utiel Requena 0,75 L",
        "image": "https:\/\/cdn-consum.aktiosdigitalservices.com\/tol\/consum\/media\/product\/img\/300x300\/7382633.jpg?t=20241217081222"
    },
    {
        "id": 27331,
        "name": "Empanad. de la Mancha de Tomate, At\u00fan y Huevo ",
        "price": 1.15,
        "price_kilo": 7.67,
        "slug": "empanad-de-la-mancha-de-tomate-atun-y-huevo",
        "description": "Empanad. de la Mancha de Tomate, At\u00fan y Huevo 150 Gr",
        "image": "https:\/\/cdn-consum.aktiosdigitalservices.com\/tol\/consum\/media\/product\/img\/300x300\/7370828.jpg?t=20250314121618"
    },
    {
        "id": 27333,
        "name": "Guisantes Finos congelados FINDUS",
        "price": 4.17,
        "price_kilo": 5.21,
        "slug": "guisantes-finos-congelados",
        "description": "Guisantes Finos congelados 800 Gr",
        "image": "https:\/\/cdn-consum.aktiosdigitalservices.com\/tol\/consum\/media\/product\/img\/300x300\/7379584.jpg?t=20250206094936"
    },
    {
        "id": 27334,
        "name": "Champ\u00fa 2 en 1 JOHNSON",
        "price": 4.19,
        "price_kilo": 0.84,
        "slug": "champu-2-en-1",
        "description": "Champ\u00fa 2 en 1 500 ml",
        "image": "https:\/\/cdn-consum.aktiosdigitalservices.com\/tol\/consum\/media\/product\/img\/300x300\/7380538.jpg?t=20250227093812"
    },
    {
        "id": 27337,
        "name": "Gazpacho Natural Tradicional CONSUM",
        "price": 2.85,
        "price_kilo": 2.85,
        "slug": "gazpacho-natural-tradicional",
        "description": "Gazpacho Natural Tradicional 1 L",
        "image": "https:\/\/cdn-consum.aktiosdigitalservices.com\/tol\/consum\/media\/product\/img\/300x300\/7381502.jpg?t=20250213080318"
    },
    {
        "id": 27338,
        "name": "Gazpacho Natural Tradicional CONSUM",
        "price": 1.2,
        "price_kilo": 3.64,
        "slug": "gazpacho-natural-tradicional",
        "description": "Gazpacho Natural Tradicional 330 ml",
        "image": "https:\/\/cdn-consum.aktiosdigitalservices.com\/tol\/consum\/media\/product\/img\/300x300\/7381507.jpg?t=20250311134421"
    },
    {
        "id": 27339,
        "name": "Salmorejo Natural CONSUM",
        "price": 1.3,
        "price_kilo": 3.94,
        "slug": "salmorejo-natural",
        "description": "Salmorejo Natural 330 ml",
        "image": "https:\/\/cdn-consum.aktiosdigitalservices.com\/tol\/consum\/media\/product\/img\/300x300\/7381510.jpg?t=20241217081221"
    },
    {
        "id": 27340,
        "name": "At\u00fan Claro en Aceite de Oliva Virgen Extra P3 ALBO",
        "price": 6.75,
        "price_kilo": 33.58,
        "slug": "atun-claro-en-aceite-de-oliva-virgen-extra-p3",
        "description": "At\u00fan Claro en Aceite de Oliva Virgen Extra P3 3 x 67 Gr",
        "image": "https:\/\/cdn-consum.aktiosdigitalservices.com\/tol\/consum\/media\/product\/img\/300x300\/7381593.jpg?t=20250313080857"
    },
    {
        "id": 27342,
        "name": "Cepillo Neumatico Ecol\u00f3gico PONETTE",
        "price": 3.39,
        "price_kilo": 3.39,
        "slug": "cepillo-neumatico-ecologico",
        "description": "Cepillo Neumatico Ecol\u00f3gico 1 U",
        "image": "https:\/\/cdn-consum.aktiosdigitalservices.com\/tol\/consum\/media\/product\/img\/300x300\/7381697.jpg?t=20250312092806"
    },
    {
        "id": 27343,
        "name": "Cepillo Compact Ecol\u00f3gico PONETTE",
        "price": 4.15,
        "price_kilo": 4.15,
        "slug": "cepillo-compact-ecologico",
        "description": "Cepillo Compact Ecol\u00f3gico 1 U",
        "image": "https:\/\/cdn-consum.aktiosdigitalservices.com\/tol\/consum\/media\/product\/img\/300x300\/7381700.jpg?t=20241217081222"
    },
    {
        "id": 27344,
        "name": "Peine Escarpidor Ecol\u00f3gico PONETTE",
        "price": 2.15,
        "price_kilo": 2.15,
        "slug": "peine-escarpidor-ecologico",
        "description": "Peine Escarpidor Ecol\u00f3gico 1 U",
        "image": "https:\/\/cdn-consum.aktiosdigitalservices.com\/tol\/consum\/media\/product\/img\/300x300\/7381705.jpg?t=20241217081222"
    },
    {
        "id": 27346,
        "name": "Coletero Ecol\u00f3gico PONETTE",
        "price": 3.09,
        "price_kilo": 1.55,
        "slug": "coletero-ecologico",
        "description": "Coletero Ecol\u00f3gico 2 U",
        "image": "https:\/\/cdn-consum.aktiosdigitalservices.com\/tol\/consum\/media\/product\/img\/300x300\/7381718.jpg?t=20250312092806"
    },
    {
        "id": 27347,
        "name": "Pinza Grande Ecol\u00f3gica PONETTE",
        "price": 2.15,
        "price_kilo": 2.15,
        "slug": "pinza-grande-ecologica",
        "description": "Pinza Grande Ecol\u00f3gica 1 U",
        "image": "https:\/\/cdn-consum.aktiosdigitalservices.com\/tol\/consum\/media\/product\/img\/300x300\/7381721.jpg?t=20241217081222"
    },
    {
        "id": 27349,
        "name": "Queso Minibabybel Mix 9 Unidades MINIBABYBEL",
        "price": 4.45,
        "price_kilo": 24.72,
        "slug": "queso-minibabybel-mix-9-unidades",
        "description": "Queso Minibabybel Mix 9 Unidades 180 Gr",
        "image": "https:\/\/cdn-consum.aktiosdigitalservices.com\/tol\/consum\/media\/product\/img\/300x300\/7382125.jpg?t=20250103082224"
    },
    {
        "id": 27350,
        "name": "Queso Cheddar 8 Loncha Tranchettes VACA QUE RIE",
        "price": 2.14,
        "price_kilo": 14.27,
        "slug": "queso-cheddar-8-loncha-tranchettes",
        "description": "Queso Cheddar 8 Loncha Tranchettes 150 Gr",
        "image": "https:\/\/cdn-consum.aktiosdigitalservices.com\/tol\/consum\/media\/product\/img\/300x300\/7382133.jpg?t=20250227093826"
    },
    {
        "id": 27354,
        "name": "Refresco Cola Zero Botella PEPSI-COLA",
        "price": 1,
        "price_kilo": 1,
        "slug": "refresco-cola-zero-botella",
        "description": "Refresco Cola Zero Botella 1 L",
        "image": "https:\/\/cdn-consum.aktiosdigitalservices.com\/tol\/consum\/media\/product\/img\/300x300\/7382328.jpg?t=20250311134426"
    },
    {
        "id": 27355,
        "name": "Refresco Cola Botella PEPSI-COLA",
        "price": 1,
        "price_kilo": 1,
        "slug": "refresco-cola-botella",
        "description": "Refresco Cola Botella 1 L",
        "image": "https:\/\/cdn-consum.aktiosdigitalservices.com\/tol\/consum\/media\/product\/img\/300x300\/7382331.jpg?t=20250312092807"
    },
    {
        "id": 27356,
        "name": "Chorizo de Le\u00f3n Extra Picante PALCARSA",
        "price": 2.15,
        "price_kilo": 21.5,
        "slug": "chorizo-de-leon-extra-picante",
        "description": "Chorizo de Le\u00f3n Extra Picante 100 Gr",
        "image": "https:\/\/cdn-consum.aktiosdigitalservices.com\/tol\/consum\/media\/product\/img\/300x300\/7382349.jpg?t=20250206095035"
    },
    {
        "id": 27357,
        "name": "Salchich\u00f3n de Le\u00f3n Extra en Lonchas PALCARSA",
        "price": 2.15,
        "price_kilo": 21.5,
        "slug": "salchichon-de-leon-extra-en-lonchas",
        "description": "Salchich\u00f3n de Le\u00f3n Extra en Lonchas 100 Gr",
        "image": "https:\/\/cdn-consum.aktiosdigitalservices.com\/tol\/consum\/media\/product\/img\/300x300\/7382351.jpg?t=20250312160944"
    },
    {
        "id": 27358,
        "name": "Hogaza 9% Nueces y 6% Calabaza ",
        "price": 2.54,
        "price_kilo": 6.35,
        "slug": "hogaza-9-nueces-y-6-calabaza",
        "description": "Hogaza 9% Nueces y 6% Calabaza 400 Gr",
        "image": "https:\/\/cdn-consum.aktiosdigitalservices.com\/tol\/consum\/media\/product\/img\/300x300\/7382356.jpg?t=20250318080503"
    },
    {
        "id": 27359,
        "name": "Cera Facial de Precisi\u00f3n Click Pen BODY NATUR",
        "price": 4.25,
        "price_kilo": 4.25,
        "slug": "cera-facial-de-precision-click-pen",
        "description": "Cera Facial de Precisi\u00f3n Click Pen 1 U",
        "image": "https:\/\/cdn-consum.aktiosdigitalservices.com\/tol\/consum\/media\/product\/img\/300x300\/7382406.jpg?t=20250213080322"
    },
    {
        "id": 27360,
        "name": "Piment\u00f3n Picante D.O.P. de la Vera Lata MC CORMICK",
        "price": 3.39,
        "price_kilo": 48.43,
        "slug": "pimenton-picante-dop-de-la-vera-lata",
        "description": "Piment\u00f3n Picante D.O.P. de la Vera Lata 70 Gr",
        "image": "https:\/\/cdn-consum.aktiosdigitalservices.com\/tol\/consum\/media\/product\/img\/300x300\/7382542.jpg?t=20250312092807"
    },
    {
        "id": 27362,
        "name": "Vino Blanco Verdejo Vino Varietal OBEJITA VERD",
        "price": 4.49,
        "price_kilo": 5.99,
        "slug": "vino-blanco-verdejo-vino-varietal",
        "description": "Vino Blanco Verdejo Vino Varietal 0,75 L",
        "image": "https:\/\/cdn-consum.aktiosdigitalservices.com\/tol\/consum\/media\/product\/img\/300x300\/7382567.jpg?t=20241217081222"
    },
    {
        "id": 27363,
        "name": "Pimiento Chipotle Picante Medio Tarro DUCROS",
        "price": 3.49,
        "price_kilo": 7.59,
        "slug": "pimiento-chipotle-picante-medio-tarro",
        "description": "Pimiento Chipotle Picante Medio Tarro 46 Gr",
        "image": "https:\/\/cdn-consum.aktiosdigitalservices.com\/tol\/consum\/media\/product\/img\/300x300\/7382570.jpg?t=20241217081222"
    },
    {
        "id": 27365,
        "name": "Garam Masala Tarro DUCROS",
        "price": 2.35,
        "price_kilo": 7.83,
        "slug": "garam-masala-tarro",
        "description": "Garam Masala Tarro 30 Gr",
        "image": "https:\/\/cdn-consum.aktiosdigitalservices.com\/tol\/consum\/media\/product\/img\/300x300\/7382612.jpg?t=20241217081222"
    },
    {
        "id": 27369,
        "name": "Caramelo Eucalipto Mentol sin Az\u00facar HALLS",
        "price": 1.95,
        "price_kilo": 30.47,
        "slug": "caramelo-eucalipto-mentol-sin-azucar",
        "description": "Caramelo Eucalipto Mentol sin Az\u00facar 2 x 32 Gr",
        "image": "https:\/\/cdn-consum.aktiosdigitalservices.com\/tol\/consum\/media\/product\/img\/300x300\/7382844.jpg?t=20250311125123"
    },
    {
        "id": 27371,
        "name": "Pi\u00f1a en su Jugo Quality DEL MONTE",
        "price": 3.99,
        "price_kilo": 7.82,
        "slug": "pina-en-su-jugo-quality",
        "description": "Pi\u00f1a en su Jugo Quality 825 Gr",
        "image": "https:\/\/cdn-consum.aktiosdigitalservices.com\/tol\/consum\/media\/product\/img\/300x300\/7382943.jpg?t=20250311134437"
    },
    {
        "id": 27373,
        "name": "Comida Seca Gato Rico en Pollo y Guisantes VITALITY",
        "price": 4.2,
        "price_kilo": 1.4,
        "slug": "comida-seca-gato-rico-en-pollo-y-guisantes",
        "description": "Comida Seca Gato Rico en Pollo y Guisantes 3 Kg",
        "image": "https:\/\/cdn-consum.aktiosdigitalservices.com\/tol\/consum\/media\/product\/img\/300x300\/7363286.jpg?t=20241231080022"
    },
    {
        "id": 27374,
        "name": "Comida Seca Perro J\u00fanior Rico Pollo VITALITY",
        "price": 6.25,
        "price_kilo": 1.56,
        "slug": "comida-seca-perro-junior-rico-pollo",
        "description": "Comida Seca Perro J\u00fanior Rico Pollo 4 Kg",
        "image": "https:\/\/cdn-consum.aktiosdigitalservices.com\/tol\/consum\/media\/product\/img\/300x300\/7363299.jpg?t=20241217081208"
    },
    {
        "id": 27376,
        "name": "Comida Seca Gato Salm\u00f3n y At\u00fan VITALITY",
        "price": 4.2,
        "price_kilo": 1.4,
        "slug": "comida-seca-gato-salmon-y-atun",
        "description": "Comida Seca Gato Salm\u00f3n y At\u00fan 3 Kg",
        "image": "https:\/\/cdn-consum.aktiosdigitalservices.com\/tol\/consum\/media\/product\/img\/300x300\/7370729.jpg?t=20250312092805"
    },
    {
        "id": 27379,
        "name": "Miel de Flores Ecol\u00f3gica Tarro R.APICOLA",
        "price": 5.39,
        "price_kilo": 10.78,
        "slug": "miel-de-flores-ecologica-tarro",
        "description": "Miel de Flores Ecol\u00f3gica Tarro 500 Gr",
        "image": "https:\/\/cdn-consum.aktiosdigitalservices.com\/tol\/consum\/media\/product\/img\/300x300\/7379683.jpg?t=20250311111712"
    },
    {
        "id": 27385,
        "name": "Cereales Cheerios Avena NESTLE",
        "price": 3.79,
        "price_kilo": 12.63,
        "slug": "cereales-cheerios-avena",
        "description": "Cereales Cheerios Avena 300 Gr",
        "image": "https:\/\/cdn-consum.aktiosdigitalservices.com\/tol\/consum\/media\/product\/img\/300x300\/7380645.jpg?t=20250311111735"
    },
    {
        "id": 27386,
        "name": "Tent\u00e1culo Pulpo Cocido ",
        "price": 11.6,
        "price_kilo": 52.73,
        "slug": "tentaculo-pulpo-cocido",
        "description": "Tent\u00e1culo Pulpo Cocido 220 Gr",
        "image": "https:\/\/cdn-consum.aktiosdigitalservices.com\/tol\/consum\/media\/product\/img\/300x300\/7380694.jpg?t=20250318080459"
    },
    {
        "id": 27389,
        "name": "Dent\u00edfrico Complete Menta ORAL B",
        "price": 1.99,
        "price_kilo": 2.65,
        "slug": "dentifrico-complete-menta",
        "description": "Dent\u00edfrico Complete Menta 75 ml",
        "image": "https:\/\/cdn-consum.aktiosdigitalservices.com\/tol\/consum\/media\/product\/img\/300x300\/7381692.jpg?t=20250102080849"
    },
    {
        "id": 27400,
        "name": "Pechuga de Pavo Corte Fresco ELPOZO 1954",
        "price": 2.39,
        "price_kilo": 19.92,
        "slug": "pechuga-de-pavo-corte-fresco",
        "description": "Pechuga de Pavo Corte Fresco 120 Gr",
        "image": "https:\/\/cdn-consum.aktiosdigitalservices.com\/tol\/consum\/media\/product\/img\/300x300\/7382638.jpg?t=20250227093838"
    },
    {
        "id": 27406,
        "name": "Energy Gels Cola con Cafe\u00edna Pack de 3 JUST LOADING",
        "price": 2.9,
        "price_kilo": 24.17,
        "slug": "energy-gels-cola-con-cafeina-pack-de-3",
        "description": "Energy Gels Cola con Cafe\u00edna Pack de 3 120 Gr",
        "image": "https:\/\/cdn-consum.aktiosdigitalservices.com\/tol\/consum\/media\/product\/img\/300x300\/7382935.jpg?t=20250313080901"
    },
    {
        "id": 27412,
        "name": "Almendra Natural Piel Doy Pack CONSUM",
        "price": 2.39,
        "price_kilo": 11.95,
        "slug": "almendra-natural-piel-doy-pack",
        "description": "Almendra Natural Piel Doy Pack 200 Gr",
        "image": "https:\/\/cdn-consum.aktiosdigitalservices.com\/tol\/consum\/media\/product\/img\/300x300\/7368699.jpg?t=20250312092805"
    },
    {
        "id": 27413,
        "name": "Toallitas Kids Frescura y Limpieza CONSUM KIDS",
        "price": 1.05,
        "price_kilo": 0.01,
        "slug": "toallitas-kids-frescura-y-limpieza",
        "description": "Toallitas Kids Frescura y Limpieza 80 U",
        "image": "https:\/\/cdn-consum.aktiosdigitalservices.com\/tol\/consum\/media\/product\/img\/300x300\/7369312.jpg?t=20241217081214"
    },
    {
        "id": 27414,
        "name": "Salsa Napolitana Frasco CONSUM",
        "price": 1.55,
        "price_kilo": 5.17,
        "slug": "salsa-napolitana-frasco",
        "description": "Salsa Napolitana Frasco 300 Gr",
        "image": "https:\/\/cdn-consum.aktiosdigitalservices.com\/tol\/consum\/media\/product\/img\/300x300\/7372167.jpg?t=20241217081215"
    },
    {
        "id": 27418,
        "name": "Queso Caprice des Dieux ARIAS",
        "price": 2.7,
        "price_kilo": 21.6,
        "slug": "queso-caprice-des-dieux",
        "description": "Queso Caprice des Dieux 125 Gr",
        "image": "https:\/\/cdn-consum.aktiosdigitalservices.com\/tol\/consum\/media\/product\/img\/300x300\/7382120.jpg?t=20250103082221"
    },
    {
        "id": 27419,
        "name": "Molinillo Pimienta Negra Frasco DUCROS",
        "price": 3.99,
        "price_kilo": 11.4,
        "slug": "molinillo-pimienta-negra-frasco",
        "description": "Molinillo Pimienta Negra Frasco 35 Gr",
        "image": "https:\/\/cdn-consum.aktiosdigitalservices.com\/tol\/consum\/media\/product\/img\/300x300\/7382260.jpg?t=20250227093827"
    },
    {
        "id": 27432,
        "name": "Molinillo 5 Bayas Tarro DUCROS",
        "price": 3.99,
        "price_kilo": 16.63,
        "slug": "molinillo-5-bayas-tarro",
        "description": "Molinillo 5 Bayas Tarro 24 Gr",
        "image": "https:\/\/cdn-consum.aktiosdigitalservices.com\/tol\/consum\/media\/product\/img\/300x300\/7382617.jpg?t=20250206095039"
    },
    {
        "id": 27434,
        "name": "Energy Bars D\u00e1tiles Coco y Nueces Pack 3 JUST LOADING",
        "price": 2.8,
        "price_kilo": 23.33,
        "slug": "energy-bars-datiles-coco-y-nueces-pack-3",
        "description": "Energy Bars D\u00e1tiles Coco y Nueces Pack 3 120 Gr",
        "image": "https:\/\/cdn-consum.aktiosdigitalservices.com\/tol\/consum\/media\/product\/img\/300x300\/7382930.jpg?t=20250311134431"
    },
    {
        "id": 27442,
        "name": "Pechuga de Pollo 90% Carne Esencia TELLO",
        "price": 16.5,
        "price_kilo": 16.5,
        "slug": "pechuga-de-pollo-90-carne-esencia",
        "description": "Pechuga de Pollo 90% Carne Esencia",
        "image": "https:\/\/cdn-consum.aktiosdigitalservices.com\/tol\/consum\/media\/product\/img\/300x300\/7383156.jpg?t=20250321075945"
    },
    {
        "id": 27447,
        "name": "Pi\u00f1a en su Jugo Quality Pack de 3 DEL MONTE",
        "price": 4.65,
        "price_kilo": 11.07,
        "slug": "pina-en-su-jugo-quality-pack-de-3",
        "description": "Pi\u00f1a en su Jugo Quality Pack de 3 3 x 230 Gr",
        "image": "https:\/\/cdn-consum.aktiosdigitalservices.com\/tol\/consum\/media\/product\/img\/300x300\/7383482.jpg?t=20250313080903"
    },
    {
        "id": 27451,
        "name": "Bebida de Multifrutas con 11 Vitaminas Pet GRANINI",
        "price": 2.99,
        "price_kilo": 2.99,
        "slug": "bebida-de-multifrutas-con-11-vitaminas-pet",
        "description": "Bebida de Multifrutas con 11 Vitaminas Pet 1 L",
        "image": "https:\/\/cdn-consum.aktiosdigitalservices.com\/tol\/consum\/media\/product\/img\/300x300\/7383537.jpg?t=20250227093847"
    },
    {
        "id": 27452,
        "name": "Detergente L\u00edquido Gel Aroma Nenuco COLON",
        "price": 7.99,
        "price_kilo": 0.18,
        "slug": "detergente-liquido-gel-aroma-nenuco",
        "description": "Detergente L\u00edquido Gel Aroma Nenuco 45 Lv",
        "image": "https:\/\/cdn-consum.aktiosdigitalservices.com\/tol\/consum\/media\/product\/img\/300x300\/7383560.jpg?t=20250212080202"
    },
    {
        "id": 27460,
        "name": "Salsa Bolognesa Frasco CONSUM",
        "price": 1.6,
        "price_kilo": 5.33,
        "slug": "salsa-bolognesa-frasco",
        "description": "Salsa Bolognesa Frasco 300 Gr",
        "image": "https:\/\/cdn-consum.aktiosdigitalservices.com\/tol\/consum\/media\/product\/img\/300x300\/7372162.jpg?t=20241217081215"
    },
    {
        "id": 27463,
        "name": "Desodorante Spray Black & White Pocket NIVEA",
        "price": 2.45,
        "price_kilo": 2.45,
        "slug": "desodorante-spray-black-white-pocket",
        "description": "Desodorante Spray Black & White Pocket 100 ml",
        "image": "https:\/\/cdn-consum.aktiosdigitalservices.com\/tol\/consum\/media\/product\/img\/300x300\/7383271.jpg?t=20241226075816"
    },
    {
        "id": 27466,
        "name": "Vino Blanco Verdejo D.O.Rueda PERRO VERDE",
        "price": 11.99,
        "price_kilo": 15.99,
        "slug": "vino-blanco-verdejo-dorueda",
        "description": "Vino Blanco Verdejo D.O.Rueda 0,75 L",
        "image": "https:\/\/cdn-consum.aktiosdigitalservices.com\/tol\/consum\/media\/product\/img\/300x300\/7383607.jpg?t=20250226075951"
    },
    {
        "id": 27472,
        "name": "Comida Seca Perro Mini J\u00fanior Pollo Fresco VITALITY",
        "price": 4.99,
        "price_kilo": 3.33,
        "slug": "comida-seca-perro-mini-junior-pollo-fresco",
        "description": "Comida Seca Perro Mini J\u00fanior Pollo Fresco 1,5 Kg",
        "image": "https:\/\/cdn-consum.aktiosdigitalservices.com\/tol\/consum\/media\/product\/img\/300x300\/7363294.jpg?t=20250111080030"
    },
    {
        "id": 27473,
        "name": "Comida Seca Gato J\u00fanior Rico en Pollo y Arroz VITALITY",
        "price": 3.3,
        "price_kilo": 2.2,
        "slug": "comida-seca-gato-junior-rico-en-pollo-y-arroz",
        "description": "Comida Seca Gato J\u00fanior Rico en Pollo y Arroz 1,5 Kg",
        "image": "https:\/\/cdn-consum.aktiosdigitalservices.com\/tol\/consum\/media\/product\/img\/300x300\/7363328.jpg?t=20250312092805"
    },
    {
        "id": 27475,
        "name": "Salsa Tomate Albahaca y Or\u00e9gano CONSUM",
        "price": 1.45,
        "price_kilo": 4.83,
        "slug": "salsa-tomate-albahaca-y-oregano",
        "description": "Salsa Tomate Albahaca y Or\u00e9gano 300 Gr",
        "image": "https:\/\/cdn-consum.aktiosdigitalservices.com\/tol\/consum\/media\/product\/img\/300x300\/7372170.jpg?t=20241217081215"
    },
    {
        "id": 27476,
        "name": "Ensaladilla congelada FINDUS",
        "price": 3.92,
        "price_kilo": 4.9,
        "slug": "ensaladilla-congelada",
        "description": "Ensaladilla congelada 800 Gr",
        "image": "https:\/\/cdn-consum.aktiosdigitalservices.com\/tol\/consum\/media\/product\/img\/300x300\/7379576.jpg?t=20250320080209"
    },
    {
        "id": 27478,
        "name": "Caff\u00e8 Latte con Prote\u00edna Mr. Big KAIKU",
        "price": 2.49,
        "price_kilo": 6.73,
        "slug": "caffe-latte-con-proteina-mr-big",
        "description": "Caff\u00e8 Latte con Prote\u00edna Mr. Big 370 ml",
        "image": "https:\/\/cdn-consum.aktiosdigitalservices.com\/tol\/consum\/media\/product\/img\/300x300\/7382653.jpg?t=20250312125859"
    },
    {
        "id": 27484,
        "name": "Bebida de Ar\u00e1ndanos y Uva Antiox Pet GRANINI",
        "price": 2.99,
        "price_kilo": 2.99,
        "slug": "bebida-de-arandanos-y-uva-antiox-pet",
        "description": "Bebida de Ar\u00e1ndanos y Uva Antiox Pet 1 L",
        "image": "https:\/\/cdn-consum.aktiosdigitalservices.com\/tol\/consum\/media\/product\/img\/300x300\/7383532.jpg?t=20250227093845"
    },
    {
        "id": 27488,
        "name": "Tarta de Turr\u00f3n y Nata ",
        "price": 12.5,
        "price_kilo": 19.23,
        "slug": "tarta-de-turron-y-nata",
        "description": "Tarta de Turr\u00f3n y Nata 650 Gr",
        "image": "https:\/\/cdn-consum.aktiosdigitalservices.com\/tol\/consum\/media\/product\/img\/300x300\/7383701.jpg?t=20250318080951"
    },
    {
        "id": 27505,
        "name": "Comida Seca Perro Razas Peque\u00f1as Pollo VITALITY",
        "price": 3.85,
        "price_kilo": 1.93,
        "slug": "comida-seca-perro-razas-pequenas-pollo",
        "description": "Comida Seca Perro Razas Peque\u00f1as Pollo 2 Kg",
        "image": "https:\/\/cdn-consum.aktiosdigitalservices.com\/tol\/consum\/media\/product\/img\/300x300\/7363265.jpg?t=20250227093546"
    },
    {
        "id": 27506,
        "name": "Pa\u00f1al Talla 1 CONSUM KIDS",
        "price": 5.5,
        "price_kilo": 0.2,
        "slug": "panal-talla-1",
        "description": "Pa\u00f1al Talla 1 28 U",
        "image": "https:\/\/cdn-consum.aktiosdigitalservices.com\/tol\/consum\/media\/product\/img\/300x300\/7369833.jpg?t=20250322080010"
    },
    {
        "id": 27507,
        "name": "Nuez Grano Doypack CONSUM",
        "price": 2.7,
        "price_kilo": 13.5,
        "slug": "nuez-grano-doypack",
        "description": "Nuez Grano Doypack 200 Gr",
        "image": "https:\/\/cdn-consum.aktiosdigitalservices.com\/tol\/consum\/media\/product\/img\/300x300\/7375595.jpg?t=20250208075911"
    },
    {
        "id": 27513,
        "name": "Molinillo Pimienta Negra Bio Frasco DUCROS",
        "price": 4.39,
        "price_kilo": 14.63,
        "slug": "molinillo-pimienta-negra-bio-frasco",
        "description": "Molinillo Pimienta Negra Bio Frasco 30 Gr",
        "image": "https:\/\/cdn-consum.aktiosdigitalservices.com\/tol\/consum\/media\/product\/img\/300x300\/7383771.jpg?t=20250312092807"
    },
    {
        "id": 27530,
        "name": "Weikis con Pepitas Choco Leche BELLA EASO",
        "price": 2.79,
        "price_kilo": 11.63,
        "slug": "weikis-con-pepitas-choco-leche",
        "description": "Weikis con Pepitas Choco Leche 240 Gr",
        "image": "https:\/\/cdn-consum.aktiosdigitalservices.com\/tol\/consum\/media\/product\/img\/300x300\/7384170.jpg?t=20250313080906"
    },
    {
        "id": 27534,
        "name": "Comida Seca Perro Adulto M\u00fasculos Fuertes VITALITY",
        "price": 6.49,
        "price_kilo": 1.62,
        "slug": "comida-seca-perro-adulto-musculos-fuertes",
        "description": "Comida Seca Perro Adulto M\u00fasculos Fuertes 4 Kg",
        "image": "https:\/\/cdn-consum.aktiosdigitalservices.com\/tol\/consum\/media\/product\/img\/300x300\/7363260.jpg?t=20241217081208"
    },
    {
        "id": 27535,
        "name": "Comida Seca Perro Light VITALITY",
        "price": 6.49,
        "price_kilo": 1.62,
        "slug": "comida-seca-perro-light",
        "description": "Comida Seca Perro Light 4 Kg",
        "image": "https:\/\/cdn-consum.aktiosdigitalservices.com\/tol\/consum\/media\/product\/img\/300x300\/7363278.jpg?t=20250313080743"
    },
    {
        "id": 27536,
        "name": "Comida Seca Gato S\u00e9nior Rico en Pollo y Verduras VITALITY",
        "price": 3.65,
        "price_kilo": 2.43,
        "slug": "comida-seca-gato-senior-rico-en-pollo-y-verduras",
        "description": "Comida Seca Gato S\u00e9nior Rico en Pollo y Verduras 1,5 Kg",
        "image": "https:\/\/cdn-consum.aktiosdigitalservices.com\/tol\/consum\/media\/product\/img\/300x300\/7363336.jpg?t=20250304115736"
    },
    {
        "id": 27537,
        "name": "Conos Chocolat\u00edsimo 6 Unidades CONSUM",
        "price": 3.29,
        "price_kilo": 8.44,
        "slug": "conos-chocolatisimo-6-unidades",
        "description": "Conos Chocolat\u00edsimo 6 Unidades 390 Gr",
        "image": "https:\/\/cdn-consum.aktiosdigitalservices.com\/tol\/consum\/media\/product\/img\/300x300\/7368137.jpg?t=20250318080435"
    },
    {
        "id": 27538,
        "name": "Bandas Depilatorias Ingles y Axilas KYREY",
        "price": 1.35,
        "price_kilo": 0.08,
        "slug": "bandas-depilatorias-ingles-y-axilas",
        "description": "Bandas Depilatorias Ingles y Axilas 16 U",
        "image": "https:\/\/cdn-consum.aktiosdigitalservices.com\/tol\/consum\/media\/product\/img\/300x300\/7369858.jpg?t=20250314121612"
    },
    {
        "id": 27539,
        "name": "Bandas Depilatorias Faciales Piel Sensible KYREY",
        "price": 1.2,
        "price_kilo": 0.08,
        "slug": "bandas-depilatorias-faciales-piel-sensible",
        "description": "Bandas Depilatorias Faciales Piel Sensible 16 U",
        "image": "https:\/\/cdn-consum.aktiosdigitalservices.com\/tol\/consum\/media\/product\/img\/300x300\/7369861.jpg?t=20250314121614"
    },
    {
        "id": 27540,
        "name": "Bandas Depilatorias Corporales KYREY",
        "price": 1.65,
        "price_kilo": 0.08,
        "slug": "bandas-depilatorias-corporales",
        "description": "Bandas Depilatorias Corporales 20 U",
        "image": "https:\/\/cdn-consum.aktiosdigitalservices.com\/tol\/consum\/media\/product\/img\/300x300\/7369866.jpg?t=20250314121617"
    },
    {
        "id": 27541,
        "name": "Postre Proteico 0% Sabor Chocolate CONSUM",
        "price": 1.55,
        "price_kilo": 7.75,
        "slug": "postre-proteico-0-sabor-chocolate",
        "description": "Postre Proteico 0% Sabor Chocolate 200 Gr",
        "image": "https:\/\/cdn-consum.aktiosdigitalservices.com\/tol\/consum\/media\/product\/img\/300x300\/7372105.jpg?t=20241217081215"
    },
    {
        "id": 27542,
        "name": "Salsa Carbonara Frasco CONSUM",
        "price": 1.69,
        "price_kilo": 5.63,
        "slug": "salsa-carbonara-frasco",
        "description": "Salsa Carbonara Frasco 300 Gr",
        "image": "https:\/\/cdn-consum.aktiosdigitalservices.com\/tol\/consum\/media\/product\/img\/300x300\/7372159.jpg?t=20241217081215"
    },
    {
        "id": 27543,
        "name": "Postre Proteico 0% Sabor Vainilla CONSUM",
        "price": 1.55,
        "price_kilo": 7.75,
        "slug": "postre-proteico-0-sabor-vainilla",
        "description": "Postre Proteico 0% Sabor Vainilla 200 Gr",
        "image": "https:\/\/cdn-consum.aktiosdigitalservices.com\/tol\/consum\/media\/product\/img\/300x300\/7375686.jpg?t=20241217081218"
    },
    {
        "id": 27544,
        "name": "Limpia Lavadoras CONSUM",
        "price": 1.95,
        "price_kilo": 7.8,
        "slug": "limpia-lavadoras",
        "description": "Limpia Lavadoras 0,25 L",
        "image": "https:\/\/cdn-consum.aktiosdigitalservices.com\/tol\/consum\/media\/product\/img\/300x300\/7376515.jpg?t=20241217081219"
    },
    {
        "id": 27545,
        "name": "Galletas Cookies con Pepitas de Chocolate CONSUM",
        "price": 1.4,
        "price_kilo": 6.22,
        "slug": "galletas-cookies-con-pepitas-de-chocolate",
        "description": "Galletas Cookies con Pepitas de Chocolate 225 Gr",
        "image": "https:\/\/cdn-consum.aktiosdigitalservices.com\/tol\/consum\/media\/product\/img\/300x300\/7376700.jpg?t=20250312092806"
    },
    {
        "id": 27547,
        "name": "Refresco Cola Zero Zero Pack  6 Latas COCA-COLA",
        "price": 3.99,
        "price_kilo": 3.33,
        "slug": "refresco-cola-zero-zero-pack-6-latas",
        "description": "Refresco Cola Zero Zero Pack  6 Latas 6 x 0,2 L",
        "image": "https:\/\/cdn-consum.aktiosdigitalservices.com\/tol\/consum\/media\/product\/img\/300x300\/7378359.jpg?t=20250220080844"
    },
    {
        "id": 27564,
        "name": "Lavavajillas Concentrado Limpieza e Higiene FROSCH",
        "price": 3.79,
        "price_kilo": 5.05,
        "slug": "lavavajillas-concentrado-limpieza-e-higiene",
        "description": "Lavavajillas Concentrado Limpieza e Higiene 0,75 L",
        "image": "https:\/\/cdn-consum.aktiosdigitalservices.com\/tol\/consum\/media\/product\/img\/300x300\/7383024.jpg?t=20250304113433"
    },
    {
        "id": 27569,
        "name": "Colonia A.DE SEVILLA",
        "price": 11.5,
        "price_kilo": 7.67,
        "slug": "colonia",
        "description": "Colonia 150 ml",
        "image": "https:\/\/cdn-consum.aktiosdigitalservices.com\/tol\/consum\/media\/product\/img\/300x300\/7383958.jpg?t=20241217081223"
    },
    {
        "id": 27570,
        "name": "Ensalada Bacalao y Pimientos Asados ANGOMAR",
        "price": 2.69,
        "price_kilo": 14.94,
        "slug": "ensalada-bacalao-y-pimientos-asados",
        "description": "Ensalada Bacalao y Pimientos Asados 180 Gr",
        "image": "https:\/\/cdn-consum.aktiosdigitalservices.com\/tol\/consum\/media\/product\/img\/300x300\/7383961.jpg?t=20250227093851"
    },
    {
        "id": 27571,
        "name": "Colonia Gotas Frescas INST.ESPA\u00d1OL",
        "price": 7.89,
        "price_kilo": 1.05,
        "slug": "colonia-gotas-frescas",
        "description": "Colonia Gotas Frescas 750 ml",
        "image": "https:\/\/cdn-consum.aktiosdigitalservices.com\/tol\/consum\/media\/product\/img\/300x300\/7383974.jpg?t=20241217081223"
    },
    {
        "id": 27572,
        "name": "Colonia Gold POSEIDON",
        "price": 12.95,
        "price_kilo": 8.63,
        "slug": "colonia-gold",
        "description": "Colonia Gold 150 ml",
        "image": "https:\/\/cdn-consum.aktiosdigitalservices.com\/tol\/consum\/media\/product\/img\/300x300\/7383982.jpg?t=20241217081223"
    },
    {
        "id": 27574,
        "name": "Guisantes B\u00edo BONDUELLE",
        "price": 3.39,
        "price_kilo": 13.04,
        "slug": "guisantes-bio",
        "description": "Guisantes B\u00edo 2 x 130 Gr",
        "image": "https:\/\/cdn-consum.aktiosdigitalservices.com\/tol\/consum\/media\/product\/img\/300x300\/7384089.jpg?t=20250213080324"
    },
    {
        "id": 27576,
        "name": "Az\u00facar Moreno Paquete AZUCARERA",
        "price": 1.85,
        "price_kilo": 1.85,
        "slug": "azucar-moreno-paquete",
        "description": "Az\u00facar Moreno Paquete 1 Kg",
        "image": "https:\/\/cdn-consum.aktiosdigitalservices.com\/tol\/consum\/media\/product\/img\/300x300\/7384196.jpg?t=20250311111814"
    },
    {
        "id": 27588,
        "name": "Mini Magdalenas con Pepitas Chocolate BAKERY",
        "price": 2.99,
        "price_kilo": 15.74,
        "slug": "mini-magdalenas-con-pepitas-chocolate",
        "description": "Mini Magdalenas con Pepitas Chocolate 190 Gr",
        "image": "https:\/\/cdn-consum.aktiosdigitalservices.com\/tol\/consum\/media\/product\/img\/300x300\/7384670.jpg?t=20250311111819"
    },
    {
        "id": 27592,
        "name": "Yogur Sabor Vainilla con Bolitas de Chocolate CONSUM KIDS",
        "price": 1.15,
        "price_kilo": 4.71,
        "slug": "yogur-sabor-vainilla-con-bolitas-de-chocolate",
        "description": "Yogur Sabor Vainilla con Bolitas de Chocolate 2 x 122 Gr",
        "image": "https:\/\/cdn-consum.aktiosdigitalservices.com\/tol\/consum\/media\/product\/img\/300x300\/7360761.jpg?t=20250205080501"
    },
    {
        "id": 27597,
        "name": "Ar\u00f4me de Fleur Verbena CARAVAN",
        "price": 6.99,
        "price_kilo": 4.66,
        "slug": "arome-de-fleur-verbena",
        "description": "Ar\u00f4me de Fleur Verbena 150 ml",
        "image": "https:\/\/cdn-consum.aktiosdigitalservices.com\/tol\/consum\/media\/product\/img\/300x300\/7383214.jpg?t=20241217081222"
    },
    {
        "id": 27598,
        "name": "Ar\u00f4me de Fleur Flores Blancas CARAVAN",
        "price": 6.99,
        "price_kilo": 4.66,
        "slug": "arome-de-fleur-flores-blancas",
        "description": "Ar\u00f4me de Fleur Flores Blancas 150 ml",
        "image": "https:\/\/cdn-consum.aktiosdigitalservices.com\/tol\/consum\/media\/product\/img\/300x300\/7383219.jpg?t=20240521080629"
    },
    {
        "id": 27599,
        "name": "Ar\u00f4me de Fleur Bouquet Bleu CARAVAN",
        "price": 6.99,
        "price_kilo": 4.66,
        "slug": "arome-de-fleur-bouquet-bleu",
        "description": "Ar\u00f4me de Fleur Bouquet Bleu 150 ml",
        "image": "https:\/\/cdn-consum.aktiosdigitalservices.com\/tol\/consum\/media\/product\/img\/300x300\/7383222.jpg?t=20240521080629"
    },
    {
        "id": 27600,
        "name": "Ar\u00f4me de Fleur Bouquet Bergamota CARAVAN",
        "price": 6.99,
        "price_kilo": 4.66,
        "slug": "arome-de-fleur-bouquet-bergamota",
        "description": "Ar\u00f4me de Fleur Bouquet Bergamota 150 ml",
        "image": "https:\/\/cdn-consum.aktiosdigitalservices.com\/tol\/consum\/media\/product\/img\/300x300\/7383227.jpg?t=20241217081222"
    },
    {
        "id": 27601,
        "name": "Ar\u00f4me de Fleur Bouquet Neroli CARAVAN",
        "price": 6.99,
        "price_kilo": 4.66,
        "slug": "arome-de-fleur-bouquet-neroli",
        "description": "Ar\u00f4me de Fleur Bouquet Neroli 150 ml",
        "image": "https:\/\/cdn-consum.aktiosdigitalservices.com\/tol\/consum\/media\/product\/img\/300x300\/7383230.jpg?t=20241217081222"
    },
    {
        "id": 27611,
        "name": "Fuet con Trufa Duroc ELPOZO 1954",
        "price": 2.79,
        "price_kilo": 16.41,
        "slug": "fuet-con-trufa-duroc",
        "description": "Fuet con Trufa Duroc 170 Gr",
        "image": "https:\/\/cdn-consum.aktiosdigitalservices.com\/tol\/consum\/media\/product\/img\/300x300\/7383599.jpg?t=20250227093849"
    },
    {
        "id": 27612,
        "name": "Molinillo Ajustable Mezcla Picante Frasco DUCROS",
        "price": 3.99,
        "price_kilo": 13.76,
        "slug": "molinillo-ajustable-mezcla-picante-frasco",
        "description": "Molinillo Ajustable Mezcla Picante Frasco 29 Gr",
        "image": "https:\/\/cdn-consum.aktiosdigitalservices.com\/tol\/consum\/media\/product\/img\/300x300\/7383776.jpg?t=20250312092807"
    },
    {
        "id": 27619,
        "name": "Panela NATURWASSY",
        "price": 1.85,
        "price_kilo": 4.11,
        "slug": "panela",
        "description": "Panela 450 Gr",
        "image": "https:\/\/cdn-consum.aktiosdigitalservices.com\/tol\/consum\/media\/product\/img\/300x300\/7384204.jpg?t=20250311111817"
    },
    {
        "id": 27625,
        "name": "Barra Labios Sensational N\u00ba211 MAYBELLINE",
        "price": 4.99,
        "price_kilo": 4.99,
        "slug": "barra-labios-sensational-n211",
        "description": "Barra Labios Sensational N\u00ba211 1 U",
        "image": "https:\/\/cdn-consum.aktiosdigitalservices.com\/tol\/consum\/media\/product\/img\/300x300\/7384274.jpg?t=20241217081223"
    },
    {
        "id": 27631,
        "name": "Lasa\u00f1a 5 Quesos DUNANY",
        "price": 3.19,
        "price_kilo": 9.11,
        "slug": "lasana-5-quesos",
        "description": "Lasa\u00f1a 5 Quesos 350 Gr",
        "image": "https:\/\/cdn-consum.aktiosdigitalservices.com\/tol\/consum\/media\/product\/img\/300x300\/7384360.jpg?t=20241217081224"
    },
    {
        "id": 27636,
        "name": "Tabletas Limpiadoras Ortodoncias POLIDENT",
        "price": 4.95,
        "price_kilo": 0.17,
        "slug": "tabletas-limpiadoras-ortodoncias",
        "description": "Tabletas Limpiadoras Ortodoncias 30 U",
        "image": "https:\/\/cdn-consum.aktiosdigitalservices.com\/tol\/consum\/media\/product\/img\/300x300\/7384709.jpg?t=20250206095104"
    },
    {
        "id": 27644,
        "name": "Delicia de Sobrasada con Miel EL ZAGAL",
        "price": 2.49,
        "price_kilo": 16.6,
        "slug": "delicia-de-sobrasada-con-miel",
        "description": "Delicia de Sobrasada con Miel 150 Gr",
        "image": "https:\/\/cdn-consum.aktiosdigitalservices.com\/tol\/consum\/media\/product\/img\/300x300\/7383979.jpg?t=20240910080446"
    },
    {
        "id": 27646,
        "name": "Chuleta Vaca Madurada DALICIA",
        "price": 8.57,
        "price_kilo": 30.6,
        "slug": "chuleta-vaca-madurada",
        "description": "Chuleta Vaca Madurada",
        "image": "https:\/\/cdn-consum.aktiosdigitalservices.com\/tol\/consum\/media\/product\/img\/300x300\/7384019.jpg?t=20250110080230"
    },
    {
        "id": 27647,
        "name": "Solomillo Vaca Madurada DALICIA",
        "price": 13.29,
        "price_kilo": 44.25,
        "slug": "solomillo-vaca-madurada",
        "description": "Solomillo Vaca Madurada",
        "image": "https:\/\/cdn-consum.aktiosdigitalservices.com\/tol\/consum\/media\/product\/img\/300x300\/7384022.jpg?t=20250114084529"
    },
    {
        "id": 27648,
        "name": "Butifarra Catalana NOEL",
        "price": 1.99,
        "price_kilo": 13.27,
        "slug": "butifarra-catalana",
        "description": "Butifarra Catalana 150 Gr",
        "image": "https:\/\/cdn-consum.aktiosdigitalservices.com\/tol\/consum\/media\/product\/img\/300x300\/7384220.jpg?t=20241217081223"
    },
    {
        "id": 27649,
        "name": "Mari\u00f1as del Norte al Ajillo CABO PE\u00d1AS",
        "price": 1.59,
        "price_kilo": 3.79,
        "slug": "marinas-del-norte-al-ajillo",
        "description": "Mari\u00f1as del Norte al Ajillo 42 Gr",
        "image": "https:\/\/cdn-consum.aktiosdigitalservices.com\/tol\/consum\/media\/product\/img\/300x300\/7384415.jpg?t=20250125075904"
    },
    {
        "id": 27660,
        "name": "Pechuga de Pavo Family sin Grasa y Reducida Sal ELPOZO",
        "price": 3.89,
        "price_kilo": 9.73,
        "slug": "pechuga-de-pavo-family-sin-grasa-y-reducida-sal",
        "description": "Pechuga de Pavo Family sin Grasa y Reducida Sal 2 x 200 Gr",
        "image": "https:\/\/cdn-consum.aktiosdigitalservices.com\/tol\/consum\/media\/product\/img\/300x300\/7384894.jpg?t=20241217081224"
    },
    {
        "id": 27667,
        "name": "Bolitas de Fuet GOIKOA",
        "price": 1.15,
        "price_kilo": 23,
        "slug": "bolitas-de-fuet",
        "description": "Bolitas de Fuet 50 Gr",
        "image": "https:\/\/cdn-consum.aktiosdigitalservices.com\/tol\/consum\/media\/product\/img\/300x300\/7385404.jpg?t=20250227093900"
    },
    {
        "id": 27668,
        "name": "Vasos Vela Perfumados Jazm\u00edn de Noche AROMATIUM",
        "price": 1.99,
        "price_kilo": 1,
        "slug": "vasos-vela-perfumados-jazmin-de-noche",
        "description": "Vasos Vela Perfumados Jazm\u00edn de Noche 2 U",
        "image": "https:\/\/cdn-consum.aktiosdigitalservices.com\/tol\/consum\/media\/product\/img\/300x300\/7385560.jpg?t=20241217081224"
    },
    {
        "id": 27670,
        "name": "Queso Arz\u00faa-Ulloa DOP Peso Aproximado 600 Gr. Q.BARRAL",
        "price": 5.59,
        "price_kilo": 9.32,
        "slug": "queso-arzua-ulloa-dop-peso-aproximado-600-gr",
        "description": "Queso Arz\u00faa-Ulloa DOP Peso Aproximado 600 Gr. 0,6 Kg",
        "image": "https:\/\/cdn-consum.aktiosdigitalservices.com\/tol\/consum\/media\/product\/img\/300x300\/7384592.jpg?t=20250227093855"
    },
    {
        "id": 27672,
        "name": "Queso Ahumado Aceite Oveja Curado CERRATO",
        "price": 4.75,
        "price_kilo": 19,
        "slug": "queso-ahumado-aceite-oveja-curado",
        "description": "Queso Ahumado Aceite Oveja Curado 250 Gr",
        "image": "https:\/\/cdn-consum.aktiosdigitalservices.com\/tol\/consum\/media\/product\/img\/300x300\/7385214.jpg?t=20250227093859"
    },
    {
        "id": 27682,
        "name": "Polvos Desodorantes Calzado ACHUCHONAS",
        "price": 2.45,
        "price_kilo": 24.5,
        "slug": "polvos-desodorantes-calzado",
        "description": "Polvos Desodorantes Calzado 100 Gr",
        "image": "https:\/\/cdn-consum.aktiosdigitalservices.com\/tol\/consum\/media\/product\/img\/300x300\/7384407.jpg?t=20241217081224"
    },
    {
        "id": 27684,
        "name": "Cerveza Artesana Botella CONSENTIDA",
        "price": 0.89,
        "price_kilo": 2.7,
        "slug": "cerveza-artesana-botella",
        "description": "Cerveza Artesana Botella 0,33 L",
        "image": "https:\/\/cdn-consum.aktiosdigitalservices.com\/tol\/consum\/media\/product\/img\/300x300\/7384485.jpg?t=20250227093853"
    },
    {
        "id": 27686,
        "name": "Queso Tetilla Dop Peso Aproximado 550 Gr. Q.BARRAL",
        "price": 5.19,
        "price_kilo": 9.44,
        "slug": "queso-tetilla-dop-peso-aproximado-550-gr",
        "description": "Queso Tetilla Dop Peso Aproximado 550 Gr. 0,55 Kg",
        "image": "https:\/\/cdn-consum.aktiosdigitalservices.com\/tol\/consum\/media\/product\/img\/300x300\/7384563.jpg?t=20250312160948"
    },
    {
        "id": 27698,
        "name": "Comida Seca Gatos Delice Ave y Verduras BREKKIES",
        "price": 3.99,
        "price_kilo": 4.43,
        "slug": "comida-seca-gatos-delice-ave-y-verduras",
        "description": "Comida Seca Gatos Delice Ave y Verduras 900 Gr",
        "image": "https:\/\/cdn-consum.aktiosdigitalservices.com\/tol\/consum\/media\/product\/img\/300x300\/7385529.jpg?t=20250130080058"
    },
    {
        "id": 27699,
        "name": "Vasos Vela Perfumados Frutas del Bosque AROMATIUM",
        "price": 1.99,
        "price_kilo": 1,
        "slug": "vasos-vela-perfumados-frutas-del-bosque",
        "description": "Vasos Vela Perfumados Frutas del Bosque 2 U",
        "image": "https:\/\/cdn-consum.aktiosdigitalservices.com\/tol\/consum\/media\/product\/img\/300x300\/7385540.jpg?t=20241217081224"
    },
    {
        "id": 27701,
        "name": "Set Vasos Vela Maxi Chai Latte AROMATIUM",
        "price": 3.99,
        "price_kilo": 3.99,
        "slug": "set-vasos-vela-maxi-chai-latte",
        "description": "Set Vasos Vela Maxi Chai Latte 1 U",
        "image": "https:\/\/cdn-consum.aktiosdigitalservices.com\/tol\/consum\/media\/product\/img\/300x300\/7385565.jpg?t=20241217081224"
    },
    {
        "id": 27710,
        "name": "Lavavajillas Mano Original MISTOL",
        "price": 2.69,
        "price_kilo": 2.99,
        "slug": "lavavajillas-mano-original",
        "description": "Lavavajillas Mano Original 0,9 L",
        "image": "https:\/\/cdn-consum.aktiosdigitalservices.com\/tol\/consum\/media\/product\/img\/300x300\/7385706.jpg?t=20250206095112"
    },
    {
        "id": 27714,
        "name": "Comida Seca Perro Razas Peque\u00f1as Light VITALITY",
        "price": 5.19,
        "price_kilo": 2.6,
        "slug": "comida-seca-perro-razas-pequenas-light",
        "description": "Comida Seca Perro Razas Peque\u00f1as Light 2 Kg",
        "image": "https:\/\/cdn-consum.aktiosdigitalservices.com\/tol\/consum\/media\/product\/img\/300x300\/7363323.jpg?t=20250304115736"
    },
    {
        "id": 27716,
        "name": "Guisantes Superfinos congelados FINDUS",
        "price": 4.13,
        "price_kilo": 7.51,
        "slug": "guisantes-superfinos-congelados",
        "description": "Guisantes Superfinos congelados 550 Gr",
        "image": "https:\/\/cdn-consum.aktiosdigitalservices.com\/tol\/consum\/media\/product\/img\/300x300\/7379571.jpg?t=20250227093757"
    },
    {
        "id": 27718,
        "name": "Pastillas Lavavajillas Excellence 18+2 SOMAT",
        "price": 7.15,
        "price_kilo": 0.36,
        "slug": "pastillas-lavavajillas-excellence-182",
        "description": "Pastillas Lavavajillas Excellence 18+2 20 Do",
        "image": "https:\/\/cdn-consum.aktiosdigitalservices.com\/tol\/consum\/media\/product\/img\/300x300\/7384928.jpg?t=20250312092807"
    },
    {
        "id": 27719,
        "name": "Vela Clean Cotton AROMATIUM",
        "price": 1.99,
        "price_kilo": 1.99,
        "slug": "vela-clean-cotton",
        "description": "Vela Clean Cotton 1 U",
        "image": "https:\/\/cdn-consum.aktiosdigitalservices.com\/tol\/consum\/media\/product\/img\/300x300\/7385532.jpg?t=20241217081224"
    },
    {
        "id": 27721,
        "name": "Vasos Vela Perfumados Antiolores AROMATIUM",
        "price": 3.99,
        "price_kilo": 2,
        "slug": "vasos-vela-perfumados-antiolores",
        "description": "Vasos Vela Perfumados Antiolores 2 U",
        "image": "https:\/\/cdn-consum.aktiosdigitalservices.com\/tol\/consum\/media\/product\/img\/300x300\/7385552.jpg?t=20241217081224"
    },
    {
        "id": 27722,
        "name": "Garbanzo Cocido Origen 100% Nacional LUENGO",
        "price": 1.49,
        "price_kilo": 3.73,
        "slug": "garbanzo-cocido-origen-100-nacional",
        "description": "Garbanzo Cocido Origen 100% Nacional 400 Gr",
        "image": "https:\/\/cdn-consum.aktiosdigitalservices.com\/tol\/consum\/media\/product\/img\/300x300\/7385771.jpg?t=20250219080424"
    },
    {
        "id": 27723,
        "name": "Comida H\u00fameda Perros Bocaditos Buey en Salsa SIMBA",
        "price": 1.5,
        "price_kilo": 1.22,
        "slug": "comida-humeda-perros-bocaditos-buey-en-salsa",
        "description": "Comida H\u00fameda Perros Bocaditos Buey en Salsa 1,23 Kg",
        "image": "https:\/\/cdn-consum.aktiosdigitalservices.com\/tol\/consum\/media\/product\/img\/300x300\/7385805.jpg?t=20241217081224"
    },
    {
        "id": 27724,
        "name": "Comida H\u00fameda Perros Bocaditos Pollo en Salsa\t SIMBA",
        "price": 1.5,
        "price_kilo": 1.22,
        "slug": "comida-humeda-perros-bocaditos-pollo-en-salsa\t",
        "description": "Comida H\u00fameda Perros Bocaditos Pollo en Salsa\t 1,23 Kg",
        "image": "https:\/\/cdn-consum.aktiosdigitalservices.com\/tol\/consum\/media\/product\/img\/300x300\/7385813.jpg?t=20241217081224"
    },
    {
        "id": 27725,
        "name": "Comida H\u00fameda Gatos Bocaditos Buey en Salsa\t SIMBA",
        "price": 0.7,
        "price_kilo": 1.69,
        "slug": "comida-humeda-gatos-bocaditos-buey-en-salsa\t",
        "description": "Comida H\u00fameda Gatos Bocaditos Buey en Salsa\t 415 Gr",
        "image": "https:\/\/cdn-consum.aktiosdigitalservices.com\/tol\/consum\/media\/product\/img\/300x300\/7385818.jpg?t=20241217081224"
    },
    {
        "id": 27726,
        "name": "Comida H\u00fameda Gatos Bocaditos At\u00fan en Salsa\t SIMBA",
        "price": 0.7,
        "price_kilo": 1.69,
        "slug": "comida-humeda-gatos-bocaditos-atun-en-salsa\t",
        "description": "Comida H\u00fameda Gatos Bocaditos At\u00fan en Salsa\t 415 Gr",
        "image": "https:\/\/cdn-consum.aktiosdigitalservices.com\/tol\/consum\/media\/product\/img\/300x300\/7385821.jpg?t=20241217081224"
    },
    {
        "id": 27730,
        "name": "Cortaditas Queso Tierno sin Lactosa EL VENTERO",
        "price": 3.99,
        "price_kilo": 19.95,
        "slug": "cortaditas-queso-tierno-sin-lactosa",
        "description": "Cortaditas Queso Tierno sin Lactosa 200 Gr",
        "image": "https:\/\/cdn-consum.aktiosdigitalservices.com\/tol\/consum\/media\/product\/img\/300x300\/7386048.jpg?t=20250103082242"
    },
    {
        "id": 27739,
        "name": "Mousse de Pato DU PRINCE",
        "price": 1.35,
        "price_kilo": 18,
        "slug": "mousse-de-pato",
        "description": "Mousse de Pato 75 Gr",
        "image": "https:\/\/cdn-consum.aktiosdigitalservices.com\/tol\/consum\/media\/product\/img\/300x300\/7384295.jpg?t=20250114084836"
    },
    {
        "id": 27740,
        "name": "Huevos S\/M Medianos 24 Unidades MONTERDE",
        "price": 4.75,
        "price_kilo": 2.38,
        "slug": "huevos-s-m-medianos-24-unidades",
        "description": "Huevos S\/M Medianos 24 Unidades 2 Dc",
        "image": "https:\/\/cdn-consum.aktiosdigitalservices.com\/tol\/consum\/media\/product\/img\/300x300\/7385631.jpg?t=20250318080953"
    },
    {
        "id": 27742,
        "name": "Pastel Tiramis\u00fa ",
        "price": 2.49,
        "price_kilo": 19.92,
        "slug": "pastel-tiramisu",
        "description": "Pastel Tiramis\u00fa 125 Gr",
        "image": "https:\/\/cdn-consum.aktiosdigitalservices.com\/tol\/consum\/media\/product\/img\/300x300\/7386035.jpg?t=20250206095114"
    },
    {
        "id": 27743,
        "name": "Ambientador Mikado Bergamota-Calabrese AMBIENTAIR",
        "price": 4.95,
        "price_kilo": 4.95,
        "slug": "ambientador-mikado-bergamota-calabrese",
        "description": "Ambientador Mikado Bergamota-Calabrese 100 ml",
        "image": "https:\/\/cdn-consum.aktiosdigitalservices.com\/tol\/consum\/media\/product\/img\/300x300\/7386154.jpg?t=20250227093903"
    },
    {
        "id": 27744,
        "name": "Ambientador Mikados Jazm\u00edn AMBIENTAIR",
        "price": 4.95,
        "price_kilo": 4.95,
        "slug": "ambientador-mikados-jazmin",
        "description": "Ambientador Mikados Jazm\u00edn 100 ml",
        "image": "https:\/\/cdn-consum.aktiosdigitalservices.com\/tol\/consum\/media\/product\/img\/300x300\/7386159.jpg?t=20250227093905"
    },
    {
        "id": 27747,
        "name": "Aceituna Rellena Sabor Vermut JOLCA",
        "price": 2.49,
        "price_kilo": 16.6,
        "slug": "aceituna-rellena-sabor-vermut",
        "description": "Aceituna Rellena Sabor Vermut 150 Gr",
        "image": "https:\/\/cdn-consum.aktiosdigitalservices.com\/tol\/consum\/media\/product\/img\/300x300\/7386410.jpg?t=20250318080505"
    },
    {
        "id": 27752,
        "name": "Crema Manos Oliva Pieles Secas KYREY",
        "price": 1.55,
        "price_kilo": 1.55,
        "slug": "crema-manos-oliva-pieles-secas",
        "description": "Crema Manos Oliva Pieles Secas 100 ml",
        "image": "https:\/\/cdn-consum.aktiosdigitalservices.com\/tol\/consum\/media\/product\/img\/300x300\/7364466.jpg?t=20241217081209"
    },
    {
        "id": 27753,
        "name": "Recambio Cross Action ORAL B",
        "price": 19.95,
        "price_kilo": 4.99,
        "slug": "recambio-cross-action",
        "description": "Recambio Cross Action 4 U",
        "image": "https:\/\/cdn-consum.aktiosdigitalservices.com\/tol\/consum\/media\/product\/img\/300x300\/7377489.jpg?t=20241217081219"
    },
    {
        "id": 27754,
        "name": "Palomitas Microondas Sal Bolsa CONSUM",
        "price": 1,
        "price_kilo": 3.7,
        "slug": "palomitas-microondas-sal-bolsa",
        "description": "Palomitas Microondas Sal Bolsa 3 x 90 Gr",
        "image": "https:\/\/cdn-consum.aktiosdigitalservices.com\/tol\/consum\/media\/product\/img\/300x300\/7377786.jpg?t=20250313080837"
    },
    {
        "id": 27755,
        "name": "Mousse de Pato con Ar\u00e1ndanos DU PRINCE",
        "price": 1.35,
        "price_kilo": 18,
        "slug": "mousse-de-pato-con-arandanos",
        "description": "Mousse de Pato con Ar\u00e1ndanos 75 Gr",
        "image": "https:\/\/cdn-consum.aktiosdigitalservices.com\/tol\/consum\/media\/product\/img\/300x300\/7384303.jpg?t=20250114084836"
    },
    {
        "id": 27756,
        "name": "Mousse de Pato Pimienta Negra DU PRINCE",
        "price": 1.35,
        "price_kilo": 18,
        "slug": "mousse-de-pato-pimienta-negra",
        "description": "Mousse de Pato Pimienta Negra 75 Gr",
        "image": "https:\/\/cdn-consum.aktiosdigitalservices.com\/tol\/consum\/media\/product\/img\/300x300\/7384324.jpg?t=20250114084836"
    },
    {
        "id": 27765,
        "name": "At\u00fan Claro Aceite Girasol Pack de 6 CALVO",
        "price": 6.79,
        "price_kilo": 21.76,
        "slug": "atun-claro-aceite-girasol-pack-de-6",
        "description": "At\u00fan Claro Aceite Girasol Pack de 6 6 x 52 Gr",
        "image": "https:\/\/cdn-consum.aktiosdigitalservices.com\/tol\/consum\/media\/product\/img\/300x300\/7386428.jpg?t=20250313080910"
    },
    {
        "id": 27774,
        "name": "Palomitas Microondas Mantequilla Bolsa CONSUM",
        "price": 1.2,
        "price_kilo": 4.44,
        "slug": "palomitas-microondas-mantequilla-bolsa",
        "description": "Palomitas Microondas Mantequilla Bolsa 3 x 90 Gr",
        "image": "https:\/\/cdn-consum.aktiosdigitalservices.com\/tol\/consum\/media\/product\/img\/300x300\/7374536.jpg?t=20250313080818"
    },
    {
        "id": 27775,
        "name": "Maxi Petit Fresa, Pl\u00e1tano y Fresa-Pl\u00e1tano CONSUM KIDS",
        "price": 1.55,
        "price_kilo": 2.58,
        "slug": "maxi-petit-fresa-platano-y-fresa-platano",
        "description": "Maxi Petit Fresa, Pl\u00e1tano y Fresa-Pl\u00e1tano 6 x 100 Gr",
        "image": "https:\/\/cdn-consum.aktiosdigitalservices.com\/tol\/consum\/media\/product\/img\/300x300\/7376978.jpg?t=20250103082156"
    },
    {
        "id": 27783,
        "name": "Cereales Choco Krispies Chocos KELLOGG'S",
        "price": 3.49,
        "price_kilo": 8.31,
        "slug": "cereales-choco-krispies-chocos",
        "description": "Cereales Choco Krispies Chocos 420 Gr",
        "image": "https:\/\/cdn-consum.aktiosdigitalservices.com\/tol\/consum\/media\/product\/img\/300x300\/7385409.jpg?t=20250313080908"
    },
    {
        "id": 27786,
        "name": "San Jacobo Horneable congelado FRIPOZO",
        "price": 2.99,
        "price_kilo": 9.34,
        "slug": "san-jacobo-horneable-congelado",
        "description": "San Jacobo Horneable congelado 320 Gr",
        "image": "https:\/\/cdn-consum.aktiosdigitalservices.com\/tol\/consum\/media\/product\/img\/300x300\/7385842.jpg?t=20241217081224"
    },
    {
        "id": 27787,
        "name": "Crema Depilatoria Piel Sensible Torso y Cuerpo VEET",
        "price": 10.49,
        "price_kilo": 2.62,
        "slug": "crema-depilatoria-piel-sensible-torso-y-cuerpo",
        "description": "Crema Depilatoria Piel Sensible Torso y Cuerpo 400 ml",
        "image": "https:\/\/cdn-consum.aktiosdigitalservices.com\/tol\/consum\/media\/product\/img\/300x300\/7385958.jpg?t=20250303075851"
    },
    {
        "id": 27793,
        "name": "Nata Montada Spray Bote CHANTILLY",
        "price": 1.75,
        "price_kilo": 7,
        "slug": "nata-montada-spray-bote",
        "description": "Nata Montada Spray Bote 250 Gr",
        "image": "https:\/\/cdn-consum.aktiosdigitalservices.com\/tol\/consum\/media\/product\/img\/300x300\/7387087.jpg?t=20250311111830"
    },
    {
        "id": 27794,
        "name": "Champ\u00fa Reductor de Canas CONTROL GX",
        "price": 11.5,
        "price_kilo": 9.75,
        "slug": "champu-reductor-de-canas",
        "description": "Champ\u00fa Reductor de Canas 118 ml",
        "image": "https:\/\/cdn-consum.aktiosdigitalservices.com\/tol\/consum\/media\/product\/img\/300x300\/7387178.jpg?t=20241217081225"
    },
    {
        "id": 27800,
        "name": "Guisante y Zanahoria Pack de 3 BONDUELLE",
        "price": 3.99,
        "price_kilo": 10.23,
        "slug": "guisante-y-zanahoria-pack-de-3",
        "description": "Guisante y Zanahoria Pack de 3 3 x 130 Gr",
        "image": "https:\/\/cdn-consum.aktiosdigitalservices.com\/tol\/consum\/media\/product\/img\/300x300\/7387314.jpg?t=20250318080508"
    },
    {
        "id": 27803,
        "name": "Palomitas Microondas Dulces Bolsa CONSUM",
        "price": 1.6,
        "price_kilo": 5.93,
        "slug": "palomitas-microondas-dulces-bolsa",
        "description": "Palomitas Microondas Dulces Bolsa 3 x 90 Gr",
        "image": "https:\/\/cdn-consum.aktiosdigitalservices.com\/tol\/consum\/media\/product\/img\/300x300\/7374544.jpg?t=20250313080820"
    },
    {
        "id": 27806,
        "name": "Clara de Huevo Botella MONTERDE",
        "price": 1.7,
        "price_kilo": 5.67,
        "slug": "clara-de-huevo-botella",
        "description": "Clara de Huevo Botella 300 ml",
        "image": "https:\/\/cdn-consum.aktiosdigitalservices.com\/tol\/consum\/media\/product\/img\/300x300\/7385719.jpg?t=20250314121635"
    },
    {
        "id": 27807,
        "name": "Clara de Huevo Botella MONTERDE",
        "price": 2.85,
        "price_kilo": 2.85,
        "slug": "clara-de-huevo-botella",
        "description": "Clara de Huevo Botella 1 L",
        "image": "https:\/\/cdn-consum.aktiosdigitalservices.com\/tol\/consum\/media\/product\/img\/300x300\/7385722.jpg?t=20250314121637"
    },
    {
        "id": 27808,
        "name": "Arroz con Mucho Pavo FRIPOZO",
        "price": 2.49,
        "price_kilo": 4.98,
        "slug": "arroz-con-mucho-pavo",
        "description": "Arroz con Mucho Pavo 500 Gr",
        "image": "https:\/\/cdn-consum.aktiosdigitalservices.com\/tol\/consum\/media\/product\/img\/300x300\/7385839.jpg?t=20241217081224"
    },
    {
        "id": 27821,
        "name": "L\u00e1piz de Cejas N\u00ba04 MAYBELLINE",
        "price": 8.49,
        "price_kilo": 8.49,
        "slug": "lapiz-de-cejas-n04",
        "description": "L\u00e1piz de Cejas N\u00ba04 1 U",
        "image": "https:\/\/cdn-consum.aktiosdigitalservices.com\/tol\/consum\/media\/product\/img\/300x300\/7387012.jpg?t=20250312092807"
    },
    {
        "id": 27823,
        "name": "Colonia Pour Femme N\u00ba85 CARAVAN",
        "price": 10.95,
        "price_kilo": 7.3,
        "slug": "colonia-pour-femme-n85",
        "description": "Colonia Pour Femme N\u00ba85 150 ml",
        "image": "https:\/\/cdn-consum.aktiosdigitalservices.com\/tol\/consum\/media\/product\/img\/300x300\/7387020.jpg?t=20241217081225"
    },
    {
        "id": 27824,
        "name": "L\u00e1piz de Cejas N\u00ba2 MAYBELLINE",
        "price": 8.49,
        "price_kilo": 8.49,
        "slug": "lapiz-de-cejas-n2",
        "description": "L\u00e1piz de Cejas N\u00ba2 1 U",
        "image": "https:\/\/cdn-consum.aktiosdigitalservices.com\/tol\/consum\/media\/product\/img\/300x300\/7387025.jpg?t=20250312092807"
    },
    {
        "id": 27826,
        "name": "Lifter Gloss N\u00ba3 MAYBELLINE",
        "price": 8.45,
        "price_kilo": 8.45,
        "slug": "lifter-gloss-n3",
        "description": "Lifter Gloss N\u00ba3 1 U",
        "image": "https:\/\/cdn-consum.aktiosdigitalservices.com\/tol\/consum\/media\/product\/img\/300x300\/7387095.jpg?t=20241217081225"
    },
    {
        "id": 27827,
        "name": "Lifter Gloss N\u00ba2 MAYBELLINE",
        "price": 8.45,
        "price_kilo": 8.45,
        "slug": "lifter-gloss-n2",
        "description": "Lifter Gloss N\u00ba2 1 U",
        "image": "https:\/\/cdn-consum.aktiosdigitalservices.com\/tol\/consum\/media\/product\/img\/300x300\/7387103.jpg?t=20250312092808"
    },
    {
        "id": 27828,
        "name": "Lifter Gloss N\u00ba6 MAYBELLINE",
        "price": 8.45,
        "price_kilo": 8.45,
        "slug": "lifter-gloss-n6",
        "description": "Lifter Gloss N\u00ba6 1 U",
        "image": "https:\/\/cdn-consum.aktiosdigitalservices.com\/tol\/consum\/media\/product\/img\/300x300\/7387108.jpg?t=20250312092808"
    },
    {
        "id": 27829,
        "name": "Lifter Gloss N\u00ba5 MAYBELLINE",
        "price": 8.45,
        "price_kilo": 8.45,
        "slug": "lifter-gloss-n5",
        "description": "Lifter Gloss N\u00ba5 1 U",
        "image": "https:\/\/cdn-consum.aktiosdigitalservices.com\/tol\/consum\/media\/product\/img\/300x300\/7387111.jpg?t=20250312092808"
    },
    {
        "id": 27830,
        "name": "Lifter Gloss N\u00ba1 MAYBELLINE",
        "price": 8.45,
        "price_kilo": 8.45,
        "slug": "lifter-gloss-n1",
        "description": "Lifter Gloss N\u00ba1 1 U",
        "image": "https:\/\/cdn-consum.aktiosdigitalservices.com\/tol\/consum\/media\/product\/img\/300x300\/7387129.jpg?t=20250312092808"
    },
    {
        "id": 27850,
        "name": "Mask Tissu Ojos Reduce Bolsas y Ojeras GARNIER",
        "price": 2.49,
        "price_kilo": 2.49,
        "slug": "mask-tissu-ojos-reduce-bolsas-y-ojeras",
        "description": "Mask Tissu Ojos Reduce Bolsas y Ojeras 1 U",
        "image": "https:\/\/cdn-consum.aktiosdigitalservices.com\/tol\/consum\/media\/product\/img\/300x300\/7387744.jpg?t=20241217081226"
    },
    {
        "id": 27915,
        "name": "Set Herm\u00e9ticos 1 L Rectangular CONSERVERS",
        "price": 2.25,
        "price_kilo": 0.45,
        "slug": "set-hermeticos-1-l-rectangular",
        "description": "Set Herm\u00e9ticos 1 L Rectangular 5 U",
        "image": "https:\/\/cdn-consum.aktiosdigitalservices.com\/tol\/consum\/media\/product\/img\/300x300\/7387132.jpg?t=20250312092808"
    },
    {
        "id": 27919,
        "name": "Cubo Ovalado 12 L con Escurridor MIK",
        "price": 4.19,
        "price_kilo": 4.19,
        "slug": "cubo-ovalado-12-l-con-escurridor",
        "description": "Cubo Ovalado 12 L con Escurridor 1 U",
        "image": "https:\/\/cdn-consum.aktiosdigitalservices.com\/tol\/consum\/media\/product\/img\/300x300\/7387157.jpg?t=20241217081225"
    },
    {
        "id": 27922,
        "name": "Paleta 10 Sombras Essentials GIO GIOVANNI",
        "price": 3.95,
        "price_kilo": 3.95,
        "slug": "paleta-10-sombras-essentials",
        "description": "Paleta 10 Sombras Essentials 1 U",
        "image": "https:\/\/cdn-consum.aktiosdigitalservices.com\/tol\/consum\/media\/product\/img\/300x300\/7387546.jpg?t=20250318080954"
    },
    {
        "id": 27926,
        "name": "Dent\u00edfrico Ni\u00f1os Total 7-12 A\u00f1os COLGATE",
        "price": 2.25,
        "price_kilo": 4.5,
        "slug": "dentifrico-ninos-total-7-12-anos",
        "description": "Dent\u00edfrico Ni\u00f1os Total 7-12 A\u00f1os 50 ml",
        "image": "https:\/\/cdn-consum.aktiosdigitalservices.com\/tol\/consum\/media\/product\/img\/300x300\/7388010.jpg?t=20250312160950"
    },
    {
        "id": 27927,
        "name": "Combinado Setas Bandeja ",
        "price": 3.15,
        "price_kilo": 15.75,
        "slug": "combinado-setas-bandeja",
        "description": "Combinado Setas Bandeja 200 Gr",
        "image": "https:\/\/cdn-consum.aktiosdigitalservices.com\/tol\/consum\/media\/product\/img\/300x300\/7388085.jpg?t=20250321075947"
    },
    {
        "id": 27929,
        "name": "Pan Tostado con Lino 100% Integral Dextrin SANTIVERI",
        "price": 2.95,
        "price_kilo": 9.83,
        "slug": "pan-tostado-con-lino-100-integral-dextrin",
        "description": "Pan Tostado con Lino 100% Integral Dextrin 300 Gr",
        "image": "https:\/\/cdn-consum.aktiosdigitalservices.com\/tol\/consum\/media\/product\/img\/300x300\/7388267.jpg?t=20250311111835"
    },
    {
        "id": 27943,
        "name": "Higi\u00e9nico Resistente Cuatro Capas CONSUM",
        "price": 3.65,
        "price_kilo": 0.46,
        "slug": "higienico-resistente-cuatro-capas",
        "description": "Higi\u00e9nico Resistente Cuatro Capas 8 U",
        "image": "https:\/\/cdn-consum.aktiosdigitalservices.com\/tol\/consum\/media\/product\/img\/300x300\/7383834.jpg?t=20241217081223"
    },
    {
        "id": 27965,
        "name": "Nuggets de Pollo sin Gluten sin Lactosa congelados LA COCINERA",
        "price": 6.99,
        "price_kilo": 15.36,
        "slug": "nuggets-de-pollo-sin-gluten-sin-lactosa-congelados",
        "description": "Nuggets de Pollo sin Gluten sin Lactosa congelados 455 Gr",
        "image": "https:\/\/cdn-consum.aktiosdigitalservices.com\/tol\/consum\/media\/product\/img\/300x300\/7387046.jpg?t=20250218080933"
    },
    {
        "id": 27966,
        "name": "Queso Tierno Lonchas Light Bajo en Sal Santtum EL PASTOR",
        "price": 1.61,
        "price_kilo": 20.13,
        "slug": "queso-tierno-lonchas-light-bajo-en-sal-santtum",
        "description": "Queso Tierno Lonchas Light Bajo en Sal Santtum 80 Gr",
        "image": "https:\/\/cdn-consum.aktiosdigitalservices.com\/tol\/consum\/media\/product\/img\/300x300\/7387418.jpg?t=20250103082245"
    },
    {
        "id": 27980,
        "name": "Porci\u00f3n Carrot Cake con Queso ",
        "price": 3.79,
        "price_kilo": 32.12,
        "slug": "porcion-carrot-cake-con-queso",
        "description": "Porci\u00f3n Carrot Cake con Queso 118 Gr",
        "image": "https:\/\/cdn-consum.aktiosdigitalservices.com\/tol\/consum\/media\/product\/img\/300x300\/7388536.jpg?t=20250101082522"
    },
    {
        "id": 27982,
        "name": "Ginebra Blackberry P.DE INDIAS",
        "price": 16.45,
        "price_kilo": 23.5,
        "slug": "ginebra-blackberry",
        "description": "Ginebra Blackberry 0,7 L",
        "image": "https:\/\/cdn-consum.aktiosdigitalservices.com\/tol\/consum\/media\/product\/img\/300x300\/7388601.jpg?t=20250205080555"
    },
    {
        "id": 27993,
        "name": "Colonia Lavanda Familiar PUIG",
        "price": 5.75,
        "price_kilo": 0.77,
        "slug": "colonia-lavanda-familiar",
        "description": "Colonia Lavanda Familiar 750 ml",
        "image": "https:\/\/cdn-consum.aktiosdigitalservices.com\/tol\/consum\/media\/product\/img\/300x300\/7388259.jpg?t=20241217081226"
    },
    {
        "id": 27995,
        "name": "Margarina Oliva Tarrina FLORA",
        "price": 2.09,
        "price_kilo": 9.29,
        "slug": "margarina-oliva-tarrina",
        "description": "Margarina Oliva Tarrina 225 Gr",
        "image": "https:\/\/cdn-consum.aktiosdigitalservices.com\/tol\/consum\/media\/product\/img\/300x300\/7388432.jpg?t=20250314121641"
    },
    {
        "id": 27997,
        "name": "Cerveza Cl\u00e1sica Tostada Lata AMSTEL",
        "price": 0.46,
        "price_kilo": 1.39,
        "slug": "cerveza-clasica-tostada-lata",
        "description": "Cerveza Cl\u00e1sica Tostada Lata 0,33 L",
        "image": "https:\/\/cdn-consum.aktiosdigitalservices.com\/tol\/consum\/media\/product\/img\/300x300\/7388577.jpg?t=20250318080954"
    },
    {
        "id": 28003,
        "name": "Plantilla Piel Talla 33-45 ACHUCHONAS",
        "price": 3.85,
        "price_kilo": 3.85,
        "slug": "plantilla-piel-talla-33-45",
        "description": "Plantilla Piel Talla 33-45 1 U",
        "image": "https:\/\/cdn-consum.aktiosdigitalservices.com\/tol\/consum\/media\/product\/img\/300x300\/7389021.jpg?t=20241217081226"
    },
    {
        "id": 28009,
        "name": "Bayeta Microfibra Peque\u00f1a CONSUM",
        "price": 1.6,
        "price_kilo": 0.53,
        "slug": "bayeta-microfibra-pequena",
        "description": "Bayeta Microfibra Peque\u00f1a 3 U",
        "image": "https:\/\/cdn-consum.aktiosdigitalservices.com\/tol\/consum\/media\/product\/img\/300x300\/7332695.jpg?t=20241217081147"
    },
    {
        "id": 28011,
        "name": "Toallitas Infantiles Aloe CONSUM KIDS",
        "price": 0.75,
        "price_kilo": 0.03,
        "slug": "toallitas-infantiles-aloe",
        "description": "Toallitas Infantiles Aloe 24 U",
        "image": "https:\/\/cdn-consum.aktiosdigitalservices.com\/tol\/consum\/media\/product\/img\/300x300\/7375897.jpg?t=20241217081218"
    },
    {
        "id": 28012,
        "name": "Callos a la Madrile\u00f1a Bote CONSUM",
        "price": 2.45,
        "price_kilo": 6.45,
        "slug": "callos-a-la-madrilena-bote",
        "description": "Callos a la Madrile\u00f1a Bote 380 Gr",
        "image": "https:\/\/cdn-consum.aktiosdigitalservices.com\/tol\/consum\/media\/product\/img\/300x300\/7380491.jpg?t=20250225080133"
    },
    {
        "id": 28013,
        "name": "Callos con Garbanzos Bote CONSUM",
        "price": 2.6,
        "price_kilo": 6.84,
        "slug": "callos-con-garbanzos-bote",
        "description": "Callos con Garbanzos Bote 380 Gr",
        "image": "https:\/\/cdn-consum.aktiosdigitalservices.com\/tol\/consum\/media\/product\/img\/300x300\/7380496.jpg?t=20250312092806"
    },
    {
        "id": 28014,
        "name": "Fabada Asturiana Bote CONSUM",
        "price": 1.56,
        "price_kilo": 3.55,
        "slug": "fabada-asturiana-bote",
        "description": "Fabada Asturiana Bote 440 Gr",
        "image": "https:\/\/cdn-consum.aktiosdigitalservices.com\/tol\/consum\/media\/product\/img\/300x300\/7380512.jpg?t=20250225080135"
    },
    {
        "id": 28015,
        "name": "Lentejas con Chorizo Bote CONSUM",
        "price": 1.38,
        "price_kilo": 3.21,
        "slug": "lentejas-con-chorizo-bote",
        "description": "Lentejas con Chorizo Bote 430 Gr",
        "image": "https:\/\/cdn-consum.aktiosdigitalservices.com\/tol\/consum\/media\/product\/img\/300x300\/7380525.jpg?t=20250225080137"
    },
    {
        "id": 28016,
        "name": "Ciruela sin Hueso Doypack CONSUM",
        "price": 2.55,
        "price_kilo": 8.5,
        "slug": "ciruela-sin-hueso-doypack",
        "description": "Ciruela sin Hueso Doypack 300 Gr",
        "image": "https:\/\/cdn-consum.aktiosdigitalservices.com\/tol\/consum\/media\/product\/img\/300x300\/7381221.jpg?t=20250206095007"
    },
    {
        "id": 28017,
        "name": "Pasas Moscatel Doypack CONSUM",
        "price": 2.9,
        "price_kilo": 9.67,
        "slug": "pasas-moscatel-doypack",
        "description": "Pasas Moscatel Doypack 300 Gr",
        "image": "https:\/\/cdn-consum.aktiosdigitalservices.com\/tol\/consum\/media\/product\/img\/300x300\/7381234.jpg?t=20250314121631"
    },
    {
        "id": 28018,
        "name": "Pasas Sultanas Doypack CONSUM",
        "price": 2.38,
        "price_kilo": 7.93,
        "slug": "pasas-sultanas-doypack",
        "description": "Pasas Sultanas Doypack 300 Gr",
        "image": "https:\/\/cdn-consum.aktiosdigitalservices.com\/tol\/consum\/media\/product\/img\/300x300\/7381239.jpg?t=20250312125855"
    },
    {
        "id": 28019,
        "name": "Orej\u00f3n Albaricoque Desecado doypack CONSUM",
        "price": 2.69,
        "price_kilo": 13.45,
        "slug": "orejon-albaricoque-desecado-doypack",
        "description": "Orej\u00f3n Albaricoque Desecado doypack 200 Gr",
        "image": "https:\/\/cdn-consum.aktiosdigitalservices.com\/tol\/consum\/media\/product\/img\/300x300\/7381242.jpg?t=20250128080316"
    },
    {
        "id": 28020,
        "name": "Ar\u00e1ndano Desecado Doypack CONSUM",
        "price": 2.55,
        "price_kilo": 12.75,
        "slug": "arandano-desecado-doypack",
        "description": "Ar\u00e1ndano Desecado Doypack 200 Gr",
        "image": "https:\/\/cdn-consum.aktiosdigitalservices.com\/tol\/consum\/media\/product\/img\/300x300\/7381247.jpg?t=20250108081706"
    },
    {
        "id": 28024,
        "name": "Alb\u00f3ndigas con Guisantes CONSUM",
        "price": 1.78,
        "price_kilo": 4.29,
        "slug": "albondigas-con-guisantes",
        "description": "Alb\u00f3ndigas con Guisantes 415 Gr",
        "image": "https:\/\/cdn-consum.aktiosdigitalservices.com\/tol\/consum\/media\/product\/img\/300x300\/7384584.jpg?t=20250225080140"
    },
    {
        "id": 28027,
        "name": "Labial Satin Ink Boss REVLON",
        "price": 10.95,
        "price_kilo": 10.95,
        "slug": "labial-satin-ink-boss",
        "description": "Labial Satin Ink Boss 1 U",
        "image": "https:\/\/cdn-consum.aktiosdigitalservices.com\/tol\/consum\/media\/product\/img\/300x300\/7387967.jpg?t=20250304113505"
    },
    {
        "id": 28028,
        "name": "Labial Satin Ink Sienna REVLON",
        "price": 10.95,
        "price_kilo": 10.95,
        "slug": "labial-satin-ink-sienna",
        "description": "Labial Satin Ink Sienna 1 U",
        "image": "https:\/\/cdn-consum.aktiosdigitalservices.com\/tol\/consum\/media\/product\/img\/300x300\/7387970.jpg?t=20250312092808"
    },
    {
        "id": 28029,
        "name": "Labial Satin Ink Eyes on U REVLON",
        "price": 10.95,
        "price_kilo": 10.95,
        "slug": "labial-satin-ink-eyes-on-u",
        "description": "Labial Satin Ink Eyes on U 1 U",
        "image": "https:\/\/cdn-consum.aktiosdigitalservices.com\/tol\/consum\/media\/product\/img\/300x300\/7387975.jpg?t=20250312092808"
    },
    {
        "id": 28030,
        "name": "Labial Satin Ink Mauvey REVLON",
        "price": 10.95,
        "price_kilo": 10.95,
        "slug": "labial-satin-ink-mauvey",
        "description": "Labial Satin Ink Mauvey 1 U",
        "image": "https:\/\/cdn-consum.aktiosdigitalservices.com\/tol\/consum\/media\/product\/img\/300x300\/7387983.jpg?t=20250312092808"
    },
    {
        "id": 28031,
        "name": "Labial Satin Ink Seal REVLON",
        "price": 10.95,
        "price_kilo": 10.95,
        "slug": "labial-satin-ink-seal",
        "description": "Labial Satin Ink Seal 1 U",
        "image": "https:\/\/cdn-consum.aktiosdigitalservices.com\/tol\/consum\/media\/product\/img\/300x300\/7387988.jpg?t=20250312092808"
    },
    {
        "id": 28032,
        "name": "Labial Satin Ink Fire REVLON",
        "price": 10.95,
        "price_kilo": 10.95,
        "slug": "labial-satin-ink-fire",
        "description": "Labial Satin Ink Fire 1 U",
        "image": "https:\/\/cdn-consum.aktiosdigitalservices.com\/tol\/consum\/media\/product\/img\/300x300\/7387991.jpg?t=20250312092808"
    },
    {
        "id": 28036,
        "name": "Vino Tinto Roble D.O.Ribera del Duero VALDERIVERO",
        "price": 5.25,
        "price_kilo": 7,
        "slug": "vino-tinto-roble-doribera-del-duero",
        "description": "Vino Tinto Roble D.O.Ribera del Duero 0,75 L",
        "image": "https:\/\/cdn-consum.aktiosdigitalservices.com\/tol\/consum\/media\/product\/img\/300x300\/7388572.jpg?t=20250227093920"
    },
    {
        "id": 28037,
        "name": "C\u00e1psulas Memory NATURTIERRA",
        "price": 4.75,
        "price_kilo": 0.12,
        "slug": "capsulas-memory",
        "description": "C\u00e1psulas Memory 40 U",
        "image": "https:\/\/cdn-consum.aktiosdigitalservices.com\/tol\/consum\/media\/product\/img\/300x300\/7388580.jpg?t=20250312092808"
    },
    {
        "id": 28046,
        "name": "Cacao Soluble 0% Az\u00facares A\u00f1adidos NESQUIK",
        "price": 4.99,
        "price_kilo": 15.59,
        "slug": "cacao-soluble-0-azucares-anadidos",
        "description": "Cacao Soluble 0% Az\u00facares A\u00f1adidos 320 Gr",
        "image": "https:\/\/cdn-consum.aktiosdigitalservices.com\/tol\/consum\/media\/product\/img\/300x300\/7389141.jpg?t=20250311111843"
    },
    {
        "id": 28048,
        "name": "T\u00e9 Verde Moruno 20 Bolsitas POMPADOUR",
        "price": 2.79,
        "price_kilo": 0.14,
        "slug": "te-verde-moruno-20-bolsitas",
        "description": "T\u00e9 Verde Moruno 20 Bolsitas 20 U",
        "image": "https:\/\/cdn-consum.aktiosdigitalservices.com\/tol\/consum\/media\/product\/img\/300x300\/7389161.jpg?t=20250312160955"
    },
    {
        "id": 28052,
        "name": "Cepillo Dental Batman-Wonder W.1+1 COLGATE",
        "price": 3.25,
        "price_kilo": 3.25,
        "slug": "cepillo-dental-batman-wonder-w11",
        "description": "Cepillo Dental Batman-Wonder W.1+1",
        "image": "https:\/\/cdn-consum.aktiosdigitalservices.com\/tol\/consum\/media\/product\/img\/300x300\/7389224.jpg?t=20250227093928"
    },
    {
        "id": 28053,
        "name": "Canela Molida VAHIN\u00c9",
        "price": 3.35,
        "price_kilo": 7.79,
        "slug": "canela-molida",
        "description": "Canela Molida 43 Gr",
        "image": "https:\/\/cdn-consum.aktiosdigitalservices.com\/tol\/consum\/media\/product\/img\/300x300\/7389232.jpg?t=20250311111848"
    },
    {
        "id": 28062,
        "name": "Retinol Puro Revitalift S\u00e9rum de Noche L'OREAL",
        "price": 19.9,
        "price_kilo": 66.33,
        "slug": "retinol-puro-revitalift-serum-de-noche",
        "description": "Retinol Puro Revitalift S\u00e9rum de Noche 30 ml",
        "image": "https:\/\/cdn-consum.aktiosdigitalservices.com\/tol\/consum\/media\/product\/img\/300x300\/7389559.jpg?t=20250214075956"
    },
    {
        "id": 28070,
        "name": "Gel Ba\u00f1o Natural KYREY",
        "price": 1.5,
        "price_kilo": 3,
        "slug": "gel-bano-natural",
        "description": "Gel Ba\u00f1o Natural 500 ml",
        "image": "https:\/\/cdn-consum.aktiosdigitalservices.com\/tol\/consum\/media\/product\/img\/300x300\/7363976.jpg?t=20250128080619"
    },
    {
        "id": 28072,
        "name": "Nuez Macadamia Natural Doypack CONSUM",
        "price": 3.02,
        "price_kilo": 30.2,
        "slug": "nuez-macadamia-natural-doypack",
        "description": "Nuez Macadamia Natural Doypack 100 Gr",
        "image": "https:\/\/cdn-consum.aktiosdigitalservices.com\/tol\/consum\/media\/product\/img\/300x300\/7382245.jpg?t=20250122080029"
    },
    {
        "id": 28090,
        "name": "Eyeliner Smokey Gel Brown MAYBELLINE",
        "price": 7.49,
        "price_kilo": 7.49,
        "slug": "eyeliner-smokey-gel-brown",
        "description": "Eyeliner Smokey Gel Brown 1 U",
        "image": "https:\/\/cdn-consum.aktiosdigitalservices.com\/tol\/consum\/media\/product\/img\/300x300\/7387033.jpg?t=20250227093911"
    },
    {
        "id": 28091,
        "name": "L\u00e1piz de Ojos Tattoo Liner Smokey Black MAYBELLINE",
        "price": 7.49,
        "price_kilo": 7.49,
        "slug": "lapiz-de-ojos-tattoo-liner-smokey-black",
        "description": "L\u00e1piz de Ojos Tattoo Liner Smokey Black 1 U",
        "image": "https:\/\/cdn-consum.aktiosdigitalservices.com\/tol\/consum\/media\/product\/img\/300x300\/7387038.jpg?t=20250318080954"
    },
    {
        "id": 28092,
        "name": "Eyeliner Gel Brown Hypereasy MAYBELLINE",
        "price": 7.99,
        "price_kilo": 7.99,
        "slug": "eyeliner-gel-brown-hypereasy",
        "description": "Eyeliner Gel Brown Hypereasy 1 U",
        "image": "https:\/\/cdn-consum.aktiosdigitalservices.com\/tol\/consum\/media\/product\/img\/300x300\/7387041.jpg?t=20250312092808"
    },
    {
        "id": 28093,
        "name": "Pan Tostado Tradicional 100% Integral Dextrin SANTIVERI",
        "price": 2.95,
        "price_kilo": 9.83,
        "slug": "pan-tostado-tradicional-100-integral-dextrin",
        "description": "Pan Tostado Tradicional 100% Integral Dextrin 300 Gr",
        "image": "https:\/\/cdn-consum.aktiosdigitalservices.com\/tol\/consum\/media\/product\/img\/300x300\/7388262.jpg?t=20250311111833"
    },
    {
        "id": 28120,
        "name": "Burger Meat de Pollo Calabac\u00edn 9% Queso 9% ",
        "price": 1.35,
        "price_kilo": 10.8,
        "slug": "burger-meat-de-pollo-calabacin-9-queso-9",
        "description": "Burger Meat de Pollo Calabac\u00edn 9% Queso 9% 125 Gr",
        "image": "https:\/\/cdn-consum.aktiosdigitalservices.com\/tol\/consum\/media\/product\/img\/300x300\/7388825.jpg?t=20250225080144"
    },
    {
        "id": 28124,
        "name": "Ambientador White Jasmine ASEVI",
        "price": 2.39,
        "price_kilo": 5.98,
        "slug": "ambientador-white-jasmine",
        "description": "Ambientador White Jasmine 400 ml",
        "image": "https:\/\/cdn-consum.aktiosdigitalservices.com\/tol\/consum\/media\/product\/img\/300x300\/7389195.jpg?t=20250206095144"
    },
    {
        "id": 28126,
        "name": "Neceser Caballero PONETTE",
        "price": 6.69,
        "price_kilo": 6.69,
        "slug": "neceser-caballero",
        "description": "Neceser Caballero 1 U",
        "image": "https:\/\/cdn-consum.aktiosdigitalservices.com\/tol\/consum\/media\/product\/img\/300x300\/7389237.jpg?t=20250213080333"
    },
    {
        "id": 28127,
        "name": "Neceser Infantil PONETTE",
        "price": 4.69,
        "price_kilo": 4.69,
        "slug": "neceser-infantil",
        "description": "Neceser Infantil 1 U",
        "image": "https:\/\/cdn-consum.aktiosdigitalservices.com\/tol\/consum\/media\/product\/img\/300x300\/7389240.jpg?t=20250213080335"
    },
    {
        "id": 28128,
        "name": "Neceser Vive PONETTE",
        "price": 6.69,
        "price_kilo": 6.69,
        "slug": "neceser-vive",
        "description": "Neceser Vive 1 U",
        "image": "https:\/\/cdn-consum.aktiosdigitalservices.com\/tol\/consum\/media\/product\/img\/300x300\/7389257.jpg?t=20250213080339"
    },
    {
        "id": 28129,
        "name": "Neceser Serena PONETTE",
        "price": 7.69,
        "price_kilo": 7.69,
        "slug": "neceser-serena",
        "description": "Neceser Serena 1 U",
        "image": "https:\/\/cdn-consum.aktiosdigitalservices.com\/tol\/consum\/media\/product\/img\/300x300\/7389260.jpg?t=20250213080341"
    },
    {
        "id": 28130,
        "name": "Neceser de Viaje PONETTE",
        "price": 3.69,
        "price_kilo": 3.69,
        "slug": "neceser-de-viaje",
        "description": "Neceser de Viaje 1 U",
        "image": "https:\/\/cdn-consum.aktiosdigitalservices.com\/tol\/consum\/media\/product\/img\/300x300\/7389273.jpg?t=20250213080343"
    },
    {
        "id": 28132,
        "name": "Obleas Estuche FABIAN MARTI",
        "price": 2.45,
        "price_kilo": 10.21,
        "slug": "obleas-estuche",
        "description": "Obleas Estuche 240 Gr",
        "image": "https:\/\/cdn-consum.aktiosdigitalservices.com\/tol\/consum\/media\/product\/img\/300x300\/7389950.jpg?t=20250311111853"
    },
    {
        "id": 28133,
        "name": "Aceite Ricino con Cepillo Pesta\u00f1as BIOGLOW",
        "price": 3.99,
        "price_kilo": 13.3,
        "slug": "aceite-ricino-con-cepillo-pestanas",
        "description": "Aceite Ricino con Cepillo Pesta\u00f1as 30 ml",
        "image": "https:\/\/cdn-consum.aktiosdigitalservices.com\/tol\/consum\/media\/product\/img\/300x300\/7389963.jpg?t=20241217081227"
    },
    {
        "id": 28144,
        "name": "Bayeta Microfibra Grande CONSUM",
        "price": 1.75,
        "price_kilo": 0.58,
        "slug": "bayeta-microfibra-grande",
        "description": "Bayeta Microfibra Grande 3 U",
        "image": "https:\/\/cdn-consum.aktiosdigitalservices.com\/tol\/consum\/media\/product\/img\/300x300\/7368801.jpg?t=20241217081213"
    },
    {
        "id": 28155,
        "name": "Vino Tinto 14 Meses D.O. Ribera del Duero 409",
        "price": 8.99,
        "price_kilo": 11.99,
        "slug": "vino-tinto-14-meses-do-ribera-del-duero",
        "description": "Vino Tinto 14 Meses D.O. Ribera del Duero 0,75 L",
        "image": "https:\/\/cdn-consum.aktiosdigitalservices.com\/tol\/consum\/media\/product\/img\/300x300\/7388788.jpg?t=20250220080900"
    },
    {
        "id": 28157,
        "name": "Lubricante Extra Sensitiv Naturals DUREX",
        "price": 15.8,
        "price_kilo": 15.8,
        "slug": "lubricante-extra-sensitiv-naturals",
        "description": "Lubricante Extra Sensitiv Naturals 100 ml",
        "image": "https:\/\/cdn-consum.aktiosdigitalservices.com\/tol\/consum\/media\/product\/img\/300x300\/7389208.jpg?t=20250313080913"
    },
    {
        "id": 28161,
        "name": "Cava Brut Nature D.O. Cava LADRON LUNAS",
        "price": 5.49,
        "price_kilo": 7.32,
        "slug": "cava-brut-nature-do-cava",
        "description": "Cava Brut Nature D.O. Cava 0,75 L",
        "image": "https:\/\/cdn-consum.aktiosdigitalservices.com\/tol\/consum\/media\/product\/img\/300x300\/7389455.jpg?t=20250312092808"
    },
    {
        "id": 28164,
        "name": "Sidra Ros\u00e9 EL GAITERO",
        "price": 3.6,
        "price_kilo": 4.8,
        "slug": "sidra-rose",
        "description": "Sidra Ros\u00e9 0,75 L",
        "image": "https:\/\/cdn-consum.aktiosdigitalservices.com\/tol\/consum\/media\/product\/img\/300x300\/7389810.jpg?t=20250312092808"
    },
    {
        "id": 28169,
        "name": "Refresco Mandarina Zero Lima, Naranja y Pomelo SCHWEPPES",
        "price": 0.69,
        "price_kilo": 2.09,
        "slug": "refresco-mandarina-zero-lima-naranja-y-pomelo",
        "description": "Refresco Mandarina Zero Lima, Naranja y Pomelo 0,33 L",
        "image": "https:\/\/cdn-consum.aktiosdigitalservices.com\/tol\/consum\/media\/product\/img\/300x300\/7390040.jpg?t=20250227093933"
    },
    {
        "id": 28170,
        "name": "Pan Tostado 11 Cereales y Semillas RECONDO",
        "price": 2.41,
        "price_kilo": 8.93,
        "slug": "pan-tostado-11-cereales-y-semillas",
        "description": "Pan Tostado 11 Cereales y Semillas 270 Gr",
        "image": "https:\/\/cdn-consum.aktiosdigitalservices.com\/tol\/consum\/media\/product\/img\/300x300\/7390073.jpg?t=20250313080915"
    },
    {
        "id": 28174,
        "name": "Crema Manos Soja Karit\u00e9 Repara y Unifica el Tono KYREY",
        "price": 0.99,
        "price_kilo": 0.99,
        "slug": "crema-manos-soja-karite-repara-y-unifica-el-tono",
        "description": "Crema Manos Soja Karit\u00e9 Repara y Unifica el Tono 100 ml",
        "image": "https:\/\/cdn-consum.aktiosdigitalservices.com\/tol\/consum\/media\/product\/img\/300x300\/7364461.jpg?t=20250311164617"
    },
    {
        "id": 28175,
        "name": "Crema Manos Urea 5% Pieles Muy Secas KYREY",
        "price": 1.25,
        "price_kilo": 1.25,
        "slug": "crema-manos-urea-5-pieles-muy-secas",
        "description": "Crema Manos Urea 5% Pieles Muy Secas 100 ml",
        "image": "https:\/\/cdn-consum.aktiosdigitalservices.com\/tol\/consum\/media\/product\/img\/300x300\/7373736.jpg?t=20250227093653"
    },
    {
        "id": 28176,
        "name": "Pipa Pelada Natural Bolsa CONSUM",
        "price": 0.99,
        "price_kilo": 6.6,
        "slug": "pipa-pelada-natural-bolsa",
        "description": "Pipa Pelada Natural Bolsa 150 Gr",
        "image": "https:\/\/cdn-consum.aktiosdigitalservices.com\/tol\/consum\/media\/product\/img\/300x300\/7379758.jpg?t=20250128080255"
    },
    {
        "id": 28178,
        "name": "Filetes de Caballa en Aceite de Oliva CONSUM",
        "price": 1.35,
        "price_kilo": 16.07,
        "slug": "filetes-de-caballa-en-aceite-de-oliva",
        "description": "Filetes de Caballa en Aceite de Oliva 84 Gr",
        "image": "https:\/\/cdn-consum.aktiosdigitalservices.com\/tol\/consum\/media\/product\/img\/300x300\/7387595.jpg?t=20250125075907"
    },
    {
        "id": 28180,
        "name": "Queso Protein Lonchas ARLA",
        "price": 3.45,
        "price_kilo": 23,
        "slug": "queso-protein-lonchas",
        "description": "Queso Protein Lonchas 150 Gr - Refrigerado",
        "image": "https:\/\/cdn-consum.aktiosdigitalservices.com\/tol\/consum\/media\/product\/img\/300x300\/7389120.jpg?t=20250312160953"
    },
    {
        "id": 28181,
        "name": "Neceser A lo Loco PONETTE",
        "price": 4.69,
        "price_kilo": 4.69,
        "slug": "neceser-a-lo-loco",
        "description": "Neceser A lo Loco 1 U",
        "image": "https:\/\/cdn-consum.aktiosdigitalservices.com\/tol\/consum\/media\/product\/img\/300x300\/7389252.jpg?t=20250312092808"
    },
    {
        "id": 28186,
        "name": "Bagels Cl\u00e1sico 4 Unidades BIMBO",
        "price": 2.25,
        "price_kilo": 7.5,
        "slug": "bagels-clasico-4-unidades",
        "description": "Bagels Cl\u00e1sico 4 Unidades 300 Gr",
        "image": "https:\/\/cdn-consum.aktiosdigitalservices.com\/tol\/consum\/media\/product\/img\/300x300\/7390078.jpg?t=20250311111858"
    },
    {
        "id": 28187,
        "name": "Bagels Semillas 4 Unidades BIMBO",
        "price": 2.25,
        "price_kilo": 7.5,
        "slug": "bagels-semillas-4-unidades",
        "description": "Bagels Semillas 4 Unidades 300 Gr",
        "image": "https:\/\/cdn-consum.aktiosdigitalservices.com\/tol\/consum\/media\/product\/img\/300x300\/7390086.jpg?t=20250311111901"
    },
    {
        "id": 28188,
        "name": "Crema Mano Reparadora Piel Extra Seca EUDERMIN",
        "price": 2.35,
        "price_kilo": 3.13,
        "slug": "crema-mano-reparadora-piel-extra-seca",
        "description": "Crema Mano Reparadora Piel Extra Seca 75 ml",
        "image": "https:\/\/cdn-consum.aktiosdigitalservices.com\/tol\/consum\/media\/product\/img\/300x300\/7390099.jpg?t=20241217081227"
    },
    {
        "id": 28196,
        "name": "Chupete Silicona 18-36M Fisiol\u00f3gico Soft Touch TIGEX",
        "price": 4.55,
        "price_kilo": 2.28,
        "slug": "chupete-silicona-18-36m-fisiologico-soft-touch",
        "description": "Chupete Silicona 18-36M Fisiol\u00f3gico Soft Touch 2 U",
        "image": "https:\/\/cdn-consum.aktiosdigitalservices.com\/tol\/consum\/media\/product\/img\/300x300\/7390370.jpg?t=20241217081227"
    },
    {
        "id": 28197,
        "name": "Pa\u00f1uelo Facial Collection KLEENEX",
        "price": 1.79,
        "price_kilo": 0.04,
        "slug": "panuelo-facial-collection",
        "description": "Pa\u00f1uelo Facial Collection 48 U",
        "image": "https:\/\/cdn-consum.aktiosdigitalservices.com\/tol\/consum\/media\/product\/img\/300x300\/7390375.jpg?t=20250227093941"
    },
    {
        "id": 28203,
        "name": "Limpiador en Polvo JOSMI",
        "price": 1.55,
        "price_kilo": 1.55,
        "slug": "limpiador-en-polvo",
        "description": "Limpiador en Polvo 1 Kg",
        "image": "https:\/\/cdn-consum.aktiosdigitalservices.com\/tol\/consum\/media\/product\/img\/300x300\/7390516.jpg?t=20250312125909"
    },
    {
        "id": 28204,
        "name": "Comida H\u00fameda Gatos Fit&Delicius Carne ULTIMA",
        "price": 2.99,
        "price_kilo": 8.79,
        "slug": "comida-humeda-gatos-fitdelicius-carne",
        "description": "Comida H\u00fameda Gatos Fit&Delicius Carne 4 x 85 Gr",
        "image": "https:\/\/cdn-consum.aktiosdigitalservices.com\/tol\/consum\/media\/product\/img\/300x300\/7390540.jpg?t=20250313080917"
    },
    {
        "id": 28206,
        "name": "Plantilla Aloe Vera Talla 33-45 ACHUCHONAS",
        "price": 2.65,
        "price_kilo": 2.65,
        "slug": "plantilla-aloe-vera-talla-33-45",
        "description": "Plantilla Aloe Vera Talla 33-45 1 U",
        "image": "https:\/\/cdn-consum.aktiosdigitalservices.com\/tol\/consum\/media\/product\/img\/300x300\/7390669.jpg?t=20241217081227"
    },
    {
        "id": 28208,
        "name": "Gin-Tonic Lata BOMBAY SAPPH",
        "price": 1.99,
        "price_kilo": 7.96,
        "slug": "gin-tonic-lata",
        "description": "Gin-Tonic Lata 0,25 L",
        "image": "https:\/\/cdn-consum.aktiosdigitalservices.com\/tol\/consum\/media\/product\/img\/300x300\/7390909.jpg?t=20250227093948"
    },
    {
        "id": 28209,
        "name": "Crema de Fresas Tequila Botella BUITRAL",
        "price": 10.9,
        "price_kilo": 15.57,
        "slug": "crema-de-fresas-tequila-botella",
        "description": "Crema de Fresas Tequila Botella 0,7 L",
        "image": "https:\/\/cdn-consum.aktiosdigitalservices.com\/tol\/consum\/media\/product\/img\/300x300\/7390912.jpg?t=20241217081228"
    },
    {
        "id": 28223,
        "name": "Gel Fijador Efecto Mojado KYREY",
        "price": 1.95,
        "price_kilo": 0.78,
        "slug": "gel-fijador-efecto-mojado",
        "description": "Gel Fijador Efecto Mojado 250 ml",
        "image": "https:\/\/cdn-consum.aktiosdigitalservices.com\/tol\/consum\/media\/product\/img\/300x300\/7358380.jpg?t=20241217081205"
    },
    {
        "id": 28242,
        "name": "Caf\u00e9 Ristretto \u00c1frica 18 C\u00e1psulas NESCAFE",
        "price": 5.25,
        "price_kilo": 0.29,
        "slug": "cafe-ristretto-africa-18-capsulas",
        "description": "Caf\u00e9 Ristretto \u00c1frica 18 C\u00e1psulas 18 U",
        "image": "https:\/\/cdn-consum.aktiosdigitalservices.com\/tol\/consum\/media\/product\/img\/300x300\/7388882.jpg?t=20250311111837"
    },
    {
        "id": 28249,
        "name": "Pastas de T\u00e9 Bandeja GARCINUEZ",
        "price": 1.89,
        "price_kilo": 5.4,
        "slug": "pastas-de-te-bandeja",
        "description": "Pastas de T\u00e9 Bandeja 350 Gr",
        "image": "https:\/\/cdn-consum.aktiosdigitalservices.com\/tol\/consum\/media\/product\/img\/300x300\/7389489.jpg?t=20250311134455"
    },
    {
        "id": 28252,
        "name": "Vino Tinto D.O. Ribera del Duero PRUNO",
        "price": 12.9,
        "price_kilo": 17.2,
        "slug": "vino-tinto-do-ribera-del-duero",
        "description": "Vino Tinto D.O. Ribera del Duero 0,75 L",
        "image": "https:\/\/cdn-consum.aktiosdigitalservices.com\/tol\/consum\/media\/product\/img\/300x300\/7389828.jpg?t=20250109104312"
    },
    {
        "id": 28253,
        "name": "Bebida Energ\u00e9tica Ultra Fiesta MONSTER",
        "price": 1.79,
        "price_kilo": 3.58,
        "slug": "bebida-energetica-ultra-fiesta",
        "description": "Bebida Energ\u00e9tica Ultra Fiesta 0,5 L",
        "image": "https:\/\/cdn-consum.aktiosdigitalservices.com\/tol\/consum\/media\/product\/img\/300x300\/7390052.jpg?t=20250320080214"
    },
    {
        "id": 28274,
        "name": "Crema de Queso con Cebollino DELITUSS",
        "price": 2.07,
        "price_kilo": 16.56,
        "slug": "crema-de-queso-con-cebollino",
        "description": "Crema de Queso con Cebollino 125 Gr",
        "image": "https:\/\/cdn-consum.aktiosdigitalservices.com\/tol\/consum\/media\/product\/img\/300x300\/7390607.jpg?t=20250227093944"
    },
    {
        "id": 28276,
        "name": "L\u00e1piz Cejas Vegan GIO GIOVANNI",
        "price": 1.75,
        "price_kilo": 1.75,
        "slug": "lapiz-cejas-vegan",
        "description": "L\u00e1piz Cejas Vegan 1 U",
        "image": "https:\/\/cdn-consum.aktiosdigitalservices.com\/tol\/consum\/media\/product\/img\/300x300\/7390685.jpg?t=20250318080954"
    },
    {
        "id": 28277,
        "name": "Eyeliner L\u00edquido Vegan Negro GIO GIOVANNI",
        "price": 2.75,
        "price_kilo": 2.75,
        "slug": "eyeliner-liquido-vegan-negro",
        "description": "Eyeliner L\u00edquido Vegan Negro 1 U",
        "image": "https:\/\/cdn-consum.aktiosdigitalservices.com\/tol\/consum\/media\/product\/img\/300x300\/7390698.jpg?t=20250318080954"
    },
    {
        "id": 28278,
        "name": "M\u00e1scara Curvatura Vegan GIO GIOVANNI",
        "price": 3.65,
        "price_kilo": 3.65,
        "slug": "mascara-curvatura-vegan",
        "description": "M\u00e1scara Curvatura Vegan 1 U",
        "image": "https:\/\/cdn-consum.aktiosdigitalservices.com\/tol\/consum\/media\/product\/img\/300x300\/7390701.jpg?t=20250109104336"
    },
    {
        "id": 28279,
        "name": "M\u00e1scara Volumen Vegan GIO GIOVANNI",
        "price": 3.65,
        "price_kilo": 3.65,
        "slug": "mascara-volumen-vegan",
        "description": "M\u00e1scara Volumen Vegan 1 U",
        "image": "https:\/\/cdn-consum.aktiosdigitalservices.com\/tol\/consum\/media\/product\/img\/300x300\/7390706.jpg?t=20250109104339"
    },
    {
        "id": 28280,
        "name": "L\u00e1piz Ojos Blanco Vegan GIO GIOVANNI",
        "price": 1.55,
        "price_kilo": 1.55,
        "slug": "lapiz-ojos-blanco-vegan",
        "description": "L\u00e1piz Ojos Blanco Vegan 1 U",
        "image": "https:\/\/cdn-consum.aktiosdigitalservices.com\/tol\/consum\/media\/product\/img\/300x300\/7390714.jpg?t=20250204082236"
    },
    {
        "id": 28281,
        "name": "L\u00e1piz Ojos 3 Azul Vegan GIO GIOVANNI",
        "price": 1.55,
        "price_kilo": 1.55,
        "slug": "lapiz-ojos-3-azul-vegan",
        "description": "L\u00e1piz Ojos 3 Azul Vegan 1 U",
        "image": "https:\/\/cdn-consum.aktiosdigitalservices.com\/tol\/consum\/media\/product\/img\/300x300\/7390719.jpg?t=20250318080954"
    },
    {
        "id": 28282,
        "name": "L\u00e1piz Ojos 2 Verde Vegan GIO GIOVANNI",
        "price": 1.55,
        "price_kilo": 1.55,
        "slug": "lapiz-ojos-2-verde-vegan",
        "description": "L\u00e1piz Ojos 2 Verde Vegan 1 U",
        "image": "https:\/\/cdn-consum.aktiosdigitalservices.com\/tol\/consum\/media\/product\/img\/300x300\/7390722.jpg?t=20250318080954"
    },
    {
        "id": 28283,
        "name": "L\u00e1piz Ojos 4 Marr\u00f3n Vegan GIO GIOVANNI",
        "price": 1.55,
        "price_kilo": 1.55,
        "slug": "lapiz-ojos-4-marron-vegan",
        "description": "L\u00e1piz Ojos 4 Marr\u00f3n Vegan 1 U",
        "image": "https:\/\/cdn-consum.aktiosdigitalservices.com\/tol\/consum\/media\/product\/img\/300x300\/7390727.jpg?t=20250109104347"
    },
    {
        "id": 28284,
        "name": "L\u00e1piz Ojos 5 Verde Vegan GIO GIOVANNI",
        "price": 1.55,
        "price_kilo": 1.55,
        "slug": "lapiz-ojos-5-verde-vegan",
        "description": "L\u00e1piz Ojos 5 Verde Vegan 1 U",
        "image": "https:\/\/cdn-consum.aktiosdigitalservices.com\/tol\/consum\/media\/product\/img\/300x300\/7390735.jpg?t=20250109104350"
    },
    {
        "id": 28285,
        "name": "L\u00e1piz Ojos 6 Negro Vegan GIO GIOVANNI",
        "price": 1.55,
        "price_kilo": 1.55,
        "slug": "lapiz-ojos-6-negro-vegan",
        "description": "L\u00e1piz Ojos 6 Negro Vegan 1 U",
        "image": "https:\/\/cdn-consum.aktiosdigitalservices.com\/tol\/consum\/media\/product\/img\/300x300\/7390743.jpg?t=20250109104353"
    },
    {
        "id": 28287,
        "name": "Sombra Ojos 1 Marfil Vegan GIO GIOVANNI",
        "price": 2.55,
        "price_kilo": 2.55,
        "slug": "sombra-ojos-1-marfil-vegan",
        "description": "Sombra Ojos 1 Marfil Vegan 1 U",
        "image": "https:\/\/cdn-consum.aktiosdigitalservices.com\/tol\/consum\/media\/product\/img\/300x300\/7390763.jpg?t=20250318080954"
    },
    {
        "id": 28289,
        "name": "Sombra Ojos 2 Azul Vegan GIO GIOVANNI",
        "price": 2.55,
        "price_kilo": 2.55,
        "slug": "sombra-ojos-2-azul-vegan",
        "description": "Sombra Ojos 2 Azul Vegan 1 U",
        "image": "https:\/\/cdn-consum.aktiosdigitalservices.com\/tol\/consum\/media\/product\/img\/300x300\/7390771.jpg?t=20250109104400"
    },
    {
        "id": 28290,
        "name": "Sombra Ojos 3 Turquesa Vegan GIO GIOVANNI",
        "price": 2.55,
        "price_kilo": 2.55,
        "slug": "sombra-ojos-3-turquesa-vegan",
        "description": "Sombra Ojos 3 Turquesa Vegan 1 U",
        "image": "https:\/\/cdn-consum.aktiosdigitalservices.com\/tol\/consum\/media\/product\/img\/300x300\/7390776.jpg?t=20250318080954"
    },
    {
        "id": 28291,
        "name": "Sombra Ojos 4 Marr\u00f3n Vegan GIO GIOVANNI",
        "price": 2.55,
        "price_kilo": 2.55,
        "slug": "sombra-ojos-4-marron-vegan",
        "description": "Sombra Ojos 4 Marr\u00f3n Vegan 1 U",
        "image": "https:\/\/cdn-consum.aktiosdigitalservices.com\/tol\/consum\/media\/product\/img\/300x300\/7390784.jpg?t=20250109104405"
    },
    {
        "id": 28292,
        "name": "Sombra Ojos 5 Verde Vegan GIO GIOVANNI",
        "price": 2.55,
        "price_kilo": 2.55,
        "slug": "sombra-ojos-5-verde-vegan",
        "description": "Sombra Ojos 5 Verde Vegan 1 U",
        "image": "https:\/\/cdn-consum.aktiosdigitalservices.com\/tol\/consum\/media\/product\/img\/300x300\/7390789.jpg?t=20250318080954"
    },
    {
        "id": 28293,
        "name": "Sombra Ojos 6 Negro Vegan GIO GIOVANNI",
        "price": 2.55,
        "price_kilo": 2.55,
        "slug": "sombra-ojos-6-negro-vegan",
        "description": "Sombra Ojos 6 Negro Vegan 1 U",
        "image": "https:\/\/cdn-consum.aktiosdigitalservices.com\/tol\/consum\/media\/product\/img\/300x300\/7390792.jpg?t=20250318080954"
    },
    {
        "id": 28294,
        "name": "Crema Corporal Calma's EUDERMIN",
        "price": 4.65,
        "price_kilo": 1.16,
        "slug": "crema-corporal-calmas",
        "description": "Crema Corporal Calma's 400 ml",
        "image": "https:\/\/cdn-consum.aktiosdigitalservices.com\/tol\/consum\/media\/product\/img\/300x300\/7390842.jpg?t=20250312161000"
    },
    {
        "id": 28295,
        "name": "Crema de Pies Calma's EUDERMIN",
        "price": 2.65,
        "price_kilo": 3.53,
        "slug": "crema-de-pies-calmas",
        "description": "Crema de Pies Calma's 75 ml",
        "image": "https:\/\/cdn-consum.aktiosdigitalservices.com\/tol\/consum\/media\/product\/img\/300x300\/7390847.jpg?t=20250312161002"
    },
    {
        "id": 28296,
        "name": "Talco Corporal Calma's EUDERMIN",
        "price": 3.65,
        "price_kilo": 48.67,
        "slug": "talco-corporal-calmas",
        "description": "Talco Corporal Calma's 75 Gr",
        "image": "https:\/\/cdn-consum.aktiosdigitalservices.com\/tol\/consum\/media\/product\/img\/300x300\/7390854.jpg?t=20250312161004"
    },
    {
        "id": 28305,
        "name": "Aplicador Sombra Ojos 6 Unidades PONETTE",
        "price": 2.15,
        "price_kilo": 0.36,
        "slug": "aplicador-sombra-ojos-6-unidades",
        "description": "Aplicador Sombra Ojos 6 Unidades 6 U",
        "image": "https:\/\/cdn-consum.aktiosdigitalservices.com\/tol\/consum\/media\/product\/img\/300x300\/7391139.jpg?t=20241217081228"
    },
    {
        "id": 28306,
        "name": "Bebida de Avena 0% Az\u00facar Brik YOSOY",
        "price": 1.65,
        "price_kilo": 1.65,
        "slug": "bebida-de-avena-0-azucar-brik",
        "description": "Bebida de Avena 0% Az\u00facar Brik 1 L",
        "image": "https:\/\/cdn-consum.aktiosdigitalservices.com\/tol\/consum\/media\/product\/img\/300x300\/7391154.jpg?t=20250311111914"
    },
    {
        "id": 28308,
        "name": "Esponjas Desmaquillantes PONETTE",
        "price": 2.15,
        "price_kilo": 0.72,
        "slug": "esponjas-desmaquillantes",
        "description": "Esponjas Desmaquillantes 3 U",
        "image": "https:\/\/cdn-consum.aktiosdigitalservices.com\/tol\/consum\/media\/product\/img\/300x300\/7391162.jpg?t=20241217081228"
    },
    {
        "id": 28309,
        "name": "Sacapuntas PONETTE",
        "price": 2.55,
        "price_kilo": 2.55,
        "slug": "sacapuntas",
        "description": "Sacapuntas 1 U",
        "image": "https:\/\/cdn-consum.aktiosdigitalservices.com\/tol\/consum\/media\/product\/img\/300x300\/7391170.jpg?t=20250213080347"
    },
    {
        "id": 28311,
        "name": "Triangulos Maquillaje L\u00e1tex 4 Unidades PONETTE",
        "price": 2.5,
        "price_kilo": 0.63,
        "slug": "triangulos-maquillaje-latex-4-unidades",
        "description": "Triangulos Maquillaje L\u00e1tex 4 Unidades 4 U",
        "image": "https:\/\/cdn-consum.aktiosdigitalservices.com\/tol\/consum\/media\/product\/img\/300x300\/7391183.jpg?t=20241217081228"
    },
    {
        "id": 28312,
        "name": "Esponja Blender PONETTE",
        "price": 2.99,
        "price_kilo": 2.99,
        "slug": "esponja-blender",
        "description": "Esponja Blender 1 U",
        "image": "https:\/\/cdn-consum.aktiosdigitalservices.com\/tol\/consum\/media\/product\/img\/300x300\/7391188.jpg?t=20241217081228"
    },
    {
        "id": 28313,
        "name": "Brocha Polvos MakeUp PONETTE",
        "price": 6.95,
        "price_kilo": 6.95,
        "slug": "brocha-polvos-makeup",
        "description": "Brocha Polvos MakeUp 1 U",
        "image": "https:\/\/cdn-consum.aktiosdigitalservices.com\/tol\/consum\/media\/product\/img\/300x300\/7391191.jpg?t=20250213080349"
    },
    {
        "id": 28314,
        "name": "Brocha Maquillaje Precisi\u00f3n MakeUp PONETTE",
        "price": 6.95,
        "price_kilo": 6.95,
        "slug": "brocha-maquillaje-precision-makeup",
        "description": "Brocha Maquillaje Precisi\u00f3n MakeUp 1 U",
        "image": "https:\/\/cdn-consum.aktiosdigitalservices.com\/tol\/consum\/media\/product\/img\/300x300\/7391196.jpg?t=20250312092808"
    },
    {
        "id": 28315,
        "name": "Brocha Maquillaje Mofeta MakeUp PONETTE",
        "price": 6.95,
        "price_kilo": 6.95,
        "slug": "brocha-maquillaje-mofeta-makeup",
        "description": "Brocha Maquillaje Mofeta MakeUp 1 U",
        "image": "https:\/\/cdn-consum.aktiosdigitalservices.com\/tol\/consum\/media\/product\/img\/300x300\/7391204.jpg?t=20250213080354"
    },
    {
        "id": 28316,
        "name": "Brocha Kabuki MakeUp PONETTE",
        "price": 6.95,
        "price_kilo": 6.95,
        "slug": "brocha-kabuki-makeup",
        "description": "Brocha Kabuki MakeUp 1 U",
        "image": "https:\/\/cdn-consum.aktiosdigitalservices.com\/tol\/consum\/media\/product\/img\/300x300\/7391233.jpg?t=20250213080358"
    },
    {
        "id": 28317,
        "name": "Pincel Labios MakeUp PONETTE",
        "price": 4.99,
        "price_kilo": 4.99,
        "slug": "pincel-labios-makeup",
        "description": "Pincel Labios MakeUp 1 U",
        "image": "https:\/\/cdn-consum.aktiosdigitalservices.com\/tol\/consum\/media\/product\/img\/300x300\/7391246.jpg?t=20250213080400"
    },
    {
        "id": 28318,
        "name": "Pincel Sombras MakeUp PONETTE",
        "price": 4.99,
        "price_kilo": 4.99,
        "slug": "pincel-sombras-makeup",
        "description": "Pincel Sombras MakeUp 1 U",
        "image": "https:\/\/cdn-consum.aktiosdigitalservices.com\/tol\/consum\/media\/product\/img\/300x300\/7391253.jpg?t=20250213080401"
    },
    {
        "id": 28319,
        "name": "Pincel Delineador MakeUp PONETTE",
        "price": 4.99,
        "price_kilo": 4.99,
        "slug": "pincel-delineador-makeup",
        "description": "Pincel Delineador MakeUp 1 U",
        "image": "https:\/\/cdn-consum.aktiosdigitalservices.com\/tol\/consum\/media\/product\/img\/300x300\/7391258.jpg?t=20250312092808"
    },
    {
        "id": 28320,
        "name": "Pincel Dual Difuminador y Corrector PONETTE",
        "price": 6.59,
        "price_kilo": 6.59,
        "slug": "pincel-dual-difuminador-y-corrector",
        "description": "Pincel Dual Difuminador y Corrector 1 U",
        "image": "https:\/\/cdn-consum.aktiosdigitalservices.com\/tol\/consum\/media\/product\/img\/300x300\/7391266.jpg?t=20250213080405"
    },
    {
        "id": 28321,
        "name": "Set Brochas de Viaje MakeUp PONETTE",
        "price": 9.99,
        "price_kilo": 9.99,
        "slug": "set-brochas-de-viaje-makeup",
        "description": "Set Brochas de Viaje MakeUp 1 U",
        "image": "https:\/\/cdn-consum.aktiosdigitalservices.com\/tol\/consum\/media\/product\/img\/300x300\/7391274.jpg?t=20250213080407"
    },
    {
        "id": 28325,
        "name": "Colonia Sport POSEIDON",
        "price": 12.95,
        "price_kilo": 8.63,
        "slug": "colonia-sport",
        "description": "Colonia Sport 150 ml",
        "image": "https:\/\/cdn-consum.aktiosdigitalservices.com\/tol\/consum\/media\/product\/img\/300x300\/7391444.jpg?t=20241217081229"
    },
    {
        "id": 28331,
        "name": "Pa\u00f1uelos de Bolsillo SCOTTEX",
        "price": 2.19,
        "price_kilo": 0.18,
        "slug": "panuelos-de-bolsillo",
        "description": "Pa\u00f1uelos de Bolsillo 12 U",
        "image": "https:\/\/cdn-consum.aktiosdigitalservices.com\/tol\/consum\/media\/product\/img\/300x300\/7023604.jpg?t=20250206090644"
    },
    {
        "id": 28332,
        "name": "Cebollitas Rojas Agridulces CONSUM",
        "price": 1.35,
        "price_kilo": 6.75,
        "slug": "cebollitas-rojas-agridulces",
        "description": "Cebollitas Rojas Agridulces 200 Gr",
        "image": "https:\/\/cdn-consum.aktiosdigitalservices.com\/tol\/consum\/media\/product\/img\/300x300\/7383339.jpg?t=20241217081223"
    },
    {
        "id": 28335,
        "name": "Aceituna Estilo Casero Bote CONSUM",
        "price": 2.69,
        "price_kilo": 5.38,
        "slug": "aceituna-estilo-casero-bote",
        "description": "Aceituna Estilo Casero Bote 500 Gr",
        "image": "https:\/\/cdn-consum.aktiosdigitalservices.com\/tol\/consum\/media\/product\/img\/300x300\/7387947.jpg?t=20250318080511"
    },
    {
        "id": 28338,
        "name": "Chupete Silicona 6-18 M Fisiol\u00f3gico Soft Touch TIGEX",
        "price": 4.55,
        "price_kilo": 2.28,
        "slug": "chupete-silicona-6-18-m-fisiologico-soft-touch",
        "description": "Chupete Silicona 6-18 M Fisiol\u00f3gico Soft Touch 2 U",
        "image": "https:\/\/cdn-consum.aktiosdigitalservices.com\/tol\/consum\/media\/product\/img\/300x300\/7390367.jpg?t=20241217081227"
    },
    {
        "id": 28341,
        "name": "Jam\u00f3n de Trev\u00e9lez Lonchas Finas J.VALLEJO",
        "price": 3.5,
        "price_kilo": 29.17,
        "slug": "jamon-de-trevelez-lonchas-finas",
        "description": "Jam\u00f3n de Trev\u00e9lez Lonchas Finas 120 Gr",
        "image": "https:\/\/cdn-consum.aktiosdigitalservices.com\/tol\/consum\/media\/product\/img\/300x300\/7390511.jpg?t=20241217081227"
    },
    {
        "id": 28345,
        "name": "Q. Vaca-Oveja Curado Umami CERRATO",
        "price": 4.35,
        "price_kilo": 14.5,
        "slug": "q-vaca-oveja-curado-umami",
        "description": "Q. Vaca-Oveja Curado Umami 300 Gr",
        "image": "https:\/\/cdn-consum.aktiosdigitalservices.com\/tol\/consum\/media\/product\/img\/300x300\/7390748.jpg?t=20250227093946"
    },
    {
        "id": 28348,
        "name": "Ajos Tiernos Manojo ",
        "price": 2.59,
        "price_kilo": 12.95,
        "slug": "ajos-tiernos-manojo",
        "description": "Ajos Tiernos Manojo 200 Gr",
        "image": "https:\/\/cdn-consum.aktiosdigitalservices.com\/tol\/consum\/media\/product\/img\/300x300\/7390826.jpg?t=20250204081439"
    },
    {
        "id": 28356,
        "name": "Pincel Dual Cejas y Pesta\u00f1as MakeUp PONETTE",
        "price": 4.99,
        "price_kilo": 4.99,
        "slug": "pincel-dual-cejas-y-pestanas-makeup",
        "description": "Pincel Dual Cejas y Pesta\u00f1as MakeUp 1 U",
        "image": "https:\/\/cdn-consum.aktiosdigitalservices.com\/tol\/consum\/media\/product\/img\/300x300\/7391279.jpg?t=20250213080409"
    },
    {
        "id": 28359,
        "name": "Infusi\u00f3n Probi\u00f3ticos y Manzanilla POMPADOUR",
        "price": 2.99,
        "price_kilo": 0.2,
        "slug": "infusion-probioticos-y-manzanilla",
        "description": "Infusi\u00f3n Probi\u00f3ticos y Manzanilla 15 U",
        "image": "https:\/\/cdn-consum.aktiosdigitalservices.com\/tol\/consum\/media\/product\/img\/300x300\/7391386.jpg?t=20250311134501"
    },
    {
        "id": 28361,
        "name": "Infusi\u00f3n Probi\u00f3ticos y Jengibre POMPADOUR",
        "price": 2.99,
        "price_kilo": 0.2,
        "slug": "infusion-probioticos-y-jengibre",
        "description": "Infusi\u00f3n Probi\u00f3ticos y Jengibre 15 U",
        "image": "https:\/\/cdn-consum.aktiosdigitalservices.com\/tol\/consum\/media\/product\/img\/300x300\/7391407.jpg?t=20250311134503"
    },
    {
        "id": 28367,
        "name": "Mistela Selecci\u00f3n D.O. Valencia TURIS",
        "price": 3.6,
        "price_kilo": 4.8,
        "slug": "mistela-seleccion-do-valencia",
        "description": "Mistela Selecci\u00f3n D.O. Valencia 0,75 L",
        "image": "https:\/\/cdn-consum.aktiosdigitalservices.com\/tol\/consum\/media\/product\/img\/300x300\/7391618.jpg?t=20241217081229"
    },
    {
        "id": 28380,
        "name": "Crema de Vinagre Manzana CONSUM",
        "price": 2.5,
        "price_kilo": 10,
        "slug": "crema-de-vinagre-manzana",
        "description": "Crema de Vinagre Manzana 250 ml",
        "image": "https:\/\/cdn-consum.aktiosdigitalservices.com\/tol\/consum\/media\/product\/img\/300x300\/7366458.jpg?t=20241217081211"
    },
    {
        "id": 28382,
        "name": "D\u00e1til sin Hueso Doypack CONSUM",
        "price": 2.05,
        "price_kilo": 6.83,
        "slug": "datil-sin-hueso-doypack",
        "description": "D\u00e1til sin Hueso Doypack 300 Gr",
        "image": "https:\/\/cdn-consum.aktiosdigitalservices.com\/tol\/consum\/media\/product\/img\/300x300\/7381226.jpg?t=20250128080312"
    },
    {
        "id": 28391,
        "name": "Crema sin Aclarado 10 en 1 REVLON",
        "price": 4.99,
        "price_kilo": 2.5,
        "slug": "crema-sin-aclarado-10-en-1",
        "description": "Crema sin Aclarado 10 en 1 200 ml",
        "image": "https:\/\/cdn-consum.aktiosdigitalservices.com\/tol\/consum\/media\/product\/img\/300x300\/7389286.jpg?t=20250312160957"
    },
    {
        "id": 28410,
        "name": "Brocha Colorete MakeUp PONETTE",
        "price": 6.95,
        "price_kilo": 6.95,
        "slug": "brocha-colorete-makeup",
        "description": "Brocha Colorete MakeUp 1 U",
        "image": "https:\/\/cdn-consum.aktiosdigitalservices.com\/tol\/consum\/media\/product\/img\/300x300\/7391220.jpg?t=20250213080356"
    },
    {
        "id": 28411,
        "name": "Cocktail Frutos Secos Mix5 Bolsa MISTERCORN",
        "price": 1.95,
        "price_kilo": 12.19,
        "slug": "cocktail-frutos-secos-mix5-bolsa",
        "description": "Cocktail Frutos Secos Mix5 Bolsa 160 Gr",
        "image": "https:\/\/cdn-consum.aktiosdigitalservices.com\/tol\/consum\/media\/product\/img\/300x300\/7391287.jpg?t=20250313080919"
    },
    {
        "id": 28413,
        "name": "Ovillos de Madera Eco para Encendido OK FUEGO",
        "price": 3.99,
        "price_kilo": 0.17,
        "slug": "ovillos-de-madera-eco-para-encendido",
        "description": "Ovillos de Madera Eco para Encendido 24 U",
        "image": "https:\/\/cdn-consum.aktiosdigitalservices.com\/tol\/consum\/media\/product\/img\/300x300\/7391311.jpg?t=20250312092808"
    },
    {
        "id": 28414,
        "name": "Gel de Encendido 500 ml OK FUEGO",
        "price": 2.79,
        "price_kilo": 2.79,
        "slug": "gel-de-encendido-500-ml",
        "description": "Gel de Encendido 500 ml 1 U",
        "image": "https:\/\/cdn-consum.aktiosdigitalservices.com\/tol\/consum\/media\/product\/img\/300x300\/7391316.jpg?t=20241217081229"
    },
    {
        "id": 28419,
        "name": "Bomb\u00f3n Zebra Largo 3 Unidades DULCESOL",
        "price": 1,
        "price_kilo": 8.33,
        "slug": "bombon-zebra-largo-3-unidades",
        "description": "Bomb\u00f3n Zebra Largo 3 Unidades 120 Gr",
        "image": "https:\/\/cdn-consum.aktiosdigitalservices.com\/tol\/consum\/media\/product\/img\/300x300\/7391600.jpg?t=20250311111922"
    },
    {
        "id": 28425,
        "name": "Muesli Frutos Secos Crujiente CERID\u00c9S",
        "price": 2.49,
        "price_kilo": 4.98,
        "slug": "muesli-frutos-secos-crujiente",
        "description": "Muesli Frutos Secos Crujiente 500 Gr",
        "image": "https:\/\/cdn-consum.aktiosdigitalservices.com\/tol\/consum\/media\/product\/img\/300x300\/7391717.jpg?t=20250311111924"
    },
    {
        "id": 28431,
        "name": "Tarrito Manzana, Pera, Melocot\u00f3n y Pl\u00e1tano BE PLUS",
        "price": 1.99,
        "price_kilo": 4.98,
        "slug": "tarrito-manzana-pera-melocoton-y-platano",
        "description": "Tarrito Manzana, Pera, Melocot\u00f3n y Pl\u00e1tano 2 x 200 Gr",
        "image": "https:\/\/cdn-consum.aktiosdigitalservices.com\/tol\/consum\/media\/product\/img\/300x300\/7391790.jpg?t=20250311134506"
    },
    {
        "id": 28432,
        "name": "Yogolino Natillas Pack de 4 NESTLE",
        "price": 3.45,
        "price_kilo": 8.63,
        "slug": "yogolino-natillas-pack-de-4",
        "description": "Yogolino Natillas Pack de 4 4 x 100 Gr",
        "image": "https:\/\/cdn-consum.aktiosdigitalservices.com\/tol\/consum\/media\/product\/img\/300x300\/7391803.jpg?t=20250311111930"
    },
    {
        "id": 28433,
        "name": "Cacahuete Desgrasado en Polvo JUST LOADING",
        "price": 2.75,
        "price_kilo": 15.28,
        "slug": "cacahuete-desgrasado-en-polvo",
        "description": "Cacahuete Desgrasado en Polvo 180 Gr",
        "image": "https:\/\/cdn-consum.aktiosdigitalservices.com\/tol\/consum\/media\/product\/img\/300x300\/7391808.jpg?t=20250311134508"
    },
    {
        "id": 28434,
        "name": "Ambientador Ba\u00f1o Hierba Fresca AMBIPUR",
        "price": 3.99,
        "price_kilo": 3.99,
        "slug": "ambientador-bano-hierba-fresca",
        "description": "Ambientador Ba\u00f1o Hierba Fresca 1 U",
        "image": "https:\/\/cdn-consum.aktiosdigitalservices.com\/tol\/consum\/media\/product\/img\/300x300\/7391837.jpg?t=20241217081229"
    },
    {
        "id": 28441,
        "name": "Toallitas Fresh KYREY",
        "price": 1.19,
        "price_kilo": 0.05,
        "slug": "toallitas-fresh",
        "description": "Toallitas Fresh 24 U",
        "image": "https:\/\/cdn-consum.aktiosdigitalservices.com\/tol\/consum\/media\/product\/img\/300x300\/7380418.jpg?t=20241217081221"
    },
    {
        "id": 28443,
        "name": "Cocido Madrile\u00f1o Lata CONSUM",
        "price": 1.99,
        "price_kilo": 4.52,
        "slug": "cocido-madrileno-lata",
        "description": "Cocido Madrile\u00f1o Lata 440 Gr",
        "image": "https:\/\/cdn-consum.aktiosdigitalservices.com\/tol\/consum\/media\/product\/img\/300x300\/7384423.jpg?t=20241225075911"
    },
    {
        "id": 28444,
        "name": "Alubias con Chorizo Lata CONSUM",
        "price": 1.35,
        "price_kilo": 3.21,
        "slug": "alubias-con-chorizo-lata",
        "description": "Alubias con Chorizo Lata 420 Gr",
        "image": "https:\/\/cdn-consum.aktiosdigitalservices.com\/tol\/consum\/media\/product\/img\/300x300\/7384428.jpg?t=20241217081224"
    },
    {
        "id": 28445,
        "name": "Garbanzos con Chorizo Lata CONSUM",
        "price": 1.35,
        "price_kilo": 3.21,
        "slug": "garbanzos-con-chorizo-lata",
        "description": "Garbanzos con Chorizo Lata 420 Gr",
        "image": "https:\/\/cdn-consum.aktiosdigitalservices.com\/tol\/consum\/media\/product\/img\/300x300\/7384431.jpg?t=20241217081224"
    },
    {
        "id": 28453,
        "name": "Piccolinis congelados de Frankfurt BUITONI",
        "price": 4.25,
        "price_kilo": 15.74,
        "slug": "piccolinis-congelados-de-frankfurt",
        "description": "Piccolinis congelados de Frankfurt 270 Gr",
        "image": "https:\/\/cdn-consum.aktiosdigitalservices.com\/tol\/consum\/media\/product\/img\/300x300\/7391634.jpg?t=20250312125913"
    },
    {
        "id": 28455,
        "name": "Plantillas Sport Talla 35-42 ACHUCHONAS",
        "price": 6.39,
        "price_kilo": 6.39,
        "slug": "plantillas-sport-talla-35-42",
        "description": "Plantillas Sport Talla 35-42 1 U",
        "image": "https:\/\/cdn-consum.aktiosdigitalservices.com\/tol\/consum\/media\/product\/img\/300x300\/7391980.jpg?t=20241217081229"
    },
    {
        "id": 28457,
        "name": "Plantilla Delantera ACHUCHONAS",
        "price": 2.19,
        "price_kilo": 2.19,
        "slug": "plantilla-delantera",
        "description": "Plantilla Delantera 1 U",
        "image": "https:\/\/cdn-consum.aktiosdigitalservices.com\/tol\/consum\/media\/product\/img\/300x300\/7392009.jpg?t=20241217081229"
    },
    {
        "id": 28475,
        "name": "Perlas de Queso Rellenas de Frambuesa EL PASTOR",
        "price": 2.75,
        "price_kilo": 22,
        "slug": "perlas-de-queso-rellenas-de-frambuesa",
        "description": "Perlas de Queso Rellenas de Frambuesa 125 Gr",
        "image": "https:\/\/cdn-consum.aktiosdigitalservices.com\/tol\/consum\/media\/product\/img\/300x300\/7389096.jpg?t=20250206095138"
    },
    {
        "id": 28477,
        "name": "Empanado Vegetariano GARDEN GOURM",
        "price": 2.8,
        "price_kilo": 15.56,
        "slug": "empanado-vegetariano",
        "description": "Empanado Vegetariano 180 Gr",
        "image": "https:\/\/cdn-consum.aktiosdigitalservices.com\/tol\/consum\/media\/product\/img\/300x300\/7391472.jpg?t=20250227093956"
    },
    {
        "id": 28480,
        "name": "Licor Caf\u00e9 CANTEIRA N.",
        "price": 5.99,
        "price_kilo": 8.56,
        "slug": "licor-cafe",
        "description": "Licor Caf\u00e9 0,7 L",
        "image": "https:\/\/cdn-consum.aktiosdigitalservices.com\/tol\/consum\/media\/product\/img\/300x300\/7392038.jpg?t=20250312125917"
    },
    {
        "id": 28481,
        "name": "Pouch Crazy Fruits Tutti Frutti NESTLE",
        "price": 1,
        "price_kilo": 9.09,
        "slug": "pouch-crazy-fruits-tutti-frutti",
        "description": "Pouch Crazy Fruits Tutti Frutti 110 Gr",
        "image": "https:\/\/cdn-consum.aktiosdigitalservices.com\/tol\/consum\/media\/product\/img\/300x300\/7392103.jpg?t=20250311111938"
    },
    {
        "id": 28482,
        "name": "Pouch Yogolino Fresa y Manzana NESTLE",
        "price": 1.29,
        "price_kilo": 12.9,
        "slug": "pouch-yogolino-fresa-y-manzana",
        "description": "Pouch Yogolino Fresa y Manzana 100 Gr",
        "image": "https:\/\/cdn-consum.aktiosdigitalservices.com\/tol\/consum\/media\/product\/img\/300x300\/7392108.jpg?t=20250312125919"
    },
    {
        "id": 28488,
        "name": "Escarola Bolsa CONSUM",
        "price": 1.24,
        "price_kilo": 8.27,
        "slug": "escarola-bolsa",
        "description": "Escarola Bolsa 150 Gr",
        "image": "https:\/\/cdn-consum.aktiosdigitalservices.com\/tol\/consum\/media\/product\/img\/300x300\/7392322.jpg?t=20250121080704"
    },
    {
        "id": 28498,
        "name": "Sales de Ba\u00f1o Pure Energy IDC INSTITUT",
        "price": 1.99,
        "price_kilo": 5.69,
        "slug": "sales-de-bano-pure-energy",
        "description": "Sales de Ba\u00f1o Pure Energy 350 Gr",
        "image": "https:\/\/cdn-consum.aktiosdigitalservices.com\/tol\/consum\/media\/product\/img\/300x300\/7392090.jpg?t=20241217081229"
    },
    {
        "id": 28500,
        "name": "Body Milk Nutritiva LACTOVIT",
        "price": 3.85,
        "price_kilo": 0.96,
        "slug": "body-milk-nutritiva",
        "description": "Body Milk Nutritiva 400 ml",
        "image": "https:\/\/cdn-consum.aktiosdigitalservices.com\/tol\/consum\/media\/product\/img\/300x300\/7392269.jpg?t=20250227094006"
    },
    {
        "id": 28502,
        "name": "Tarta de Queso al Horno ",
        "price": 7.99,
        "price_kilo": 15.98,
        "slug": "tarta-de-queso-al-horno",
        "description": "Tarta de Queso al Horno 500 Gr",
        "image": "https:\/\/cdn-consum.aktiosdigitalservices.com\/tol\/consum\/media\/product\/img\/300x300\/7392629.jpg?t=20250109104442"
    },
    {
        "id": 28503,
        "name": "Rollo Cocina Compact FOXY",
        "price": 3.69,
        "price_kilo": 1.23,
        "slug": "rollo-cocina-compact",
        "description": "Rollo Cocina Compact 3 U",
        "image": "https:\/\/cdn-consum.aktiosdigitalservices.com\/tol\/consum\/media\/product\/img\/300x300\/7392723.jpg?t=20250227094015"
    },
    {
        "id": 28504,
        "name": "Espuma Extrafuerte KYREY",
        "price": 1.5,
        "price_kilo": 2,
        "slug": "espuma-extrafuerte",
        "description": "Espuma Extrafuerte 75 ml",
        "image": "https:\/\/cdn-consum.aktiosdigitalservices.com\/tol\/consum\/media\/product\/img\/300x300\/7358328.jpg?t=20241217081205"
    },
    {
        "id": 28505,
        "name": "Borla Maquillaje Polvos PONETTE",
        "price": 3.29,
        "price_kilo": 3.29,
        "slug": "borla-maquillaje-polvos",
        "description": "Borla Maquillaje Polvos 1 U",
        "image": "https:\/\/cdn-consum.aktiosdigitalservices.com\/tol\/consum\/media\/product\/img\/300x300\/7391147.jpg?t=20241217081228"
    },
    {
        "id": 28506,
        "name": "Ma\u00edz Frito Bolsa MISTERCORN",
        "price": 1.95,
        "price_kilo": 12.19,
        "slug": "maiz-frito-bolsa",
        "description": "Ma\u00edz Frito Bolsa 160 Gr",
        "image": "https:\/\/cdn-consum.aktiosdigitalservices.com\/tol\/consum\/media\/product\/img\/300x300\/7391282.jpg?t=20250227093951"
    },
    {
        "id": 28509,
        "name": "Cord\u00f3n Plano Blanco 120 cm ACHUCHONAS",
        "price": 1.25,
        "price_kilo": 1.25,
        "slug": "cordon-plano-blanco-120-cm",
        "description": "Cord\u00f3n Plano Blanco 120 cm 1 U",
        "image": "https:\/\/cdn-consum.aktiosdigitalservices.com\/tol\/consum\/media\/product\/img\/300x300\/7392012.jpg?t=20241217081229"
    },
    {
        "id": 28510,
        "name": "Cord\u00f3n Vestir Negro 75 cm ACHUCHONAS",
        "price": 1.25,
        "price_kilo": 1.25,
        "slug": "cordon-vestir-negro-75-cm",
        "description": "Cord\u00f3n Vestir Negro 75 cm 1 U",
        "image": "https:\/\/cdn-consum.aktiosdigitalservices.com\/tol\/consum\/media\/product\/img\/300x300\/7392017.jpg?t=20241217081229"
    },
    {
        "id": 28514,
        "name": "Pat\u00e9 Tapa Negra con Pedro Xim\u00e9nez LA PIARA",
        "price": 2.15,
        "price_kilo": 19.55,
        "slug": "pate-tapa-negra-con-pedro-ximenez",
        "description": "Pat\u00e9 Tapa Negra con Pedro Xim\u00e9nez 110 Gr",
        "image": "https:\/\/cdn-consum.aktiosdigitalservices.com\/tol\/consum\/media\/product\/img\/300x300\/7392215.jpg?t=20250312092808"
    },
    {
        "id": 28523,
        "name": "Pizza R\u00fastica Pepperoni Cheddar y Mozzarella RUSTICA",
        "price": 4.9,
        "price_kilo": 8.68,
        "slug": "pizza-rustica-pepperoni-cheddar-y-mozzarella",
        "description": "Pizza R\u00fastica Pepperoni Cheddar y Mozzarella 565 Gr",
        "image": "https:\/\/cdn-consum.aktiosdigitalservices.com\/tol\/consum\/media\/product\/img\/300x300\/7391985.jpg?t=20250227094002"
    },
    {
        "id": 28526,
        "name": "Desengrasante Pistola KH-7",
        "price": 3.7,
        "price_kilo": 4.74,
        "slug": "desengrasante-pistola",
        "description": "Desengrasante Pistola 780 ml",
        "image": "https:\/\/cdn-consum.aktiosdigitalservices.com\/tol\/consum\/media\/product\/img\/300x300\/7392710.jpg?t=20250312092813"
    },
    {
        "id": 28527,
        "name": "Desengrasante Recambio KH-7",
        "price": 3.19,
        "price_kilo": 4.09,
        "slug": "desengrasante-recambio",
        "description": "Desengrasante Recambio 780 ml",
        "image": "https:\/\/cdn-consum.aktiosdigitalservices.com\/tol\/consum\/media\/product\/img\/300x300\/7392715.jpg?t=20241217081231"
    },
    {
        "id": 28528,
        "name": "Comida H\u00fameda Gatos Gelantina Carne FELIX",
        "price": 1.99,
        "price_kilo": 5.85,
        "slug": "comida-humeda-gatos-gelantina-carne",
        "description": "Comida H\u00fameda Gatos Gelantina Carne 4 x 85 Gr",
        "image": "https:\/\/cdn-consum.aktiosdigitalservices.com\/tol\/consum\/media\/product\/img\/300x300\/7392798.jpg?t=20241217081231"
    },
    {
        "id": 28529,
        "name": "Comida H\u00fameda Gatos Gelatina Pescado FELIX",
        "price": 1.99,
        "price_kilo": 5.85,
        "slug": "comida-humeda-gatos-gelatina-pescado",
        "description": "Comida H\u00fameda Gatos Gelatina Pescado 4 x 85 Gr",
        "image": "https:\/\/cdn-consum.aktiosdigitalservices.com\/tol\/consum\/media\/product\/img\/300x300\/7392801.jpg?t=20241217081231"
    },
    {
        "id": 28530,
        "name": "Papilla 8 Cereales 0% Az\u00facar A\u00f1adido HERO BABY",
        "price": 3.9,
        "price_kilo": 9.51,
        "slug": "papilla-8-cereales-0-azucar-anadido",
        "description": "Papilla 8 Cereales 0% Az\u00facar A\u00f1adido 410 Gr",
        "image": "https:\/\/cdn-consum.aktiosdigitalservices.com\/tol\/consum\/media\/product\/img\/300x300\/7392848.jpg?t=20250311111948"
    },
    {
        "id": 28531,
        "name": "Papilla 8 Cereales y Miel 0% Az\u00facares Producidos HERO BABY",
        "price": 3.9,
        "price_kilo": 9.51,
        "slug": "papilla-8-cereales-y-miel-0-azucares-producidos",
        "description": "Papilla 8 Cereales y Miel 0% Az\u00facares Producidos 410 Gr",
        "image": "https:\/\/cdn-consum.aktiosdigitalservices.com\/tol\/consum\/media\/product\/img\/300x300\/7392850.jpg?t=20250311134524"
    },
    {
        "id": 28532,
        "name": "Comida Gatos H\u00fameda Fantastic Carne FELIX",
        "price": 7.35,
        "price_kilo": 7.21,
        "slug": "comida-gatos-humeda-fantastic-carne",
        "description": "Comida Gatos H\u00fameda Fantastic Carne 12 x 85 Gr",
        "image": "https:\/\/cdn-consum.aktiosdigitalservices.com\/tol\/consum\/media\/product\/img\/300x300\/7393127.jpg?t=20250227094021"
    },
    {
        "id": 28533,
        "name": "Hueso Natural Jam\u00f3n Femur para perros MISTER ZOO",
        "price": 1.49,
        "price_kilo": 1.49,
        "slug": "hueso-natural-jamon-femur-para-perros",
        "description": "Hueso Natural Jam\u00f3n Femur 1 U para perros",
        "image": "https:\/\/cdn-consum.aktiosdigitalservices.com\/tol\/consum\/media\/product\/img\/300x300\/7324291.jpg?t=20250203080054"
    },
    {
        "id": 28534,
        "name": "Detergente L\u00edquido DIXAN",
        "price": 11.79,
        "price_kilo": 0.21,
        "slug": "detergente-liquido",
        "description": "Detergente L\u00edquido 55 Lv",
        "image": "https:\/\/cdn-consum.aktiosdigitalservices.com\/tol\/consum\/media\/product\/img\/300x300\/7392046.jpg?t=20250312092808"
    },
    {
        "id": 28539,
        "name": "Comida Seca Perros Mini Sensible Salm\u00f3n ULTIMA",
        "price": 8.99,
        "price_kilo": 5.99,
        "slug": "comida-seca-perros-mini-sensible-salmon",
        "description": "Comida Seca Perros Mini Sensible Salm\u00f3n 1,5 Kg",
        "image": "https:\/\/cdn-consum.aktiosdigitalservices.com\/tol\/consum\/media\/product\/img\/300x300\/7392702.jpg?t=20250313080920"
    },
    {
        "id": 28540,
        "name": "Zumo Tropical con Kale Refrigerado FRUTAE",
        "price": 2.25,
        "price_kilo": 3,
        "slug": "zumo-tropical-con-kale-refrigerado",
        "description": "Zumo Tropical con Kale Refrigerado 750 ml",
        "image": "https:\/\/cdn-consum.aktiosdigitalservices.com\/tol\/consum\/media\/product\/img\/300x300\/7392751.jpg?t=20250314121644"
    },
    {
        "id": 28542,
        "name": "Herm\u00e9tico Rectangular 370 ml Expert SAN IGNACIO",
        "price": 4.49,
        "price_kilo": 4.49,
        "slug": "hermetico-rectangular-370-ml-expert",
        "description": "Herm\u00e9tico Rectangular 370 ml Expert 1 U",
        "image": "https:\/\/cdn-consum.aktiosdigitalservices.com\/tol\/consum\/media\/product\/img\/300x300\/7392897.jpg?t=20250318080955"
    },
    {
        "id": 28543,
        "name": "Salm\u00f3n con Pasta Finas Hierbas congelado NOS",
        "price": 3.99,
        "price_kilo": 13.3,
        "slug": "salmon-con-pasta-finas-hierbas-congelado",
        "description": "Salm\u00f3n con Pasta Finas Hierbas congelado 300 Gr",
        "image": "https:\/\/cdn-consum.aktiosdigitalservices.com\/tol\/consum\/media\/product\/img\/300x300\/7393098.jpg?t=20250321075950"
    },
    {
        "id": 28544,
        "name": "Gamb\u00f3n\/Langostino Teriyaki NOS",
        "price": 3.99,
        "price_kilo": 13.3,
        "slug": "gambon-langostino-teriyaki",
        "description": "Gamb\u00f3n\/Langostino Teriyaki 300 Gr",
        "image": "https:\/\/cdn-consum.aktiosdigitalservices.com\/tol\/consum\/media\/product\/img\/300x300\/7393101.jpg?t=20241220080203"
    },
    {
        "id": 28546,
        "name": "Alb\u00f3ndigas con Patatas a lo Provenzal DELINATUR",
        "price": 3.29,
        "price_kilo": 10.97,
        "slug": "albondigas-con-patatas-a-lo-provenzal",
        "description": "Alb\u00f3ndigas con Patatas a lo Provenzal 300 Gr",
        "image": "https:\/\/cdn-consum.aktiosdigitalservices.com\/tol\/consum\/media\/product\/img\/300x300\/7393130.jpg?t=20241217081231"
    },
    {
        "id": 28554,
        "name": "Acondicionador Hialur\u00f3nico ELVIVE",
        "price": 3.35,
        "price_kilo": 1.12,
        "slug": "acondicionador-hialuronico",
        "description": "Acondicionador Hialur\u00f3nico 300 ml",
        "image": "https:\/\/cdn-consum.aktiosdigitalservices.com\/tol\/consum\/media\/product\/img\/300x300\/7392454.jpg?t=20250312161006"
    },
    {
        "id": 28555,
        "name": "Champ\u00fa Hialur\u00f3nico ELVIVE",
        "price": 3.8,
        "price_kilo": 0.95,
        "slug": "champu-hialuronico",
        "description": "Champ\u00fa Hialur\u00f3nico 400 ml",
        "image": "https:\/\/cdn-consum.aktiosdigitalservices.com\/tol\/consum\/media\/product\/img\/300x300\/7392467.jpg?t=20250312161008"
    },
    {
        "id": 28556,
        "name": "Mascarilla Hialur\u00f3nico ELVIVE",
        "price": 3.6,
        "price_kilo": 1.16,
        "slug": "mascarilla-hialuronico",
        "description": "Mascarilla Hialur\u00f3nico 310 ml",
        "image": "https:\/\/cdn-consum.aktiosdigitalservices.com\/tol\/consum\/media\/product\/img\/300x300\/7392483.jpg?t=20250312161011"
    },
    {
        "id": 28560,
        "name": "Queso de Cabra 100% Estilo Griego S\u00c8NA",
        "price": 1.89,
        "price_kilo": 12.6,
        "slug": "queso-de-cabra-100-estilo-griego",
        "description": "Queso de Cabra 100% Estilo Griego 150 Gr",
        "image": "https:\/\/cdn-consum.aktiosdigitalservices.com\/tol\/consum\/media\/product\/img\/300x300\/7393080.jpg?t=20250227094020"
    },
    {
        "id": 28561,
        "name": "Salsa Guacamole Frasco OLD EL PASO",
        "price": 3.39,
        "price_kilo": 10.59,
        "slug": "salsa-guacamole-frasco",
        "description": "Salsa Guacamole Frasco 320 Gr",
        "image": "https:\/\/cdn-consum.aktiosdigitalservices.com\/tol\/consum\/media\/product\/img\/300x300\/7393283.jpg?t=20250311134526"
    },
    {
        "id": 28562,
        "name": "Salsa de Queso Frasco OLD EL PASO",
        "price": 3.59,
        "price_kilo": 11.22,
        "slug": "salsa-de-queso-frasco",
        "description": "Salsa de Queso Frasco 320 Gr",
        "image": "https:\/\/cdn-consum.aktiosdigitalservices.com\/tol\/consum\/media\/product\/img\/300x300\/7393288.jpg?t=20250311134529"
    },
    {
        "id": 28563,
        "name": "Salsa Mejicana Frasco OLD EL PASO",
        "price": 3.39,
        "price_kilo": 10.87,
        "slug": "salsa-mejicana-frasco",
        "description": "Salsa Mejicana Frasco 312 Gr",
        "image": "https:\/\/cdn-consum.aktiosdigitalservices.com\/tol\/consum\/media\/product\/img\/300x300\/7393296.jpg?t=20250318080523"
    },
    {
        "id": 28566,
        "name": "Champ\u00fa Keratina TRESEMME",
        "price": 5.99,
        "price_kilo": 0.87,
        "slug": "champu-keratina",
        "description": "Champ\u00fa Keratina 685 ml",
        "image": "https:\/\/cdn-consum.aktiosdigitalservices.com\/tol\/consum\/media\/product\/img\/300x300\/7393437.jpg?t=20250312161013"
    },
    {
        "id": 28567,
        "name": "Acondicionador Keratina TRESEMME",
        "price": 5.99,
        "price_kilo": 0.87,
        "slug": "acondicionador-keratina",
        "description": "Acondicionador Keratina 685 ml",
        "image": "https:\/\/cdn-consum.aktiosdigitalservices.com\/tol\/consum\/media\/product\/img\/300x300\/7393440.jpg?t=20250312161015"
    },
    {
        "id": 28579,
        "name": "Comida Seca Perro Salm\u00f3n Fresco VITALITY",
        "price": 23.5,
        "price_kilo": 2.35,
        "slug": "comida-seca-perro-salmon-fresco",
        "description": "Comida Seca Perro Salm\u00f3n Fresco 10 Kg",
        "image": "https:\/\/cdn-consum.aktiosdigitalservices.com\/tol\/consum\/media\/product\/img\/300x300\/7363307.jpg?t=20241217081208"
    },
    {
        "id": 28580,
        "name": "Comida Seca Perro Mini Salm\u00f3n Fresco VITALITY",
        "price": 5.39,
        "price_kilo": 2.7,
        "slug": "comida-seca-perro-mini-salmon-fresco",
        "description": "Comida Seca Perro Mini Salm\u00f3n Fresco 2 Kg",
        "image": "https:\/\/cdn-consum.aktiosdigitalservices.com\/tol\/consum\/media\/product\/img\/300x300\/7363315.jpg?t=20241217081208"
    },
    {
        "id": 28581,
        "name": "Comida Seca Perro Razas Peque\u00f1as Cordero VITALITY",
        "price": 3.85,
        "price_kilo": 1.93,
        "slug": "comida-seca-perro-razas-pequenas-cordero",
        "description": "Comida Seca Perro Razas Peque\u00f1as Cordero 2 Kg",
        "image": "https:\/\/cdn-consum.aktiosdigitalservices.com\/tol\/consum\/media\/product\/img\/300x300\/7373140.jpg?t=20250304115739"
    },
    {
        "id": 28582,
        "name": "Galleta con Tableta de Chocolate con Leche CONSUM",
        "price": 1.4,
        "price_kilo": 9.33,
        "slug": "galleta-con-tableta-de-chocolate-con-leche",
        "description": "Galleta con Tableta de Chocolate con Leche 150 Gr",
        "image": "https:\/\/cdn-consum.aktiosdigitalservices.com\/tol\/consum\/media\/product\/img\/300x300\/7383172.jpg?t=20250311134440"
    },
    {
        "id": 28602,
        "name": "Plantillas Minigel ACHUCHONAS",
        "price": 2.99,
        "price_kilo": 2.99,
        "slug": "plantillas-minigel",
        "description": "Plantillas Minigel 1 U",
        "image": "https:\/\/cdn-consum.aktiosdigitalservices.com\/tol\/consum\/media\/product\/img\/300x300\/7392004.jpg?t=20241217081229"
    },
    {
        "id": 28610,
        "name": "Crema Whisky ALEMBIC",
        "price": 5.85,
        "price_kilo": 8.36,
        "slug": "crema-whisky",
        "description": "Crema Whisky 0,7 L",
        "image": "https:\/\/cdn-consum.aktiosdigitalservices.com\/tol\/consum\/media\/product\/img\/300x300\/7393387.jpg?t=20250218080953"
    },
    {
        "id": 28612,
        "name": "Hojaldres de Astorga Bandeja 8 Unidades DULMA",
        "price": 1.75,
        "price_kilo": 7.29,
        "slug": "hojaldres-de-astorga-bandeja-8-unidades",
        "description": "Hojaldres de Astorga Bandeja 8 Unidades 240 Gr",
        "image": "https:\/\/cdn-consum.aktiosdigitalservices.com\/tol\/consum\/media\/product\/img\/300x300\/7393742.jpg?t=20250311111956"
    },
    {
        "id": 28613,
        "name": "Gomas Surtidas Brillo Veganas DAMEL",
        "price": 1,
        "price_kilo": 9.09,
        "slug": "gomas-surtidas-brillo-veganas",
        "description": "Gomas Surtidas Brillo Veganas 110 Gr",
        "image": "https:\/\/cdn-consum.aktiosdigitalservices.com\/tol\/consum\/media\/product\/img\/300x300\/7393838.jpg?t=20250311125138"
    },
    {
        "id": 28615,
        "name": "Removedor Reutilizable, Ma\u00edz BETIK",
        "price": 1.19,
        "price_kilo": 0.02,
        "slug": "removedor-reutilizable-maiz",
        "description": "Removedor Reutilizable, Ma\u00edz 50 U",
        "image": "https:\/\/cdn-consum.aktiosdigitalservices.com\/tol\/consum\/media\/product\/img\/300x300\/7393952.jpg?t=20241217081232"
    },
    {
        "id": 28654,
        "name": "Alb\u00f3ndigas de Pollo CONSUM",
        "price": 3.19,
        "price_kilo": 9.11,
        "slug": "albondigas-de-pollo",
        "description": "Alb\u00f3ndigas de Pollo 350 Gr",
        "image": "https:\/\/cdn-consum.aktiosdigitalservices.com\/tol\/consum\/media\/product\/img\/300x300\/7388007.jpg?t=20241217081226"
    },
    {
        "id": 28655,
        "name": "Limpiador Cesta WC S\u00f3lido Eucalipto CONSUM",
        "price": 1.3,
        "price_kilo": 0.65,
        "slug": "limpiador-cesta-wc-solido-eucalipto",
        "description": "Limpiador Cesta WC S\u00f3lido Eucalipto 2 U",
        "image": "https:\/\/cdn-consum.aktiosdigitalservices.com\/tol\/consum\/media\/product\/img\/300x300\/7389328.jpg?t=20241217081227"
    },
    {
        "id": 28656,
        "name": "Esponja Maquillaje L\u00e1tex PONETTE",
        "price": 1.49,
        "price_kilo": 0.75,
        "slug": "esponja-maquillaje-latex",
        "description": "Esponja Maquillaje L\u00e1tex 2 U",
        "image": "https:\/\/cdn-consum.aktiosdigitalservices.com\/tol\/consum\/media\/product\/img\/300x300\/7391167.jpg?t=20241217081228"
    },
    {
        "id": 28660,
        "name": "Pinza Pl\u00e1stico 24 Unidades TARRES",
        "price": 0.69,
        "price_kilo": 0.69,
        "slug": "pinza-plastico-24-unidades",
        "description": "Pinza Pl\u00e1stico 24 Unidades 1 U",
        "image": "https:\/\/cdn-consum.aktiosdigitalservices.com\/tol\/consum\/media\/product\/img\/300x300\/7392496.jpg?t=20241217081231"
    },
    {
        "id": 28667,
        "name": "Jarabe de Arce MAPLE JOE",
        "price": 4.49,
        "price_kilo": 29.93,
        "slug": "jarabe-de-arce",
        "description": "Jarabe de Arce 150 Gr",
        "image": "https:\/\/cdn-consum.aktiosdigitalservices.com\/tol\/consum\/media\/product\/img\/300x300\/7393726.jpg?t=20250311111953"
    },
    {
        "id": 28669,
        "name": "Patatas Fritas Lisas Gourmet Bolsa LAY'S",
        "price": 2.79,
        "price_kilo": 16.41,
        "slug": "patatas-fritas-lisas-gourmet-bolsa",
        "description": "Patatas Fritas Lisas Gourmet Bolsa 170 Gr",
        "image": "https:\/\/cdn-consum.aktiosdigitalservices.com\/tol\/consum\/media\/product\/img\/300x300\/7394260.jpg?t=20250228080533"
    },
    {
        "id": 28670,
        "name": "Gel Avena Reparador KINESIA",
        "price": 3.05,
        "price_kilo": 0.41,
        "slug": "gel-avena-reparador",
        "description": "Gel Avena Reparador 750 ml",
        "image": "https:\/\/cdn-consum.aktiosdigitalservices.com\/tol\/consum\/media\/product\/img\/300x300\/7394265.jpg?t=20250206095319"
    },
    {
        "id": 28671,
        "name": "Gel Avena Atopic KINESIA",
        "price": 3.05,
        "price_kilo": 0.41,
        "slug": "gel-avena-atopic",
        "description": "Gel Avena Atopic 750 ml",
        "image": "https:\/\/cdn-consum.aktiosdigitalservices.com\/tol\/consum\/media\/product\/img\/300x300\/7394278.jpg?t=20250312092816"
    },
    {
        "id": 28673,
        "name": "Patatas Fritas Onduladas Yorqueso Bolsa RUFFLES",
        "price": 1.99,
        "price_kilo": 13.27,
        "slug": "patatas-fritas-onduladas-yorqueso-bolsa",
        "description": "Patatas Fritas Onduladas Yorqueso Bolsa 150 Gr",
        "image": "https:\/\/cdn-consum.aktiosdigitalservices.com\/tol\/consum\/media\/product\/img\/300x300\/7394328.jpg?t=20250304113646"
    },
    {
        "id": 28676,
        "name": "Burger con Secreto de Cerdo ROLER",
        "price": 2.95,
        "price_kilo": 12.29,
        "slug": "burger-con-secreto-de-cerdo",
        "description": "Burger con Secreto de Cerdo 240 Gr",
        "image": "https:\/\/cdn-consum.aktiosdigitalservices.com\/tol\/consum\/media\/product\/img\/300x300\/7394443.jpg?t=20241217081232"
    },
    {
        "id": 28677,
        "name": "Cal\u00e7ots Manojo ",
        "price": 4.99,
        "price_kilo": 0.2,
        "slug": "calcots-manojo",
        "description": "Cal\u00e7ots Manojo 25 U - S\u00f3lo disponible viernes y s\u00e1bado",
        "image": "https:\/\/cdn-consum.aktiosdigitalservices.com\/tol\/consum\/media\/product\/img\/300x300\/7394497.jpg?t=20250318080955"
    },
    {
        "id": 28678,
        "name": "Comida Gato Fantastic Pescado FELIX",
        "price": 2.65,
        "price_kilo": 7.79,
        "slug": "comida-gato-fantastic-pescado",
        "description": "Comida Gato Fantastic Pescado 4 x 85 Gr",
        "image": "https:\/\/cdn-consum.aktiosdigitalservices.com\/tol\/consum\/media\/product\/img\/300x300\/7394513.jpg?t=20250227094037"
    },
    {
        "id": 28679,
        "name": "Comida Gato Gelatina Sensations Carne FELIX",
        "price": 2.75,
        "price_kilo": 8.09,
        "slug": "comida-gato-gelatina-sensations-carne",
        "description": "Comida Gato Gelatina Sensations Carne 4 x 85 Gr",
        "image": "https:\/\/cdn-consum.aktiosdigitalservices.com\/tol\/consum\/media\/product\/img\/300x300\/7394518.jpg?t=20250227094038"
    },
    {
        "id": 28680,
        "name": "Trigo Integral Miel ESGIR",
        "price": 2.25,
        "price_kilo": 6,
        "slug": "trigo-integral-miel",
        "description": "Trigo Integral Miel 375 Gr",
        "image": "https:\/\/cdn-consum.aktiosdigitalservices.com\/tol\/consum\/media\/product\/img\/300x300\/7394521.jpg?t=20250311112001"
    },
    {
        "id": 28681,
        "name": "Copos Avena Integral sin Gluten ESGIR",
        "price": 1.99,
        "price_kilo": 4.43,
        "slug": "copos-avena-integral-sin-gluten",
        "description": "Copos Avena Integral sin Gluten 450 Gr",
        "image": "https:\/\/cdn-consum.aktiosdigitalservices.com\/tol\/consum\/media\/product\/img\/300x300\/7394526.jpg?t=20250311134534"
    },
    {
        "id": 28684,
        "name": "100% Real Whey Protein Cookies and Cream PROZIS",
        "price": 15.99,
        "price_kilo": 39.98,
        "slug": "100-real-whey-protein-cookies-and-cream",
        "description": "100% Real Whey Protein Cookies and Cream 400 Gr",
        "image": "https:\/\/cdn-consum.aktiosdigitalservices.com\/tol\/consum\/media\/product\/img\/300x300\/7394559.jpg?t=20250313080922"
    },
    {
        "id": 28687,
        "name": "Rosquilla de Huevo ",
        "price": 1.89,
        "price_kilo": 9.45,
        "slug": "rosquilla-de-huevo",
        "description": "Rosquilla de Huevo 200 Gr",
        "image": "https:\/\/cdn-consum.aktiosdigitalservices.com\/tol\/consum\/media\/product\/img\/300x300\/7394880.jpg?t=20250225080149"
    },
    {
        "id": 28688,
        "name": "Ma\u00edz Dulce 2 Piezas Bandeja HUERCASA",
        "price": 1.59,
        "price_kilo": 3.53,
        "slug": "maiz-dulce-2-piezas-bandeja",
        "description": "Ma\u00edz Dulce 2 Piezas Bandeja 450 Gr",
        "image": "https:\/\/cdn-consum.aktiosdigitalservices.com\/tol\/consum\/media\/product\/img\/300x300\/7394922.jpg?t=20250127075935"
    },
    {
        "id": 28689,
        "name": "Alubias a la Jardinera Bote CONSUM",
        "price": 1.2,
        "price_kilo": 2.79,
        "slug": "alubias-a-la-jardinera-bote",
        "description": "Alubias a la Jardinera Bote 430 Gr",
        "image": "https:\/\/cdn-consum.aktiosdigitalservices.com\/tol\/consum\/media\/product\/img\/300x300\/7385164.jpg?t=20241225075912"
    },
    {
        "id": 28690,
        "name": "Garbanzos a la Jardinera Bote CONSUM",
        "price": 1.25,
        "price_kilo": 2.84,
        "slug": "garbanzos-a-la-jardinera-bote",
        "description": "Garbanzos a la Jardinera Bote 440 Gr",
        "image": "https:\/\/cdn-consum.aktiosdigitalservices.com\/tol\/consum\/media\/product\/img\/300x300\/7385169.jpg?t=20241225075914"
    },
    {
        "id": 28691,
        "name": "Lentejas a la Jardinera Bote CONSUM",
        "price": 1.22,
        "price_kilo": 2.84,
        "slug": "lentejas-a-la-jardinera-bote",
        "description": "Lentejas a la Jardinera Bote 430 Gr",
        "image": "https:\/\/cdn-consum.aktiosdigitalservices.com\/tol\/consum\/media\/product\/img\/300x300\/7385172.jpg?t=20241225075916"
    },
    {
        "id": 28693,
        "name": "Spray Fijador Maquillaje Acabado Mate GIO GIOVANNI",
        "price": 4.99,
        "price_kilo": 6.24,
        "slug": "spray-fijador-maquillaje-acabado-mate",
        "description": "Spray Fijador Maquillaje Acabado Mate 80 ml",
        "image": "https:\/\/cdn-consum.aktiosdigitalservices.com\/tol\/consum\/media\/product\/img\/300x300\/7387764.jpg?t=20250128080620"
    },
    {
        "id": 28709,
        "name": "Mascarilla Suave y Liso PANTENE",
        "price": 4.25,
        "price_kilo": 1.42,
        "slug": "mascarilla-suave-y-liso",
        "description": "Mascarilla Suave y Liso 300 ml",
        "image": "https:\/\/cdn-consum.aktiosdigitalservices.com\/tol\/consum\/media\/product\/img\/300x300\/7393408.jpg?t=20241217081231"
    },
    {
        "id": 28710,
        "name": "Mascarilla Repara y Protege PANTENE",
        "price": 4.25,
        "price_kilo": 1.42,
        "slug": "mascarilla-repara-y-protege",
        "description": "Mascarilla Repara y Protege 300 ml",
        "image": "https:\/\/cdn-consum.aktiosdigitalservices.com\/tol\/consum\/media\/product\/img\/300x300\/7393411.jpg?t=20250214075958"
    },
    {
        "id": 28712,
        "name": "Toallita Higi\u00e9nica Beb\u00e9 Biodegradable BABY CREAM",
        "price": 1.39,
        "price_kilo": 0.03,
        "slug": "toallita-higienica-bebe-biodegradable",
        "description": "Toallita Higi\u00e9nica Beb\u00e9 Biodegradable 60 U",
        "image": "https:\/\/cdn-consum.aktiosdigitalservices.com\/tol\/consum\/media\/product\/img\/300x300\/7394427.jpg?t=20250312161023"
    },
    {
        "id": 28715,
        "name": "Dent\u00edfrico Max White Carb\u00f3n COLGATE",
        "price": 3.29,
        "price_kilo": 4.39,
        "slug": "dentifrico-max-white-carbon",
        "description": "Dent\u00edfrico Max White Carb\u00f3n 75 ml",
        "image": "https:\/\/cdn-consum.aktiosdigitalservices.com\/tol\/consum\/media\/product\/img\/300x300\/7394661.jpg?t=20250312161025"
    },
    {
        "id": 28717,
        "name": "Limpiador Mutiusos Cal y Suciedad CILLIT BANG",
        "price": 3.9,
        "price_kilo": 3.9,
        "slug": "limpiador-mutiusos-cal-y-suciedad",
        "description": "Limpiador Mutiusos Cal y Suciedad 1 L",
        "image": "https:\/\/cdn-consum.aktiosdigitalservices.com\/tol\/consum\/media\/product\/img\/300x300\/7394893.jpg?t=20241217081232"
    },
    {
        "id": 28718,
        "name": "Patatas Campesinas Bolsa LAY'S",
        "price": 1.99,
        "price_kilo": 13.27,
        "slug": "patatas-campesinas-bolsa",
        "description": "Patatas Campesinas Bolsa 150 Gr",
        "image": "https:\/\/cdn-consum.aktiosdigitalservices.com\/tol\/consum\/media\/product\/img\/300x300\/7394950.jpg?t=20250220080908"
    },
    {
        "id": 28719,
        "name": "Patatas Vinagreta Bolsa LAY'S",
        "price": 1.99,
        "price_kilo": 13.27,
        "slug": "patatas-vinagreta-bolsa",
        "description": "Patatas Vinagreta Bolsa 150 Gr",
        "image": "https:\/\/cdn-consum.aktiosdigitalservices.com\/tol\/consum\/media\/product\/img\/300x300\/7394963.jpg?t=20250304113702"
    },
    {
        "id": 28720,
        "name": "Chocolate Blanco con Galleta JUNGLY",
        "price": 1.69,
        "price_kilo": 13.52,
        "slug": "chocolate-blanco-con-galleta",
        "description": "Chocolate Blanco con Galleta 125 Gr",
        "image": "https:\/\/cdn-consum.aktiosdigitalservices.com\/tol\/consum\/media\/product\/img\/300x300\/7395242.jpg?t=20250318080531"
    },
    {
        "id": 28728,
        "name": "Compresa Maxi Discreet AUSONIA",
        "price": 8.29,
        "price_kilo": 0.52,
        "slug": "compresa-maxi-discreet",
        "description": "Compresa Maxi Discreet 16 U",
        "image": "https:\/\/cdn-consum.aktiosdigitalservices.com\/tol\/consum\/media\/product\/img\/300x300\/7393325.jpg?t=20241217081231"
    },
    {
        "id": 28730,
        "name": "Coulant de Chocolate MAISON",
        "price": 2.99,
        "price_kilo": 16.61,
        "slug": "coulant-de-chocolate",
        "description": "Coulant de Chocolate 2 x 90 Gr",
        "image": "https:\/\/cdn-consum.aktiosdigitalservices.com\/tol\/consum\/media\/product\/img\/300x300\/7394141.jpg?t=20250314121646"
    },
    {
        "id": 28733,
        "name": "Compresas sin Alas Normal Fina y Segura EVAX",
        "price": 2.39,
        "price_kilo": 0.1,
        "slug": "compresas-sin-alas-normal-fina-y-segura",
        "description": "Compresas sin Alas Normal Fina y Segura 24 U",
        "image": "https:\/\/cdn-consum.aktiosdigitalservices.com\/tol\/consum\/media\/product\/img\/300x300\/7394505.jpg?t=20241217081232"
    },
    {
        "id": 28735,
        "name": "Trozos de Bacalao Especial Guisos ANGOMAR",
        "price": 4.55,
        "price_kilo": 11.38,
        "slug": "trozos-de-bacalao-especial-guisos",
        "description": "Trozos de Bacalao Especial Guisos 400 Gr",
        "image": "https:\/\/cdn-consum.aktiosdigitalservices.com\/tol\/consum\/media\/product\/img\/300x300\/7394588.jpg?t=20241217081232"
    },
    {
        "id": 28741,
        "name": "Croquetas de Cocido ALDELIS",
        "price": 2.15,
        "price_kilo": 11.32,
        "slug": "croquetas-de-cocido",
        "description": "Croquetas de Cocido 190 Gr",
        "image": "https:\/\/cdn-consum.aktiosdigitalservices.com\/tol\/consum\/media\/product\/img\/300x300\/7394729.jpg?t=20250204081455"
    },
    {
        "id": 28742,
        "name": "Croquetas de Ib\u00e9rico ALDELIS",
        "price": 2.15,
        "price_kilo": 11.32,
        "slug": "croquetas-de-iberico",
        "description": "Croquetas de Ib\u00e9rico 190 Gr",
        "image": "https:\/\/cdn-consum.aktiosdigitalservices.com\/tol\/consum\/media\/product\/img\/300x300\/7394732.jpg?t=20250204081457"
    },
    {
        "id": 28749,
        "name": "Vermut Artesano Selecci\u00f3n VIDAL",
        "price": 3.6,
        "price_kilo": 3.6,
        "slug": "vermut-artesano-seleccion",
        "description": "Vermut Artesano Selecci\u00f3n 1 L",
        "image": "https:\/\/cdn-consum.aktiosdigitalservices.com\/tol\/consum\/media\/product\/img\/300x300\/7395155.jpg?t=20241217081232"
    },
    {
        "id": 28754,
        "name": "Laca U\u00f1as Ultra HDSnap Think Pink REVLON",
        "price": 6.29,
        "price_kilo": 6.29,
        "slug": "laca-unas-ultra-hdsnap-think-pink",
        "description": "Laca U\u00f1as Ultra HDSnap Think Pink 1 U",
        "image": "https:\/\/cdn-consum.aktiosdigitalservices.com\/tol\/consum\/media\/product\/img\/300x300\/7395213.jpg?t=20250312125937"
    },
    {
        "id": 28755,
        "name": "Laca U\u00f1as Ultra HDSnap Rule the World REVLON",
        "price": 6.29,
        "price_kilo": 6.29,
        "slug": "laca-unas-ultra-hdsnap-rule-the-world",
        "description": "Laca U\u00f1as Ultra HDSnap Rule the World 1 U",
        "image": "https:\/\/cdn-consum.aktiosdigitalservices.com\/tol\/consum\/media\/product\/img\/300x300\/7395218.jpg?t=20250312125939"
    },
    {
        "id": 28756,
        "name": "Laca U\u00f1as Ultra HDSnap Berry Blissed REVLON",
        "price": 6.29,
        "price_kilo": 6.29,
        "slug": "laca-unas-ultra-hdsnap-berry-blissed",
        "description": "Laca U\u00f1as Ultra HDSnap Berry Blissed 1 U",
        "image": "https:\/\/cdn-consum.aktiosdigitalservices.com\/tol\/consum\/media\/product\/img\/300x300\/7395221.jpg?t=20250312125941"
    },
    {
        "id": 28757,
        "name": "Laca U\u00f1as Ultra HDSnap Cherry on Top REVLON",
        "price": 6.29,
        "price_kilo": 6.29,
        "slug": "laca-unas-ultra-hdsnap-cherry-on-top",
        "description": "Laca U\u00f1as Ultra HDSnap Cherry on Top 1 U",
        "image": "https:\/\/cdn-consum.aktiosdigitalservices.com\/tol\/consum\/media\/product\/img\/300x300\/7395226.jpg?t=20250312125943"
    },
    {
        "id": 28758,
        "name": "Laca U\u00f1as Ultra HDSnap She's on Fire REVLON",
        "price": 6.29,
        "price_kilo": 6.29,
        "slug": "laca-unas-ultra-hdsnap-shes-on-fire",
        "description": "Laca U\u00f1as Ultra HDSnap She's on Fire 1 U",
        "image": "https:\/\/cdn-consum.aktiosdigitalservices.com\/tol\/consum\/media\/product\/img\/300x300\/7395234.jpg?t=20250312125946"
    },
    {
        "id": 28759,
        "name": "Ambientador Aerosol Ropa Limpia SPLASH",
        "price": 1.3,
        "price_kilo": 0.43,
        "slug": "ambientador-aerosol-ropa-limpia",
        "description": "Ambientador Aerosol Ropa Limpia 300 ml",
        "image": "https:\/\/cdn-consum.aktiosdigitalservices.com\/tol\/consum\/media\/product\/img\/300x300\/7395247.jpg?t=20241217081233"
    },
    {
        "id": 28760,
        "name": "Ambientador Aerosol Fantas\u00eda SPLASH",
        "price": 1.3,
        "price_kilo": 0.43,
        "slug": "ambientador-aerosol-fantasia",
        "description": "Ambientador Aerosol Fantas\u00eda 300 ml",
        "image": "https:\/\/cdn-consum.aktiosdigitalservices.com\/tol\/consum\/media\/product\/img\/300x300\/7395254.jpg?t=20241217081233"
    },
    {
        "id": 28761,
        "name": "Ambientador Aerosol Colonia SPLASH",
        "price": 1.3,
        "price_kilo": 0.43,
        "slug": "ambientador-aerosol-colonia",
        "description": "Ambientador Aerosol Colonia 300 ml",
        "image": "https:\/\/cdn-consum.aktiosdigitalservices.com\/tol\/consum\/media\/product\/img\/300x300\/7395259.jpg?t=20241217081233"
    },
    {
        "id": 28762,
        "name": "Ambientador Aerosol Lavanda SPLASH",
        "price": 1.3,
        "price_kilo": 0.43,
        "slug": "ambientador-aerosol-lavanda",
        "description": "Ambientador Aerosol Lavanda 300 ml",
        "image": "https:\/\/cdn-consum.aktiosdigitalservices.com\/tol\/consum\/media\/product\/img\/300x300\/7395262.jpg?t=20241217081233"
    },
    {
        "id": 28766,
        "name": "Detergente L\u00edquido Sensitive A.LAVANDERA",
        "price": 6.19,
        "price_kilo": 0.07,
        "slug": "detergente-liquido-sensitive",
        "description": "Detergente L\u00edquido Sensitive 83 Lv",
        "image": "https:\/\/cdn-consum.aktiosdigitalservices.com\/tol\/consum\/media\/product\/img\/300x300\/7395325.jpg?t=20241217081233"
    },
    {
        "id": 28767,
        "name": "Limpiador Ba\u00f1o Brillo CILLIT BANG",
        "price": 5.35,
        "price_kilo": 7.13,
        "slug": "limpiador-bano-brillo",
        "description": "Limpiador Ba\u00f1o Brillo 0,75 L",
        "image": "https:\/\/cdn-consum.aktiosdigitalservices.com\/tol\/consum\/media\/product\/img\/300x300\/7395411.jpg?t=20250227094050"
    },
    {
        "id": 28768,
        "name": "Orujo Blanco CANTEIRA N.",
        "price": 7.1,
        "price_kilo": 10.14,
        "slug": "orujo-blanco",
        "description": "Orujo Blanco 0,7 L",
        "image": "https:\/\/cdn-consum.aktiosdigitalservices.com\/tol\/consum\/media\/product\/img\/300x300\/7395432.jpg?t=20250312125949"
    },
    {
        "id": 28769,
        "name": "Plantilla Paseo Talla 37-45 ACHUCHONAS",
        "price": 4.99,
        "price_kilo": 4.99,
        "slug": "plantilla-paseo-talla-37-45",
        "description": "Plantilla Paseo Talla 37-45 1 U",
        "image": "https:\/\/cdn-consum.aktiosdigitalservices.com\/tol\/consum\/media\/product\/img\/300x300\/7395452.jpg?t=20250313080926"
    },
    {
        "id": 28773,
        "name": "Comida Seca Perro Buey, Pollo y Vegetales VITALITY",
        "price": 13.95,
        "price_kilo": 1.4,
        "slug": "comida-seca-perro-buey-pollo-y-vegetales",
        "description": "Comida Seca Perro Buey, Pollo y Vegetales 10 Kg",
        "image": "https:\/\/cdn-consum.aktiosdigitalservices.com\/tol\/consum\/media\/product\/img\/300x300\/7363252.jpg?t=20241217081208"
    },
    {
        "id": 28774,
        "name": "Bayeta Microfibra Multisuperficies CONSUM",
        "price": 1.15,
        "price_kilo": 1.15,
        "slug": "bayeta-microfibra-multisuperficies",
        "description": "Bayeta Microfibra Multisuperficies 1 U",
        "image": "https:\/\/cdn-consum.aktiosdigitalservices.com\/tol\/consum\/media\/product\/img\/300x300\/7379829.jpg?t=20241217081220"
    },
    {
        "id": 28775,
        "name": "Galleta con Tableta Chocolate Negro CONSUM",
        "price": 1.4,
        "price_kilo": 9.33,
        "slug": "galleta-con-tableta-chocolate-negro",
        "description": "Galleta con Tableta Chocolate Negro 150 Gr",
        "image": "https:\/\/cdn-consum.aktiosdigitalservices.com\/tol\/consum\/media\/product\/img\/300x300\/7383177.jpg?t=20250311134442"
    },
    {
        "id": 28776,
        "name": "Spray Plancha F\u00e1cil CONSUM",
        "price": 2.2,
        "price_kilo": 2.93,
        "slug": "spray-plancha-facil",
        "description": "Spray Plancha F\u00e1cil 0,75 L",
        "image": "https:\/\/cdn-consum.aktiosdigitalservices.com\/tol\/consum\/media\/product\/img\/300x300\/7390610.jpg?t=20250312125912"
    },
    {
        "id": 28777,
        "name": "Crema Orujo CANTEIRA N.",
        "price": 6.35,
        "price_kilo": 9.07,
        "slug": "crema-orujo",
        "description": "Crema Orujo 0,7 L",
        "image": "https:\/\/cdn-consum.aktiosdigitalservices.com\/tol\/consum\/media\/product\/img\/300x300\/7392488.jpg?t=20250322080025"
    },
    {
        "id": 28779,
        "name": "Tarrina de Vainilla Carte d'Or + 30% Gratis FRIGO",
        "price": 3.99,
        "price_kilo": 6.41,
        "slug": "tarrina-de-vainilla-carte-dor-30-gratis",
        "description": "Tarrina de Vainilla Carte d'Or + 30% Gratis 622 Gr",
        "image": "https:\/\/cdn-consum.aktiosdigitalservices.com\/tol\/consum\/media\/product\/img\/300x300\/7393213.jpg?t=20250312125928"
    },
    {
        "id": 28781,
        "name": "Compresas Cottonlike S\u00faper con Alas EVAX",
        "price": 2.89,
        "price_kilo": 0.21,
        "slug": "compresas-cottonlike-super-con-alas",
        "description": "Compresas Cottonlike S\u00faper con Alas 14 U",
        "image": "https:\/\/cdn-consum.aktiosdigitalservices.com\/tol\/consum\/media\/product\/img\/300x300\/7394489.jpg?t=20241217081232"
    },
    {
        "id": 28782,
        "name": "Barrita Choco Krispies Caja 6 Unidades KELLOGG'S",
        "price": 3.35,
        "price_kilo": 27.92,
        "slug": "barrita-choco-krispies-caja-6-unidades",
        "description": "Barrita Choco Krispies Caja 6 Unidades 6 x 20 Gr",
        "image": "https:\/\/cdn-consum.aktiosdigitalservices.com\/tol\/consum\/media\/product\/img\/300x300\/7394554.jpg?t=20250312092816"
    },
    {
        "id": 28783,
        "name": "Costillas de Cerdo Barbacoa CARNES FELIX",
        "price": 6.75,
        "price_kilo": 13.49,
        "slug": "costillas-de-cerdo-barbacoa",
        "description": "Costillas de Cerdo Barbacoa",
        "image": "https:\/\/cdn-consum.aktiosdigitalservices.com\/tol\/consum\/media\/product\/img\/300x300\/7394752.jpg?t=20250322080027"
    },
    {
        "id": 28786,
        "name": "Aceite de Oliva Virgen Extra IGP Ja\u00e9n AIRES",
        "price": 6.11,
        "price_kilo": 12.22,
        "slug": "aceite-de-oliva-virgen-extra-igp-jaen",
        "description": "Aceite de Oliva Virgen Extra IGP Ja\u00e9n 500 ml",
        "image": "https:\/\/cdn-consum.aktiosdigitalservices.com\/tol\/consum\/media\/product\/img\/300x300\/7395304.jpg?t=20250218081003"
    },
    {
        "id": 28789,
        "name": "Filete Anchoa Ahumado en Aceite de Oliva G.CANTABRICO",
        "price": 2.15,
        "price_kilo": 13.44,
        "slug": "filete-anchoa-ahumado-en-aceite-de-oliva",
        "description": "Filete Anchoa Ahumado en Aceite de Oliva 16 Gr",
        "image": "https:\/\/cdn-consum.aktiosdigitalservices.com\/tol\/consum\/media\/product\/img\/300x300\/7395338.jpg?t=20241217081233"
    },
    {
        "id": 28795,
        "name": "Suavizante Concentrado Frutos Rojos Twist FLOR",
        "price": 4.89,
        "price_kilo": 0.06,
        "slug": "suavizante-concentrado-frutos-rojos-twist",
        "description": "Suavizante Concentrado Frutos Rojos Twist 78 Lv",
        "image": "https:\/\/cdn-consum.aktiosdigitalservices.com\/tol\/consum\/media\/product\/img\/300x300\/7395668.jpg?t=20250227094054"
    },
    {
        "id": 28796,
        "name": "Suavizante Concentrado Melocot\u00f3n Twist FLOR",
        "price": 4.89,
        "price_kilo": 0.06,
        "slug": "suavizante-concentrado-melocoton-twist",
        "description": "Suavizante Concentrado Melocot\u00f3n Twist 78 Lv",
        "image": "https:\/\/cdn-consum.aktiosdigitalservices.com\/tol\/consum\/media\/product\/img\/300x300\/7395671.jpg?t=20250227094055"
    },
    {
        "id": 28803,
        "name": "F\u00e1cil Untar con Sal Tarrina LURPAK",
        "price": 4.79,
        "price_kilo": 23.95,
        "slug": "facil-untar-con-sal-tarrina",
        "description": "F\u00e1cil Untar con Sal Tarrina 200 Gr",
        "image": "https:\/\/cdn-consum.aktiosdigitalservices.com\/tol\/consum\/media\/product\/img\/300x300\/7394021.jpg?t=20250227094031"
    },
    {
        "id": 28804,
        "name": "S\u00e9rum Hialur\u00f3nico ELVIVE",
        "price": 5.8,
        "price_kilo": 5.8,
        "slug": "serum-hialuronico",
        "description": "S\u00e9rum Hialur\u00f3nico 1 U",
        "image": "https:\/\/cdn-consum.aktiosdigitalservices.com\/tol\/consum\/media\/product\/img\/300x300\/7394695.jpg?t=20250312161027"
    },
    {
        "id": 28813,
        "name": "Cereales Rice Krispies KELLOGG'S",
        "price": 4.59,
        "price_kilo": 12.75,
        "slug": "cereales-rice-krispies",
        "description": "Cereales Rice Krispies 360 Gr",
        "image": "https:\/\/cdn-consum.aktiosdigitalservices.com\/tol\/consum\/media\/product\/img\/300x300\/7395614.jpg?t=20250313080927"
    },
    {
        "id": 28815,
        "name": "Refresco Kiwi con Ch\u00eda Botella TESORO NATUR",
        "price": 1.55,
        "price_kilo": 3.44,
        "slug": "refresco-kiwi-con-chia-botella",
        "description": "Refresco Kiwi con Ch\u00eda Botella 0,45 L",
        "image": "https:\/\/cdn-consum.aktiosdigitalservices.com\/tol\/consum\/media\/product\/img\/300x300\/7395726.jpg?t=20250312092816"
    },
    {
        "id": 28817,
        "name": "Lej\u00eda con Detergente Azul ESTRELLA",
        "price": 2.65,
        "price_kilo": 1.85,
        "slug": "lejia-con-detergente-azul",
        "description": "Lej\u00eda con Detergente Azul 1,43 L",
        "image": "https:\/\/cdn-consum.aktiosdigitalservices.com\/tol\/consum\/media\/product\/img\/300x300\/7395739.jpg?t=20250321075953"
    },
    {
        "id": 28818,
        "name": "Lej\u00eda con Detergente Lim\u00f3n ESTRELLA",
        "price": 2.65,
        "price_kilo": 1.85,
        "slug": "lejia-con-detergente-limon",
        "description": "Lej\u00eda con Detergente Lim\u00f3n 1,43 L",
        "image": "https:\/\/cdn-consum.aktiosdigitalservices.com\/tol\/consum\/media\/product\/img\/300x300\/7395788.jpg?t=20250321075955"
    },
    {
        "id": 28819,
        "name": "Lej\u00eda con Detergente Pino ESTRELLA",
        "price": 2.65,
        "price_kilo": 1.85,
        "slug": "lejia-con-detergente-pino",
        "description": "Lej\u00eda con Detergente Pino 1,43 L",
        "image": "https:\/\/cdn-consum.aktiosdigitalservices.com\/tol\/consum\/media\/product\/img\/300x300\/7395791.jpg?t=20250321075957"
    },
    {
        "id": 28820,
        "name": "Lej\u00eda Lavadora Plus NEUTREX",
        "price": 3.19,
        "price_kilo": 1.68,
        "slug": "lejia-lavadora-plus",
        "description": "Lej\u00eda Lavadora Plus 1,9 L",
        "image": "https:\/\/cdn-consum.aktiosdigitalservices.com\/tol\/consum\/media\/product\/img\/300x300\/7395804.jpg?t=20250204081510"
    },
    {
        "id": 28821,
        "name": "Lej\u00eda Lavadora Frescor Verde NEUTREX",
        "price": 3.19,
        "price_kilo": 1.68,
        "slug": "lejia-lavadora-frescor-verde",
        "description": "Lej\u00eda Lavadora Frescor Verde 1,9 L",
        "image": "https:\/\/cdn-consum.aktiosdigitalservices.com\/tol\/consum\/media\/product\/img\/300x300\/7395812.jpg?t=20250204081512"
    },
    {
        "id": 28822,
        "name": "Lej\u00eda Lavadora Futura Azul NEUTREX",
        "price": 3.39,
        "price_kilo": 1.78,
        "slug": "lejia-lavadora-futura-azul",
        "description": "Lej\u00eda Lavadora Futura Azul 1,9 L",
        "image": "https:\/\/cdn-consum.aktiosdigitalservices.com\/tol\/consum\/media\/product\/img\/300x300\/7395817.jpg?t=20250204081515"
    },
    {
        "id": 28825,
        "name": "Gel Fijador Extrafuerte GIORGI",
        "price": 2.95,
        "price_kilo": 1.74,
        "slug": "gel-fijador-extrafuerte",
        "description": "Gel Fijador Extrafuerte 170 ml",
        "image": "https:\/\/cdn-consum.aktiosdigitalservices.com\/tol\/consum\/media\/product\/img\/300x300\/7395999.jpg?t=20250312161030"
    },
    {
        "id": 28826,
        "name": "Gel Fijador Titanium GIORGI",
        "price": 2.95,
        "price_kilo": 1.74,
        "slug": "gel-fijador-titanium",
        "description": "Gel Fijador Titanium 170 ml",
        "image": "https:\/\/cdn-consum.aktiosdigitalservices.com\/tol\/consum\/media\/product\/img\/300x300\/7396000.jpg?t=20250312161032"
    },
    {
        "id": 28827,
        "name": "Gel Fijador Efecto Mojado GIORGI",
        "price": 2.95,
        "price_kilo": 1.74,
        "slug": "gel-fijador-efecto-mojado",
        "description": "Gel Fijador Efecto Mojado 170 ml",
        "image": "https:\/\/cdn-consum.aktiosdigitalservices.com\/tol\/consum\/media\/product\/img\/300x300\/7396005.jpg?t=20250312161034"
    },
    {
        "id": 28828,
        "name": "Gel Fijador Control Total GIORGI",
        "price": 2.95,
        "price_kilo": 1.74,
        "slug": "gel-fijador-control-total",
        "description": "Gel Fijador Control Total 170 ml",
        "image": "https:\/\/cdn-consum.aktiosdigitalservices.com\/tol\/consum\/media\/product\/img\/300x300\/7396026.jpg?t=20250312161036"
    },
    {
        "id": 28840,
        "name": "Choco Butter Whey Protein PROZIS",
        "price": 5.49,
        "price_kilo": 27.45,
        "slug": "choco-butter-whey-protein",
        "description": "Choco Butter Whey Protein 200 Gr",
        "image": "https:\/\/cdn-consum.aktiosdigitalservices.com\/tol\/consum\/media\/product\/img\/300x300\/7396208.jpg?t=20250313080931"
    },
    {
        "id": 28841,
        "name": "Desodorante Spray Talco Mujer KYREY",
        "price": 1.99,
        "price_kilo": 1,
        "slug": "desodorante-spray-talco-mujer",
        "description": "Desodorante Spray Talco Mujer 200 ml",
        "image": "https:\/\/cdn-consum.aktiosdigitalservices.com\/tol\/consum\/media\/product\/img\/300x300\/7345973.jpg?t=20241217081155"
    },
    {
        "id": 28842,
        "name": "Preparado Caldo Suave CONSUM",
        "price": 5.76,
        "price_kilo": 6.39,
        "slug": "preparado-caldo-suave",
        "description": "Preparado Caldo Suave",
        "image": "https:\/\/cdn-consum.aktiosdigitalservices.com\/tol\/consum\/media\/product\/img\/300x300\/7390495.jpg?t=20250304113556"
    },
    {
        "id": 28844,
        "name": "Kids Mix Pack 8 unidades FRIGO",
        "price": 5.19,
        "price_kilo": 14.42,
        "slug": "kids-mix-pack-8-unidades",
        "description": "Kids Mix Pack 8 unidades 360 Gr",
        "image": "https:\/\/cdn-consum.aktiosdigitalservices.com\/tol\/consum\/media\/product\/img\/300x300\/7393205.jpg?t=20250130080102"
    },
    {
        "id": 28845,
        "name": "Rabo Estofado con Setas y Zanahoria SELECT CHEF",
        "price": 6.59,
        "price_kilo": 18.83,
        "slug": "rabo-estofado-con-setas-y-zanahoria",
        "description": "Rabo Estofado con Setas y Zanahoria 350 Gr",
        "image": "https:\/\/cdn-consum.aktiosdigitalservices.com\/tol\/consum\/media\/product\/img\/300x300\/7394740.jpg?t=20241217081232"
    },
    {
        "id": 28846,
        "name": "Sardinas Saladas ANGOMAR",
        "price": 1.15,
        "price_kilo": 7.19,
        "slug": "sardinas-saladas",
        "description": "Sardinas Saladas 160 Gr",
        "image": "https:\/\/cdn-consum.aktiosdigitalservices.com\/tol\/consum\/media\/product\/img\/300x300\/7394927.jpg?t=20241217081232"
    },
    {
        "id": 28854,
        "name": "Pollo Tikka Masala con Cusc\u00fas DELINATUR",
        "price": 3.29,
        "price_kilo": 11.75,
        "slug": "pollo-tikka-masala-con-cuscus",
        "description": "Pollo Tikka Masala con Cusc\u00fas 280 Gr",
        "image": "https:\/\/cdn-consum.aktiosdigitalservices.com\/tol\/consum\/media\/product\/img\/300x300\/7396018.jpg?t=20250227094057"
    },
    {
        "id": 28855,
        "name": "Enjuague Bucal Triple Acci\u00f3n COLGATE",
        "price": 4.55,
        "price_kilo": 0.91,
        "slug": "enjuague-bucal-triple-accion",
        "description": "Enjuague Bucal Triple Acci\u00f3n 500 ml",
        "image": "https:\/\/cdn-consum.aktiosdigitalservices.com\/tol\/consum\/media\/product\/img\/300x300\/7396240.jpg?t=20250206095350"
    },
    {
        "id": 28861,
        "name": "Gel Afeitado Calmante Series GILLETTE",
        "price": 2.8,
        "price_kilo": 1.4,
        "slug": "gel-afeitado-calmante-series",
        "description": "Gel Afeitado Calmante Series 200 ml",
        "image": "https:\/\/cdn-consum.aktiosdigitalservices.com\/tol\/consum\/media\/product\/img\/300x300\/7396419.jpg?t=20241217081236"
    },
    {
        "id": 28863,
        "name": "Leche Entera Botella ASTURIANA",
        "price": 2.53,
        "price_kilo": 1.15,
        "slug": "leche-entera-botella",
        "description": "Leche Entera Botella 2,2 L",
        "image": "https:\/\/cdn-consum.aktiosdigitalservices.com\/tol\/consum\/media\/product\/img\/300x300\/7396476.jpg?t=20250312092816"
    },
    {
        "id": 28865,
        "name": "Pan de Molde Integral con Pipas DULCESOL",
        "price": 2.32,
        "price_kilo": 3.44,
        "slug": "pan-de-molde-integral-con-pipas",
        "description": "Pan de Molde Integral con Pipas 675 Gr",
        "image": "https:\/\/cdn-consum.aktiosdigitalservices.com\/tol\/consum\/media\/product\/img\/300x300\/7396526.jpg?t=20250311112026"
    },
    {
        "id": 28868,
        "name": "Licor de Hierbas CANTEIRA N.",
        "price": 6.1,
        "price_kilo": 8.71,
        "slug": "licor-de-hierbas",
        "description": "Licor de Hierbas 0,7 L",
        "image": "https:\/\/cdn-consum.aktiosdigitalservices.com\/tol\/consum\/media\/product\/img\/300x300\/7396583.jpg?t=20250312125953"
    },
    {
        "id": 28869,
        "name": "Espumoso Blue Moscato PLATINO",
        "price": 2.25,
        "price_kilo": 3,
        "slug": "espumoso-blue-moscato",
        "description": "Espumoso Blue Moscato 0,75 L",
        "image": "https:\/\/cdn-consum.aktiosdigitalservices.com\/tol\/consum\/media\/product\/img\/300x300\/7396591.jpg?t=20241217081236"
    },
    {
        "id": 28870,
        "name": "Tamp\u00f3n Compak Super plus TAMPAX",
        "price": 5.75,
        "price_kilo": 0.22,
        "slug": "tampon-compak-super-plus",
        "description": "Tamp\u00f3n Compak Super plus 26 U",
        "image": "https:\/\/cdn-consum.aktiosdigitalservices.com\/tol\/consum\/media\/product\/img\/300x300\/7396661.jpg?t=20241217081236"
    },
    {
        "id": 28871,
        "name": "Bitter con Alcohol Soda Pack de 3 CINZANO",
        "price": 5.5,
        "price_kilo": 9.17,
        "slug": "bitter-con-alcohol-soda-pack-de-3",
        "description": "Bitter con Alcohol Soda Pack de 3 3 x 0,2 L",
        "image": "https:\/\/cdn-consum.aktiosdigitalservices.com\/tol\/consum\/media\/product\/img\/300x300\/7396760.jpg?t=20250312092817"
    },
    {
        "id": 28885,
        "name": "Renovador Brillo Suelos CONSUM",
        "price": 1.69,
        "price_kilo": 1.35,
        "slug": "renovador-brillo-suelos",
        "description": "Renovador Brillo Suelos 1,25 L",
        "image": "https:\/\/cdn-consum.aktiosdigitalservices.com\/tol\/consum\/media\/product\/img\/300x300\/7382997.jpg?t=20241217081222"
    },
    {
        "id": 28886,
        "name": "Lasa\u00f1a Bolo\u00f1esa congelada LA COCINERA",
        "price": 3.39,
        "price_kilo": 6.78,
        "slug": "lasana-bolonesa-congelada",
        "description": "Lasa\u00f1a Bolo\u00f1esa congelada 500 Gr",
        "image": "https:\/\/cdn-consum.aktiosdigitalservices.com\/tol\/consum\/media\/product\/img\/300x300\/7393929.jpg?t=20250312161022"
    },
    {
        "id": 28891,
        "name": "Chapata R\u00fastica RECONDO",
        "price": 2.49,
        "price_kilo": 13.83,
        "slug": "chapata-rustica",
        "description": "Chapata R\u00fastica 180 Gr",
        "image": "https:\/\/cdn-consum.aktiosdigitalservices.com\/tol\/consum\/media\/product\/img\/300x300\/7396505.jpg?t=20250311112024"
    },
    {
        "id": 28892,
        "name": "Tampones Compak Lites TAMPAX",
        "price": 4.39,
        "price_kilo": 0.18,
        "slug": "tampones-compak-lites",
        "description": "Tampones Compak Lites 24 U",
        "image": "https:\/\/cdn-consum.aktiosdigitalservices.com\/tol\/consum\/media\/product\/img\/300x300\/7396658.jpg?t=20241217081236"
    },
    {
        "id": 28907,
        "name": "Vuna Sabor a At\u00fan GARDEN GOURM",
        "price": 5.5,
        "price_kilo": 30.56,
        "slug": "vuna-sabor-a-atun",
        "description": "Vuna Sabor a At\u00fan 180 Gr",
        "image": "https:\/\/cdn-consum.aktiosdigitalservices.com\/tol\/consum\/media\/product\/img\/300x300\/7396518.jpg?t=20250227094110"
    },
    {
        "id": 28908,
        "name": "Postre Soja Frutos Rojos con D\u00e1tiles sin Az\u00facar ALPRO",
        "price": 2.59,
        "price_kilo": 6.48,
        "slug": "postre-soja-frutos-rojos-con-datiles-sin-azucar",
        "description": "Postre Soja Frutos Rojos con D\u00e1tiles sin Az\u00facar 400 Gr",
        "image": "https:\/\/cdn-consum.aktiosdigitalservices.com\/tol\/consum\/media\/product\/img\/300x300\/7396765.jpg?t=20250227094112"
    },
    {
        "id": 28914,
        "name": "Pan de Molde Protein K KETTERER",
        "price": 3.49,
        "price_kilo": 7.76,
        "slug": "pan-de-molde-protein-k",
        "description": "Pan de Molde Protein K 450 Gr",
        "image": "https:\/\/cdn-consum.aktiosdigitalservices.com\/tol\/consum\/media\/product\/img\/300x300\/7397545.jpg?t=20250313080935"
    },
    {
        "id": 28915,
        "name": "Cacao Soluble 100% Natural VALOR",
        "price": 5.7,
        "price_kilo": 22.8,
        "slug": "cacao-soluble-100-natural",
        "description": "Cacao Soluble 100% Natural 250 Gr",
        "image": "https:\/\/cdn-consum.aktiosdigitalservices.com\/tol\/consum\/media\/product\/img\/300x300\/7397631.jpg?t=20250311112039"
    },
    {
        "id": 28929,
        "name": "Cono Kinder Classic FERRERO",
        "price": 4.99,
        "price_kilo": 20.12,
        "slug": "cono-kinder-classic",
        "description": "Cono Kinder Classic 248 Gr",
        "image": "https:\/\/cdn-consum.aktiosdigitalservices.com\/tol\/consum\/media\/product\/img\/300x300\/7392137.jpg?t=20250312125922"
    },
    {
        "id": 28941,
        "name": "Tarta de Queso Tarrina GRANJA RINYA",
        "price": 1.69,
        "price_kilo": 9.39,
        "slug": "tarta-de-queso-tarrina",
        "description": "Tarta de Queso Tarrina 180 Gr",
        "image": "https:\/\/cdn-consum.aktiosdigitalservices.com\/tol\/consum\/media\/product\/img\/300x300\/7396513.jpg?t=20250320080217"
    },
    {
        "id": 28942,
        "name": "Gyoza Pollo congelada ITSU",
        "price": 4.39,
        "price_kilo": 18.29,
        "slug": "gyoza-pollo-congelada",
        "description": "Gyoza Pollo congelada 240 Gr",
        "image": "https:\/\/cdn-consum.aktiosdigitalservices.com\/tol\/consum\/media\/product\/img\/300x300\/7397045.jpg?t=20250312130008"
    },
    {
        "id": 28946,
        "name": "S\u00e9rum Vitamina C Antimanchas GARNIER",
        "price": 12.95,
        "price_kilo": 43.17,
        "slug": "serum-vitamina-c-antimanchas",
        "description": "S\u00e9rum Vitamina C Antimanchas 30 ml",
        "image": "https:\/\/cdn-consum.aktiosdigitalservices.com\/tol\/consum\/media\/product\/img\/300x300\/7397461.jpg?t=20250206095414"
    },
    {
        "id": 28947,
        "name": "Crema S\u00e9rum Vitamina C FP25 Antimanchas GARNIER",
        "price": 10.95,
        "price_kilo": 21.9,
        "slug": "crema-serum-vitamina-c-fp25-antimanchas",
        "description": "Crema S\u00e9rum Vitamina C FP25 Antimanchas 50 ml",
        "image": "https:\/\/cdn-consum.aktiosdigitalservices.com\/tol\/consum\/media\/product\/img\/300x300\/7397466.jpg?t=20250206095418"
    },
    {
        "id": 28949,
        "name": "Colgador Gel Brillante Frescor Primavera BREF",
        "price": 3.85,
        "price_kilo": 1.93,
        "slug": "colgador-gel-brillante-frescor-primavera",
        "description": "Colgador Gel Brillante Frescor Primavera 2 U",
        "image": "https:\/\/cdn-consum.aktiosdigitalservices.com\/tol\/consum\/media\/product\/img\/300x300\/7397649.jpg?t=20250312161042"
    },
    {
        "id": 28951,
        "name": "Vaso Cubata 600 mL PAPEL PLAST",
        "price": 1.99,
        "price_kilo": 0.2,
        "slug": "vaso-cubata-600-ml",
        "description": "Vaso Cubata 600 mL 10 U",
        "image": "https:\/\/cdn-consum.aktiosdigitalservices.com\/tol\/consum\/media\/product\/img\/300x300\/7397821.jpg?t=20241217081237"
    },
    {
        "id": 28952,
        "name": "Lavavajillas Mano Ultra Plus MISTOL",
        "price": 2.69,
        "price_kilo": 4.14,
        "slug": "lavavajillas-mano-ultra-plus",
        "description": "Lavavajillas Mano Ultra Plus 0,65 L",
        "image": "https:\/\/cdn-consum.aktiosdigitalservices.com\/tol\/consum\/media\/product\/img\/300x300\/7398147.jpg?t=20250313080937"
    },
    {
        "id": 28987,
        "name": "Fumet de Pescado de Roca y Marisco G.BLANCA",
        "price": 3.49,
        "price_kilo": 3.49,
        "slug": "fumet-de-pescado-de-roca-y-marisco",
        "description": "Fumet de Pescado de Roca y Marisco 1 L",
        "image": "https:\/\/cdn-consum.aktiosdigitalservices.com\/tol\/consum\/media\/product\/img\/300x300\/7397750.jpg?t=20250227094124"
    },
    {
        "id": 28988,
        "name": "Ensalada Wraps Completa CONSUM",
        "price": 2.99,
        "price_kilo": 10.49,
        "slug": "ensalada-wraps-completa",
        "description": "Ensalada Wraps Completa 285 Gr",
        "image": "https:\/\/cdn-consum.aktiosdigitalservices.com\/tol\/consum\/media\/product\/img\/300x300\/7398563.jpg?t=20250312130021"
    },
    {
        "id": 29006,
        "name": "Tamp\u00f3n Compak Regular TAMPAX",
        "price": 6.39,
        "price_kilo": 0.17,
        "slug": "tampon-compak-regular",
        "description": "Tamp\u00f3n Compak Regular 38 U",
        "image": "https:\/\/cdn-consum.aktiosdigitalservices.com\/tol\/consum\/media\/product\/img\/300x300\/7396120.jpg?t=20241217081235"
    },
    {
        "id": 29007,
        "name": "Tamp\u00f3n Compak Super TAMPAX",
        "price": 6.39,
        "price_kilo": 0.18,
        "slug": "tampon-compak-super",
        "description": "Tamp\u00f3n Compak Super 36 U",
        "image": "https:\/\/cdn-consum.aktiosdigitalservices.com\/tol\/consum\/media\/product\/img\/300x300\/7396138.jpg?t=20241217081235"
    },
    {
        "id": 29014,
        "name": "Caf\u00e9 Colombia C\u00e1psulas MARCILLA",
        "price": 5.39,
        "price_kilo": 0.27,
        "slug": "cafe-colombia-capsulas",
        "description": "Caf\u00e9 Colombia C\u00e1psulas 20 U",
        "image": "https:\/\/cdn-consum.aktiosdigitalservices.com\/tol\/consum\/media\/product\/img\/300x300\/7397599.jpg?t=20250311112036"
    },
    {
        "id": 29023,
        "name": "Varitas Pescado congeladas FINDUS",
        "price": 2.99,
        "price_kilo": 10.68,
        "slug": "varitas-pescado-congeladas",
        "description": "Varitas Pescado congeladas 280 Gr",
        "image": "https:\/\/cdn-consum.aktiosdigitalservices.com\/tol\/consum\/media\/product\/img\/300x300\/7397847.jpg?t=20250227094125"
    },
    {
        "id": 29031,
        "name": "Crema Cacao Noir Vaso Cristal NOCILLA",
        "price": 2.55,
        "price_kilo": 14.17,
        "slug": "crema-cacao-noir-vaso-cristal",
        "description": "Crema Cacao Noir Vaso Cristal 180 Gr",
        "image": "https:\/\/cdn-consum.aktiosdigitalservices.com\/tol\/consum\/media\/product\/img\/300x300\/7398154.jpg?t=20250311134552"
    },
    {
        "id": 29037,
        "name": "Cerveza Holandesa Lata HEINEKEN SIL",
        "price": 0.65,
        "price_kilo": 1.97,
        "slug": "cerveza-holandesa-lata",
        "description": "Cerveza Holandesa Lata 0,33 L",
        "image": "https:\/\/cdn-consum.aktiosdigitalservices.com\/tol\/consum\/media\/product\/img\/300x300\/7398469.jpg?t=20250312130017"
    },
    {
        "id": 29061,
        "name": "Espuma Extrafuerte KYREY",
        "price": 1.9,
        "price_kilo": 0.63,
        "slug": "espuma-extrafuerte",
        "description": "Espuma Extrafuerte 300 ml",
        "image": "https:\/\/cdn-consum.aktiosdigitalservices.com\/tol\/consum\/media\/product\/img\/300x300\/7358323.jpg?t=20241217081205"
    },
    {
        "id": 29062,
        "name": "Espuma Rizos KYREY",
        "price": 2.3,
        "price_kilo": 0.77,
        "slug": "espuma-rizos",
        "description": "Espuma Rizos 300 ml",
        "image": "https:\/\/cdn-consum.aktiosdigitalservices.com\/tol\/consum\/media\/product\/img\/300x300\/7358336.jpg?t=20241217081205"
    },
    {
        "id": 29064,
        "name": "Arroz 3 Delicias congelado CONSUM",
        "price": 2.75,
        "price_kilo": 2.75,
        "slug": "arroz-3-delicias-congelado",
        "description": "Arroz 3 Delicias congelado 1 Kg",
        "image": "https:\/\/cdn-consum.aktiosdigitalservices.com\/tol\/consum\/media\/product\/img\/300x300\/7367969.jpg?t=20241217081213"
    },
    {
        "id": 29069,
        "name": "Lasa\u00f1a congelada Barbacoa LA COCINERA",
        "price": 3.59,
        "price_kilo": 7.18,
        "slug": "lasana-congelada-barbacoa",
        "description": "Lasa\u00f1a congelada Barbacoa 500 Gr",
        "image": "https:\/\/cdn-consum.aktiosdigitalservices.com\/tol\/consum\/media\/product\/img\/300x300\/7393924.jpg?t=20250312161019"
    },
    {
        "id": 29072,
        "name": "Mousse Prote\u00edna 0% Sabor Chocolate VALIO",
        "price": 1.69,
        "price_kilo": 11.27,
        "slug": "mousse-proteina-0-sabor-chocolate",
        "description": "Mousse Prote\u00edna 0% Sabor Chocolate 150 Gr",
        "image": "https:\/\/cdn-consum.aktiosdigitalservices.com\/tol\/consum\/media\/product\/img\/300x300\/7395903.jpg?t=20250313080929"
    },
    {
        "id": 29075,
        "name": "Gyoza Vegetal Fusion congelada ITSU",
        "price": 4.39,
        "price_kilo": 16.26,
        "slug": "gyoza-vegetal-fusion-congelada",
        "description": "Gyoza Vegetal Fusion congelada 270 Gr",
        "image": "https:\/\/cdn-consum.aktiosdigitalservices.com\/tol\/consum\/media\/product\/img\/300x300\/7397065.jpg?t=20250312130011"
    },
    {
        "id": 29078,
        "name": "Cera Fijadora Mate Hombre LLONGUERAS",
        "price": 5.35,
        "price_kilo": 6.29,
        "slug": "cera-fijadora-mate-hombre",
        "description": "Cera Fijadora Mate Hombre 85 ml",
        "image": "https:\/\/cdn-consum.aktiosdigitalservices.com\/tol\/consum\/media\/product\/img\/300x300\/7397743.jpg?t=20250312092817"
    },
    {
        "id": 29080,
        "name": "Copa Chocolate Proteica EHRMANN",
        "price": 1.49,
        "price_kilo": 7.45,
        "slug": "copa-chocolate-proteica",
        "description": "Copa Chocolate Proteica 200 Gr",
        "image": "https:\/\/cdn-consum.aktiosdigitalservices.com\/tol\/consum\/media\/product\/img\/300x300\/7397891.jpg?t=20250227094127"
    },
    {
        "id": 29089,
        "name": "Crema Revitalift Filler Antiedad D\u00eda Fp50 L'OREAL",
        "price": 19.9,
        "price_kilo": 39.8,
        "slug": "crema-revitalift-filler-antiedad-dia-fp50",
        "description": "Crema Revitalift Filler Antiedad D\u00eda Fp50 50 ml",
        "image": "https:\/\/cdn-consum.aktiosdigitalservices.com\/tol\/consum\/media\/product\/img\/300x300\/7398530.jpg?t=20250312161044"
    },
    {
        "id": 29091,
        "name": "Toallitas Desmaquillantes P.Sensible Biodegradab. VITESSE",
        "price": 2.69,
        "price_kilo": 0.11,
        "slug": "toallitas-desmaquillantes-psensible-biodegradab",
        "description": "Toallitas Desmaquillantes P.Sensible Biodegradab. 25 U",
        "image": "https:\/\/cdn-consum.aktiosdigitalservices.com\/tol\/consum\/media\/product\/img\/300x300\/7398543.jpg?t=20250204081534"
    },
    {
        "id": 29121,
        "name": "25 Cuentos Cl\u00e1sicos Susaeta INFANTIL",
        "price": 9.95,
        "price_kilo": 9.95,
        "slug": "25-cuentos-clasicos-susaeta",
        "description": "25 Cuentos Cl\u00e1sicos Susaeta 1 U",
        "image": "https:\/\/cdn-consum.aktiosdigitalservices.com\/tol\/consum\/media\/product\/img\/300x300\/7321409.jpg?t=20250311164608"
    },
    {
        "id": 29122,
        "name": "500 Preguntas y Respuet Susaeta INFANTIL",
        "price": 9.95,
        "price_kilo": 9.95,
        "slug": "500-preguntas-y-respuet-susaeta",
        "description": "500 Preguntas y Respuet Susaeta 1 U",
        "image": "https:\/\/cdn-consum.aktiosdigitalservices.com\/tol\/consum\/media\/product\/img\/300x300\/7321412.jpg?t=20250304115733"
    },
    {
        "id": 29127,
        "name": "El Ratoncito P\u00e9rez Ana Serna Vara SUSAETA",
        "price": 9.95,
        "price_kilo": 9.95,
        "slug": "el-ratoncito-perez-ana-serna-vara",
        "description": "El Ratoncito P\u00e9rez Ana Serna Vara 1 U",
        "image": "https:\/\/cdn-consum.aktiosdigitalservices.com\/tol\/consum\/media\/product\/img\/300x300\/7375236.jpg?t=20241217081218"
    },
    {
        "id": 29129,
        "name": "El Arte de Pensar Jose Carlos Ruiz LIBRO BOLSIL",
        "price": 8,
        "price_kilo": 8,
        "slug": "el-arte-de-pensar-jose-carlos-ruiz",
        "description": "El Arte de Pensar Jose Carlos Ruiz 1 U",
        "image": "https:\/\/cdn-consum.aktiosdigitalservices.com\/tol\/consum\/media\/product\/img\/300x300\/7382088.jpg?t=20250312092806"
    },
    {
        "id": 29138,
        "name": "Las Jirafas No Pueden VV.AA. BRU\u00d1O",
        "price": 19.95,
        "price_kilo": 19.95,
        "slug": "las-jirafas-no-pueden-vvaa",
        "description": "Las Jirafas No Pueden VV.AA. 1 U",
        "image": "https:\/\/cdn-consum.aktiosdigitalservices.com\/tol\/consum\/media\/product\/img\/300x300\/7388747.jpg?t=20250312092808"
    },
    {
        "id": 29173,
        "name": "Sardinillas en Aceite de Oliva Virgen extra ALBO",
        "price": 2.45,
        "price_kilo": 29.88,
        "slug": "sardinillas-en-aceite-de-oliva-virgen-extra",
        "description": "Sardinillas en Aceite de Oliva Virgen extra 82 Gr",
        "image": "https:\/\/cdn-consum.aktiosdigitalservices.com\/tol\/consum\/media\/product\/img\/300x300\/7397206.jpg?t=20250227094117"
    },
    {
        "id": 29175,
        "name": "Carrillera de Cerdo al Oporto FOODVAC",
        "price": 5.59,
        "price_kilo": 25.41,
        "slug": "carrillera-de-cerdo-al-oporto",
        "description": "Carrillera de Cerdo al Oporto 220 Gr",
        "image": "https:\/\/cdn-consum.aktiosdigitalservices.com\/tol\/consum\/media\/product\/img\/300x300\/7397818.jpg?t=20241217081237"
    },
    {
        "id": 29185,
        "name": "Natuchips Tomate Queso y Or\u00e9gano SNATT'S",
        "price": 1.99,
        "price_kilo": 23.41,
        "slug": "natuchips-tomate-queso-y-oregano",
        "description": "Natuchips Tomate Queso y Or\u00e9gano 85 Gr",
        "image": "https:\/\/cdn-consum.aktiosdigitalservices.com\/tol\/consum\/media\/product\/img\/300x300\/7398720.jpg?t=20250313080943"
    },
    {
        "id": 29195,
        "name": "Bicarbonato EL VESUBIO",
        "price": 1.1,
        "price_kilo": 0.37,
        "slug": "bicarbonato",
        "description": "Bicarbonato 300 ml",
        "image": "https:\/\/cdn-consum.aktiosdigitalservices.com\/tol\/consum\/media\/product\/img\/300x300\/7399459.jpg?t=20241217081239"
    },
    {
        "id": 29202,
        "name": "Fiambre de S\u00e1ndwich Finas Lonchas CONSUM",
        "price": 1.54,
        "price_kilo": 6.16,
        "slug": "fiambre-de-sandwich-finas-lonchas",
        "description": "Fiambre de S\u00e1ndwich Finas Lonchas 250 Gr",
        "image": "https:\/\/cdn-consum.aktiosdigitalservices.com\/tol\/consum\/media\/product\/img\/300x300\/7377950.jpg?t=20250206094908"
    },
    {
        "id": 29206,
        "name": "Quitagrasas CONSUM",
        "price": 1.5,
        "price_kilo": 2,
        "slug": "quitagrasas",
        "description": "Quitagrasas 0,75 L",
        "image": "https:\/\/cdn-consum.aktiosdigitalservices.com\/tol\/consum\/media\/product\/img\/300x300\/7393833.jpg?t=20250312092816"
    },
    {
        "id": 29207,
        "name": "Croqueta de Jam\u00f3n CONSUM",
        "price": 1.25,
        "price_kilo": 2.5,
        "slug": "croqueta-de-jamon",
        "description": "Croqueta de Jam\u00f3n 500 Gr",
        "image": "https:\/\/cdn-consum.aktiosdigitalservices.com\/tol\/consum\/media\/product\/img\/300x300\/7395440.jpg?t=20241217081233"
    },
    {
        "id": 29208,
        "name": "Croqueta Pollo congelada CONSUM",
        "price": 1.59,
        "price_kilo": 3.18,
        "slug": "croqueta-pollo-congelada",
        "description": "Croqueta Pollo congelada 500 Gr",
        "image": "https:\/\/cdn-consum.aktiosdigitalservices.com\/tol\/consum\/media\/product\/img\/300x300\/7395445.jpg?t=20250227094052"
    },
    {
        "id": 29210,
        "name": "Caf\u00e9 con Leche 30 C\u00e1psulas DOLCE GUSTO",
        "price": 8.99,
        "price_kilo": 0.3,
        "slug": "cafe-con-leche-30-capsulas",
        "description": "Caf\u00e9 con Leche 30 C\u00e1psulas 30 U",
        "image": "https:\/\/cdn-consum.aktiosdigitalservices.com\/tol\/consum\/media\/product\/img\/300x300\/7397250.jpg?t=20250311134545"
    },
    {
        "id": 29212,
        "name": "Caf\u00e9 Espresso Intenso 30 C\u00e1psulas DOLCE GUSTO",
        "price": 8.99,
        "price_kilo": 0.3,
        "slug": "cafe-espresso-intenso-30-capsulas",
        "description": "Caf\u00e9 Espresso Intenso 30 C\u00e1psulas 30 U",
        "image": "https:\/\/cdn-consum.aktiosdigitalservices.com\/tol\/consum\/media\/product\/img\/300x300\/7397263.jpg?t=20250311134547"
    },
    {
        "id": 29214,
        "name": "Retoca Ra\u00edces Casta\u00f1o Claro PALETTE",
        "price": 5.65,
        "price_kilo": 5.65,
        "slug": "retoca-raices-castano-claro",
        "description": "Retoca Ra\u00edces Casta\u00f1o Claro 1 U",
        "image": "https:\/\/cdn-consum.aktiosdigitalservices.com\/tol\/consum\/media\/product\/img\/300x300\/7397354.jpg?t=20250227094119"
    },
    {
        "id": 29215,
        "name": "Retoca Ra\u00edces Casta\u00f1o PALETTE",
        "price": 5.65,
        "price_kilo": 5.65,
        "slug": "retoca-raices-castano",
        "description": "Retoca Ra\u00edces Casta\u00f1o 1 U",
        "image": "https:\/\/cdn-consum.aktiosdigitalservices.com\/tol\/consum\/media\/product\/img\/300x300\/7397359.jpg?t=20250227094121"
    },
    {
        "id": 29223,
        "name": "Bebida de Avena Chocolate Minibrick YOSOY",
        "price": 2.3,
        "price_kilo": 3.07,
        "slug": "bebida-de-avena-chocolate-minibrick",
        "description": "Bebida de Avena Chocolate Minibrick 3 x 250 ml",
        "image": "https:\/\/cdn-consum.aktiosdigitalservices.com\/tol\/consum\/media\/product\/img\/300x300\/7398428.jpg?t=20250311112046"
    },
    {
        "id": 29229,
        "name": "Cepillo Dientes 1+1 COLGATE",
        "price": 3.39,
        "price_kilo": 1.7,
        "slug": "cepillo-dientes-11",
        "description": "Cepillo Dientes 1+1 2 U",
        "image": "https:\/\/cdn-consum.aktiosdigitalservices.com\/tol\/consum\/media\/product\/img\/300x300\/7399140.jpg?t=20250206095441"
    },
    {
        "id": 29231,
        "name": "30% Protein Bar Stracciatella 3 uds JUST LOADING",
        "price": 3.15,
        "price_kilo": 35,
        "slug": "30-protein-bar-stracciatella-3-uds",
        "description": "30% Protein Bar Stracciatella 3 uds 90 Gr",
        "image": "https:\/\/cdn-consum.aktiosdigitalservices.com\/tol\/consum\/media\/product\/img\/300x300\/7399207.jpg?t=20250311134555"
    },
    {
        "id": 29233,
        "name": "Queso Fresco Tradicional Villal\u00f3n LACT.VICENTE",
        "price": 11.34,
        "price_kilo": 11.34,
        "slug": "queso-fresco-tradicional-villalon",
        "description": "Queso Fresco Tradicional Villal\u00f3n",
        "image": "https:\/\/cdn-consum.aktiosdigitalservices.com\/tol\/consum\/media\/product\/img\/300x300\/7399215.jpg?t=20250322080027"
    },
    {
        "id": 29235,
        "name": "Jalea Real con Ginseng Caja 12 Unidades NATURTIERRA",
        "price": 4.95,
        "price_kilo": 41.25,
        "slug": "jalea-real-con-ginseng-caja-12-unidades",
        "description": "Jalea Real con Ginseng Caja 12 Unidades 120 ml",
        "image": "https:\/\/cdn-consum.aktiosdigitalservices.com\/tol\/consum\/media\/product\/img\/300x300\/7399392.jpg?t=20250311134557"
    },
    {
        "id": 29236,
        "name": "Jalea Real con Prop\u00f3leo Caja 12 Unidades NATURTIERRA",
        "price": 4.95,
        "price_kilo": 41.25,
        "slug": "jalea-real-con-propoleo-caja-12-unidades",
        "description": "Jalea Real con Prop\u00f3leo Caja 12 Unidades 120 ml",
        "image": "https:\/\/cdn-consum.aktiosdigitalservices.com\/tol\/consum\/media\/product\/img\/300x300\/7399397.jpg?t=20250311134600"
    },
    {
        "id": 29238,
        "name": "K\u00e9tchup ORLANDO",
        "price": 1.49,
        "price_kilo": 4.97,
        "slug": "ketchup",
        "description": "K\u00e9tchup 300 Gr",
        "image": "https:\/\/cdn-consum.aktiosdigitalservices.com\/tol\/consum\/media\/product\/img\/300x300\/7399442.jpg?t=20250313080944"
    },
    {
        "id": 29240,
        "name": "Salsa Barbacoa Bull's-Eye HEINZ",
        "price": 3.65,
        "price_kilo": 10.9,
        "slug": "salsa-barbacoa-bulls-eye",
        "description": "Salsa Barbacoa Bull's-Eye 335 Gr",
        "image": "https:\/\/cdn-consum.aktiosdigitalservices.com\/tol\/consum\/media\/product\/img\/300x300\/7399566.jpg?t=20241217081239"
    },
    {
        "id": 29241,
        "name": "Ensalada Del Chef Completa CONSUM",
        "price": 2.89,
        "price_kilo": 14.1,
        "slug": "ensalada-del-chef-completa",
        "description": "Ensalada Del Chef Completa 205 Gr",
        "image": "https:\/\/cdn-consum.aktiosdigitalservices.com\/tol\/consum\/media\/product\/img\/300x300\/7399681.jpg?t=20241217081239"
    },
    {
        "id": 29244,
        "name": "At\u00fan Claro Lomos en Aceite de Oliva CONSUM",
        "price": 3.49,
        "price_kilo": 26.85,
        "slug": "atun-claro-lomos-en-aceite-de-oliva",
        "description": "At\u00fan Claro Lomos en Aceite de Oliva 130 Gr",
        "image": "https:\/\/cdn-consum.aktiosdigitalservices.com\/tol\/consum\/media\/product\/img\/300x300\/7369887.jpg?t=20241217081214"
    },
    {
        "id": 29245,
        "name": "Arroz Marisco CONSUM",
        "price": 2.39,
        "price_kilo": 5.31,
        "slug": "arroz-marisco",
        "description": "Arroz Marisco 450 Gr",
        "image": "https:\/\/cdn-consum.aktiosdigitalservices.com\/tol\/consum\/media\/product\/img\/300x300\/7377588.jpg?t=20241217081219"
    },
    {
        "id": 29246,
        "name": "Mortadela con Aceitunas Finas Lonchas CONSUM",
        "price": 1.59,
        "price_kilo": 6.36,
        "slug": "mortadela-con-aceitunas-finas-lonchas",
        "description": "Mortadela con Aceitunas Finas Lonchas 250 Gr",
        "image": "https:\/\/cdn-consum.aktiosdigitalservices.com\/tol\/consum\/media\/product\/img\/300x300\/7377955.jpg?t=20241217081219"
    },
    {
        "id": 29247,
        "name": "Mortadela Finas Lonchas CONSUM",
        "price": 1.59,
        "price_kilo": 6.36,
        "slug": "mortadela-finas-lonchas",
        "description": "Mortadela Finas Lonchas 250 Gr",
        "image": "https:\/\/cdn-consum.aktiosdigitalservices.com\/tol\/consum\/media\/product\/img\/300x300\/7377963.jpg?t=20241217081219"
    },
    {
        "id": 29249,
        "name": "Quinoa y Lentejas congeladas CONSUM",
        "price": 2.39,
        "price_kilo": 6.83,
        "slug": "quinoa-y-lentejas-congeladas",
        "description": "Quinoa y Lentejas congeladas 350 Gr",
        "image": "https:\/\/cdn-consum.aktiosdigitalservices.com\/tol\/consum\/media\/product\/img\/300x300\/7387392.jpg?t=20241217081225"
    },
    {
        "id": 29250,
        "name": "L\u00e1piz Cejas N\u00ba1 MAYBELLINE",
        "price": 8.49,
        "price_kilo": 8.49,
        "slug": "lapiz-cejas-n1",
        "description": "L\u00e1piz Cejas N\u00ba1 1 U",
        "image": "https:\/\/cdn-consum.aktiosdigitalservices.com\/tol\/consum\/media\/product\/img\/300x300\/7396161.jpg?t=20250312092816"
    },
    {
        "id": 29254,
        "name": "Champ\u00fa Ultimate Repair GLISS",
        "price": 3.05,
        "price_kilo": 1.22,
        "slug": "champu-ultimate-repair",
        "description": "Champ\u00fa Ultimate Repair 250 ml",
        "image": "https:\/\/cdn-consum.aktiosdigitalservices.com\/tol\/consum\/media\/product\/img\/300x300\/7397367.jpg?t=20250312161040"
    },
    {
        "id": 29258,
        "name": "Crema Pa\u00f1al Sin Perfume CONSUM KIDS",
        "price": 2.75,
        "price_kilo": 2.75,
        "slug": "crema-panal-sin-perfume",
        "description": "Crema Pa\u00f1al Sin Perfume 100 ml",
        "image": "https:\/\/cdn-consum.aktiosdigitalservices.com\/tol\/consum\/media\/product\/img\/300x300\/7398527.jpg?t=20241217081237"
    },
    {
        "id": 29265,
        "name": "Espuma Rizos Marcados GIORGI",
        "price": 2.95,
        "price_kilo": 1.18,
        "slug": "espuma-rizos-marcados",
        "description": "Espuma Rizos Marcados 250 ml",
        "image": "https:\/\/cdn-consum.aktiosdigitalservices.com\/tol\/consum\/media\/product\/img\/300x300\/7399017.jpg?t=20241217081238"
    },
    {
        "id": 29266,
        "name": "Espuma Extrafuerte GIORGI",
        "price": 2.95,
        "price_kilo": 1.18,
        "slug": "espuma-extrafuerte",
        "description": "Espuma Extrafuerte 250 ml",
        "image": "https:\/\/cdn-consum.aktiosdigitalservices.com\/tol\/consum\/media\/product\/img\/300x300\/7399020.jpg?t=20241217081238"
    },
    {
        "id": 29268,
        "name": "Desodorante Roll-On Extrem Fresh BYLY",
        "price": 2.1,
        "price_kilo": 4.2,
        "slug": "desodorante-roll-on-extrem-fresh",
        "description": "Desodorante Roll-On Extrem Fresh 50 ml",
        "image": "https:\/\/cdn-consum.aktiosdigitalservices.com\/tol\/consum\/media\/product\/img\/300x300\/7399152.jpg?t=20250304113749"
    },
    {
        "id": 29270,
        "name": "Escobillero WC Basic Inclinado MAYA",
        "price": 2.95,
        "price_kilo": 2.95,
        "slug": "escobillero-wc-basic-inclinado",
        "description": "Escobillero WC Basic Inclinado 1 U",
        "image": "https:\/\/cdn-consum.aktiosdigitalservices.com\/tol\/consum\/media\/product\/img\/300x300\/7399160.jpg?t=20241217081238"
    },
    {
        "id": 29271,
        "name": "S\u00e9rum Ojos Filler Anti-Ojeras y Arrugas L'OREAL",
        "price": 22.9,
        "price_kilo": 114.5,
        "slug": "serum-ojos-filler-anti-ojeras-y-arrugas",
        "description": "S\u00e9rum Ojos Filler Anti-Ojeras y Arrugas 20 ml",
        "image": "https:\/\/cdn-consum.aktiosdigitalservices.com\/tol\/consum\/media\/product\/img\/300x300\/7399178.jpg?t=20250312161051"
    },
    {
        "id": 29277,
        "name": "Crema de Pies Exfoliante EUDERMIN",
        "price": 2.75,
        "price_kilo": 3.67,
        "slug": "crema-de-pies-exfoliante",
        "description": "Crema de Pies Exfoliante 75 ml",
        "image": "https:\/\/cdn-consum.aktiosdigitalservices.com\/tol\/consum\/media\/product\/img\/300x300\/7399454.jpg?t=20241217081239"
    },
    {
        "id": 29278,
        "name": "Desodorante Spray Active Control SANEX",
        "price": 3.29,
        "price_kilo": 1.65,
        "slug": "desodorante-spray-active-control",
        "description": "Desodorante Spray Active Control 200 ml",
        "image": "https:\/\/cdn-consum.aktiosdigitalservices.com\/tol\/consum\/media\/product\/img\/300x300\/7399496.jpg?t=20250109104730"
    },
    {
        "id": 29279,
        "name": "Bebida Alto Rendimiento Berry REIGN",
        "price": 1.59,
        "price_kilo": 3.18,
        "slug": "bebida-alto-rendimiento-berry",
        "description": "Bebida Alto Rendimiento Berry 0,5 L",
        "image": "https:\/\/cdn-consum.aktiosdigitalservices.com\/tol\/consum\/media\/product\/img\/300x300\/7399546.jpg?t=20250227094140"
    },
    {
        "id": 29285,
        "name": "Pastillas Lavavajillas Essential FINISH",
        "price": 3.75,
        "price_kilo": 0.14,
        "slug": "pastillas-lavavajillas-essential",
        "description": "Pastillas Lavavajillas Essential 26 Do",
        "image": "https:\/\/cdn-consum.aktiosdigitalservices.com\/tol\/consum\/media\/product\/img\/300x300\/7399694.jpg?t=20241217081239"
    },
    {
        "id": 29292,
        "name": "Ventresca de At\u00fan Claro en Aceite de Oliva CONSUM",
        "price": 3.09,
        "price_kilo": 42.62,
        "slug": "ventresca-de-atun-claro-en-aceite-de-oliva",
        "description": "Ventresca de At\u00fan Claro en Aceite de Oliva 72,5 Gr",
        "image": "https:\/\/cdn-consum.aktiosdigitalservices.com\/tol\/consum\/media\/product\/img\/300x300\/7369890.jpg?t=20241217081214"
    },
    {
        "id": 29293,
        "name": "Canelones congelados Carne Pack de 8 Unidades LA COCINERA",
        "price": 3.99,
        "price_kilo": 7.98,
        "slug": "canelones-congelados-carne-pack-de-8-unidades",
        "description": "Canelones congelados Carne Pack de 8 Unidades 500 Gr",
        "image": "https:\/\/cdn-consum.aktiosdigitalservices.com\/tol\/consum\/media\/product\/img\/300x300\/7393916.jpg?t=20250312161017"
    },
    {
        "id": 29294,
        "name": "Tattoo Liner N\u00ba911 MAYBELLINE",
        "price": 5.49,
        "price_kilo": 5.49,
        "slug": "tattoo-liner-n911",
        "description": "Tattoo Liner N\u00ba911 1 U",
        "image": "https:\/\/cdn-consum.aktiosdigitalservices.com\/tol\/consum\/media\/product\/img\/300x300\/7396112.jpg?t=20250312092816"
    },
    {
        "id": 29299,
        "name": "C\u00e1psulas Vientre Plano NATURTIERRA",
        "price": 4.65,
        "price_kilo": 0.16,
        "slug": "capsulas-vientre-plano",
        "description": "C\u00e1psulas Vientre Plano 30 U",
        "image": "https:\/\/cdn-consum.aktiosdigitalservices.com\/tol\/consum\/media\/product\/img\/300x300\/7398324.jpg?t=20241217081237"
    },
    {
        "id": 29300,
        "name": "C\u00e1psulas Visi\u00f3n NATURTIERRA",
        "price": 4.65,
        "price_kilo": 0.16,
        "slug": "capsulas-vision",
        "description": "C\u00e1psulas Visi\u00f3n 30 U",
        "image": "https:\/\/cdn-consum.aktiosdigitalservices.com\/tol\/consum\/media\/product\/img\/300x300\/7398329.jpg?t=20241217081237"
    },
    {
        "id": 29306,
        "name": "Queso Cheddar en Lonchas SANABRIA",
        "price": 2.55,
        "price_kilo": 12.75,
        "slug": "queso-cheddar-en-lonchas",
        "description": "Queso Cheddar en Lonchas 200 Gr",
        "image": "https:\/\/cdn-consum.aktiosdigitalservices.com\/tol\/consum\/media\/product\/img\/300x300\/7399249.jpg?t=20250103082344"
    },
    {
        "id": 29309,
        "name": "Queso Cheddar Rallado SANABRIA",
        "price": 2.5,
        "price_kilo": 16.67,
        "slug": "queso-cheddar-rallado",
        "description": "Queso Cheddar Rallado 150 Gr",
        "image": "https:\/\/cdn-consum.aktiosdigitalservices.com\/tol\/consum\/media\/product\/img\/300x300\/7399264.jpg?t=20250103082347"
    },
    {
        "id": 29312,
        "name": "Higi\u00e9nico H\u00famedo Fresh SCOTTEX",
        "price": 2.99,
        "price_kilo": 0.04,
        "slug": "higienico-humedo-fresh",
        "description": "Higi\u00e9nico H\u00famedo Fresh 74 U",
        "image": "https:\/\/cdn-consum.aktiosdigitalservices.com\/tol\/consum\/media\/product\/img\/300x300\/7399335.jpg?t=20250109104722"
    },
    {
        "id": 29314,
        "name": "Crema Pies Antidurezas BABARIA",
        "price": 2.65,
        "price_kilo": 5.3,
        "slug": "crema-pies-antidurezas",
        "description": "Crema Pies Antidurezas 50 ml",
        "image": "https:\/\/cdn-consum.aktiosdigitalservices.com\/tol\/consum\/media\/product\/img\/300x300\/7399590.jpg?t=20241217081239"
    },
    {
        "id": 29315,
        "name": "Desodorante Spray Pies BABARIA",
        "price": 2.95,
        "price_kilo": 1.97,
        "slug": "desodorante-spray-pies",
        "description": "Desodorante Spray Pies 150 ml",
        "image": "https:\/\/cdn-consum.aktiosdigitalservices.com\/tol\/consum\/media\/product\/img\/300x300\/7399595.jpg?t=20241217081239"
    },
    {
        "id": 29317,
        "name": "Colonia Pret a Porter Original PRET A PORTE",
        "price": 6.1,
        "price_kilo": 12.2,
        "slug": "colonia-pret-a-porter-original",
        "description": "Colonia Pret a Porter Original 50 ml",
        "image": "https:\/\/cdn-consum.aktiosdigitalservices.com\/tol\/consum\/media\/product\/img\/300x300\/7399660.jpg?t=20250312130026"
    },
    {
        "id": 29319,
        "name": "Vino Blanco Chardonnay D.O. Somontano ARI\u00d1O",
        "price": 3.59,
        "price_kilo": 4.79,
        "slug": "vino-blanco-chardonnay-do-somontano",
        "description": "Vino Blanco Chardonnay D.O. Somontano 0,75 L",
        "image": "https:\/\/cdn-consum.aktiosdigitalservices.com\/tol\/consum\/media\/product\/img\/300x300\/7399780.jpg?t=20241217081239"
    },
    {
        "id": 29320,
        "name": "Estropajo Ultra Fresh 4 M\u00e1s 2 de Regalo VILEDA",
        "price": 2.49,
        "price_kilo": 0.42,
        "slug": "estropajo-ultra-fresh-4-mas-2-de-regalo",
        "description": "Estropajo Ultra Fresh 4 M\u00e1s 2 de Regalo 6 U",
        "image": "https:\/\/cdn-consum.aktiosdigitalservices.com\/tol\/consum\/media\/product\/img\/300x300\/7399850.jpg?t=20250227094144"
    },
    {
        "id": 29321,
        "name": "Cord\u00f3n Redondo Negro 160 cm ACHUCHONAS",
        "price": 1.25,
        "price_kilo": 1.25,
        "slug": "cordon-redondo-negro-160-cm",
        "description": "Cord\u00f3n Redondo Negro 160 cm 1 U",
        "image": "https:\/\/cdn-consum.aktiosdigitalservices.com\/tol\/consum\/media\/product\/img\/300x300\/7399871.jpg?t=20250318080956"
    },
    {
        "id": 29322,
        "name": "Cord\u00f3n Plano Negro 110 cm ACHUCHONAS",
        "price": 1.25,
        "price_kilo": 1.25,
        "slug": "cordon-plano-negro-110-cm",
        "description": "Cord\u00f3n Plano Negro 110 cm 1 U",
        "image": "https:\/\/cdn-consum.aktiosdigitalservices.com\/tol\/consum\/media\/product\/img\/300x300\/7399889.jpg?t=20250312092819"
    },
    {
        "id": 29323,
        "name": "Cerveza Artesana IPA Lata C.VOLADORES",
        "price": 0.95,
        "price_kilo": 2.88,
        "slug": "cerveza-artesana-ipa-lata",
        "description": "Cerveza Artesana IPA Lata 0,33 L",
        "image": "https:\/\/cdn-consum.aktiosdigitalservices.com\/tol\/consum\/media\/product\/img\/300x300\/7399962.jpg?t=20250227094145"
    },
    {
        "id": 29325,
        "name": "Patatas Paprika Bote PRINGLES",
        "price": 2.6,
        "price_kilo": 15.76,
        "slug": "patatas-paprika-bote",
        "description": "Patatas Paprika Bote 165 Gr",
        "image": "https:\/\/cdn-consum.aktiosdigitalservices.com\/tol\/consum\/media\/product\/img\/300x300\/7400021.jpg?t=20250227094150"
    },
    {
        "id": 29328,
        "name": "Crema para Untar de Galleta Biscoff LOTUS",
        "price": 2.99,
        "price_kilo": 7.48,
        "slug": "crema-para-untar-de-galleta-biscoff",
        "description": "Crema para Untar de Galleta Biscoff 400 Gr",
        "image": "https:\/\/cdn-consum.aktiosdigitalservices.com\/tol\/consum\/media\/product\/img\/300x300\/7400245.jpg?t=20250311134602"
    },
    {
        "id": 29342,
        "name": "Endurecedor U\u00f1as CUTEX",
        "price": 8.45,
        "price_kilo": 8.45,
        "slug": "endurecedor-unas",
        "description": "Endurecedor U\u00f1as 1 U",
        "image": "https:\/\/cdn-consum.aktiosdigitalservices.com\/tol\/consum\/media\/product\/img\/300x300\/7350879.jpg?t=20250311164615"
    },
    {
        "id": 29343,
        "name": "Aceite U\u00f1as Cuidado Cut\u00edcula CUTEX",
        "price": 8.45,
        "price_kilo": 8.45,
        "slug": "aceite-unas-cuidado-cuticula",
        "description": "Aceite U\u00f1as Cuidado Cut\u00edcula 1 U",
        "image": "https:\/\/cdn-consum.aktiosdigitalservices.com\/tol\/consum\/media\/product\/img\/300x300\/7350882.jpg?t=20250311164615"
    },
    {
        "id": 29344,
        "name": "Regenerador U\u00f1as CUTEX",
        "price": 8.45,
        "price_kilo": 8.45,
        "slug": "regenerador-unas",
        "description": "Regenerador U\u00f1as 1 U",
        "image": "https:\/\/cdn-consum.aktiosdigitalservices.com\/tol\/consum\/media\/product\/img\/300x300\/7350890.jpg?t=20250311164615"
    },
    {
        "id": 29346,
        "name": "Nachos de Ma\u00edz Tex Mex Bolsa CONSUM",
        "price": 0.9,
        "price_kilo": 6,
        "slug": "nachos-de-maiz-tex-mex-bolsa",
        "description": "Nachos de Ma\u00edz Tex Mex Bolsa 150 Gr",
        "image": "https:\/\/cdn-consum.aktiosdigitalservices.com\/tol\/consum\/media\/product\/img\/300x300\/7392780.jpg?t=20250304113633"
    },
    {
        "id": 29348,
        "name": "Patatas Bravas CONSUM",
        "price": 1.93,
        "price_kilo": 2.57,
        "slug": "patatas-bravas",
        "description": "Patatas Bravas 750 Gr",
        "image": "https:\/\/cdn-consum.aktiosdigitalservices.com\/tol\/consum\/media\/product\/img\/300x300\/7393366.jpg?t=20250103082311"
    },
    {
        "id": 29353,
        "name": "Maquinilla Desechable Venus 3 Dragonfruit GILLETTE",
        "price": 2.99,
        "price_kilo": 1,
        "slug": "maquinilla-desechable-venus-3-dragonfruit",
        "description": "Maquinilla Desechable Venus 3 Dragonfruit 3 U",
        "image": "https:\/\/cdn-consum.aktiosdigitalservices.com\/tol\/consum\/media\/product\/img\/300x300\/7398449.jpg?t=20250313080941"
    },
    {
        "id": 29355,
        "name": "Hielo Agua Mineral HIELIUM",
        "price": 0.69,
        "price_kilo": 0.69,
        "slug": "hielo-agua-mineral",
        "description": "Hielo Agua Mineral 1 Kg",
        "image": "https:\/\/cdn-consum.aktiosdigitalservices.com\/tol\/consum\/media\/product\/img\/300x300\/7398600.jpg?t=20241217081237"
    },
    {
        "id": 29358,
        "name": "Patatas Fritas Receta Original  de 1931 VIDAL",
        "price": 1.35,
        "price_kilo": 9,
        "slug": "patatas-fritas-receta-original-de-1931",
        "description": "Patatas Fritas Receta Original  de 1931 150 Gr",
        "image": "https:\/\/cdn-consum.aktiosdigitalservices.com\/tol\/consum\/media\/product\/img\/300x300\/7399462.jpg?t=20250227094138"
    },
    {
        "id": 29363,
        "name": "Chorizo de Pamplona Extra GOIKOA",
        "price": 11.6,
        "price_kilo": 11.6,
        "slug": "chorizo-de-pamplona-extra",
        "description": "Chorizo de Pamplona Extra",
        "image": "https:\/\/cdn-consum.aktiosdigitalservices.com\/tol\/consum\/media\/product\/img\/300x300\/7400203.jpg?t=20250322080029"
    },
    {
        "id": 29364,
        "name": "Detergente L\u00edquido Rosa Mosqueta CONSUM",
        "price": 5.59,
        "price_kilo": 0.07,
        "slug": "detergente-liquido-rosa-mosqueta",
        "description": "Detergente L\u00edquido Rosa Mosqueta 75 Lv",
        "image": "https:\/\/cdn-consum.aktiosdigitalservices.com\/tol\/consum\/media\/product\/img\/300x300\/7400229.jpg?t=20241217081239"
    },
    {
        "id": 29365,
        "name": "Detergente L\u00edquido Lavanda CONSUM",
        "price": 5.59,
        "price_kilo": 0.07,
        "slug": "detergente-liquido-lavanda",
        "description": "Detergente L\u00edquido Lavanda 75 Lv",
        "image": "https:\/\/cdn-consum.aktiosdigitalservices.com\/tol\/consum\/media\/product\/img\/300x300\/7400232.jpg?t=20241217081239"
    },
    {
        "id": 29384,
        "name": "Cereales Choco Protein Sin Az\u00facar ESGIR",
        "price": 2.99,
        "price_kilo": 11.96,
        "slug": "cereales-choco-protein-sin-azucar",
        "description": "Cereales Choco Protein Sin Az\u00facar 250 Gr",
        "image": "https:\/\/cdn-consum.aktiosdigitalservices.com\/tol\/consum\/media\/product\/img\/300x300\/7400450.jpg?t=20250311112102"
    },
    {
        "id": 29386,
        "name": "Cava Brut D.O. Cava MONTECASINO",
        "price": 3.2,
        "price_kilo": 4.27,
        "slug": "cava-brut-do-cava",
        "description": "Cava Brut D.O. Cava 0,75 L",
        "image": "https:\/\/cdn-consum.aktiosdigitalservices.com\/tol\/consum\/media\/product\/img\/300x300\/7400471.jpg?t=20250312130032"
    },
    {
        "id": 29390,
        "name": "Cava Semi Seco D.O. Cava MONTECASINO",
        "price": 1.75,
        "price_kilo": 8.75,
        "slug": "cava-semi-seco-do-cava",
        "description": "Cava Semi Seco D.O. Cava 0,2 L",
        "image": "https:\/\/cdn-consum.aktiosdigitalservices.com\/tol\/consum\/media\/product\/img\/300x300\/7400575.jpg?t=20250207080227"
    },
    {
        "id": 29391,
        "name": "Crema D\u00eda Splendor 10 Antiedad BELLA AURORA",
        "price": 18.9,
        "price_kilo": 63,
        "slug": "crema-dia-splendor-10-antiedad",
        "description": "Crema D\u00eda Splendor 10 Antiedad 30 ml",
        "image": "https:\/\/cdn-consum.aktiosdigitalservices.com\/tol\/consum\/media\/product\/img\/300x300\/7400641.jpg?t=20250312161053"
    },
    {
        "id": 29395,
        "name": "Desodorante Spray Bright Bouquet REXONA",
        "price": 2.79,
        "price_kilo": 1.4,
        "slug": "desodorante-spray-bright-bouquet",
        "description": "Desodorante Spray Bright Bouquet 200 ml",
        "image": "https:\/\/cdn-consum.aktiosdigitalservices.com\/tol\/consum\/media\/product\/img\/300x300\/7400773.jpg?t=20250312161057"
    },
    {
        "id": 29396,
        "name": "Desodorante Spray Invisible Aqua REXONA",
        "price": 2.79,
        "price_kilo": 1.4,
        "slug": "desodorante-spray-invisible-aqua",
        "description": "Desodorante Spray Invisible Aqua 200 ml",
        "image": "https:\/\/cdn-consum.aktiosdigitalservices.com\/tol\/consum\/media\/product\/img\/300x300\/7400778.jpg?t=20250227094158"
    },
    {
        "id": 29397,
        "name": "Desodorante Spray Invisible Aqua Men REXONA",
        "price": 3.49,
        "price_kilo": 1.75,
        "slug": "desodorante-spray-invisible-aqua-men",
        "description": "Desodorante Spray Invisible Aqua Men 200 ml",
        "image": "https:\/\/cdn-consum.aktiosdigitalservices.com\/tol\/consum\/media\/product\/img\/300x300\/7400781.jpg?t=20250108081127"
    },
    {
        "id": 29403,
        "name": "Aceite de Oliva Virgen Extra Arbequina CONSUM",
        "price": 4.85,
        "price_kilo": 9.7,
        "slug": "aceite-de-oliva-virgen-extra-arbequina",
        "description": "Aceite de Oliva Virgen Extra Arbequina 500 ml",
        "image": "https:\/\/cdn-consum.aktiosdigitalservices.com\/tol\/consum\/media\/product\/img\/300x300\/7395176.jpg?t=20250311125141"
    },
    {
        "id": 29404,
        "name": "M\u00e1scara Sky High Cosmic MAYBELLINE",
        "price": 11.99,
        "price_kilo": 11.99,
        "slug": "mascara-sky-high-cosmic",
        "description": "M\u00e1scara Sky High Cosmic 1 U",
        "image": "https:\/\/cdn-consum.aktiosdigitalservices.com\/tol\/consum\/media\/product\/img\/300x300\/7396323.jpg?t=20250227094103"
    },
    {
        "id": 29405,
        "name": "Insecticida Laca Cucarachas y hormigas CASA JARDIN",
        "price": 3.65,
        "price_kilo": 0.91,
        "slug": "insecticida-laca-cucarachas-y-hormigas",
        "description": "Insecticida Laca Cucarachas y hormigas 400 ml",
        "image": "https:\/\/cdn-consum.aktiosdigitalservices.com\/tol\/consum\/media\/product\/img\/300x300\/7396864.jpg?t=20250320080219"
    },
    {
        "id": 29426,
        "name": "Harina Trigo Sarraceno Alforf\u00f3n NATUR DACSA",
        "price": 3.35,
        "price_kilo": 6.7,
        "slug": "harina-trigo-sarraceno-alforfon",
        "description": "Harina Trigo Sarraceno Alforf\u00f3n 500 Gr",
        "image": "https:\/\/cdn-consum.aktiosdigitalservices.com\/tol\/consum\/media\/product\/img\/300x300\/7399447.jpg?t=20250128080333"
    },
    {
        "id": 29431,
        "name": "Refresco Cola Zero Sin Cafe\u00edna Pet PEPSI-COLA",
        "price": 1.69,
        "price_kilo": 0.97,
        "slug": "refresco-cola-zero-sin-cafeina-pet",
        "description": "Refresco Cola Zero Sin Cafe\u00edna Pet 1,75 L",
        "image": "https:\/\/cdn-consum.aktiosdigitalservices.com\/tol\/consum\/media\/product\/img\/300x300\/7399652.jpg?t=20250227094142"
    },
    {
        "id": 29433,
        "name": "Costillitas de Conejo CONSUM",
        "price": 3.38,
        "price_kilo": 8.45,
        "slug": "costillitas-de-conejo",
        "description": "Costillitas de Conejo",
        "image": "https:\/\/cdn-consum.aktiosdigitalservices.com\/tol\/consum\/media\/product\/img\/300x300\/7399959.jpg?t=20250211080329"
    },
    {
        "id": 29436,
        "name": "Pepperoni GOIKOA",
        "price": 1.85,
        "price_kilo": 20.56,
        "slug": "pepperoni",
        "description": "Pepperoni 2 x 45 Gr",
        "image": "https:\/\/cdn-consum.aktiosdigitalservices.com\/tol\/consum\/media\/product\/img\/300x300\/7400208.jpg?t=20250227094152"
    },
    {
        "id": 29443,
        "name": "Desmaquillante Manteca Limpiadora FLOR DE MAYO",
        "price": 7.05,
        "price_kilo": 7.05,
        "slug": "desmaquillante-manteca-limpiadora",
        "description": "Desmaquillante Manteca Limpiadora 1 U",
        "image": "https:\/\/cdn-consum.aktiosdigitalservices.com\/tol\/consum\/media\/product\/img\/300x300\/7400653.jpg?t=20250312161055"
    },
    {
        "id": 29445,
        "name": "Cerveza Trigo Alemana Lata PAULANER",
        "price": 1.99,
        "price_kilo": 3.98,
        "slug": "cerveza-trigo-alemana-lata",
        "description": "Cerveza Trigo Alemana Lata 0,5 L",
        "image": "https:\/\/cdn-consum.aktiosdigitalservices.com\/tol\/consum\/media\/product\/img\/300x300\/7400849.jpg?t=20250228080544"
    },
    {
        "id": 29446,
        "name": "Desodorante en Talco Pies BABARIA",
        "price": 2.95,
        "price_kilo": 2.95,
        "slug": "desodorante-en-talco-pies",
        "description": "Desodorante en Talco Pies 100 ml",
        "image": "https:\/\/cdn-consum.aktiosdigitalservices.com\/tol\/consum\/media\/product\/img\/300x300\/7400898.jpg?t=20241217081240"
    },
    {
        "id": 29449,
        "name": "Snack Mini Fuet de Pavo CAMPOFR\u00cdO",
        "price": 1.3,
        "price_kilo": 26,
        "slug": "snack-mini-fuet-de-pavo",
        "description": "Snack Mini Fuet de Pavo 50 Gr",
        "image": "https:\/\/cdn-consum.aktiosdigitalservices.com\/tol\/consum\/media\/product\/img\/300x300\/7401557.jpg?t=20240910080501"
    },
    {
        "id": 29453,
        "name": "Queso Oveja Romero 10 Meses L.Pasteurizada VEGA SOTUELA",
        "price": 24.5,
        "price_kilo": 24.5,
        "slug": "queso-oveja-romero-10-meses-lpasteurizada",
        "description": "Queso Oveja Romero 10 Meses L.Pasteurizada",
        "image": "https:\/\/cdn-consum.aktiosdigitalservices.com\/tol\/consum\/media\/product\/img\/300x300\/7199516.jpg?t=20250221075944"
    },
    {
        "id": 29454,
        "name": "Gel Infantil Extrasuave CONSUM KIDS",
        "price": 2.45,
        "price_kilo": 0.33,
        "slug": "gel-infantil-extrasuave",
        "description": "Gel Infantil Extrasuave 750 ml",
        "image": "https:\/\/cdn-consum.aktiosdigitalservices.com\/tol\/consum\/media\/product\/img\/300x300\/7375699.jpg?t=20241217081218"
    },
    {
        "id": 29455,
        "name": "Agua de Colonia Infantil CONSUM KIDS",
        "price": 1.69,
        "price_kilo": 0.85,
        "slug": "agua-de-colonia-infantil",
        "description": "Agua de Colonia Infantil 200 ml",
        "image": "https:\/\/cdn-consum.aktiosdigitalservices.com\/tol\/consum\/media\/product\/img\/300x300\/7375715.jpg?t=20241217081218"
    },
    {
        "id": 29456,
        "name": "Toallitas \u00cdntimas Monodosis KYREY",
        "price": 1.8,
        "price_kilo": 0.09,
        "slug": "toallitas-intimas-monodosis",
        "description": "Toallitas \u00cdntimas Monodosis 20 U",
        "image": "https:\/\/cdn-consum.aktiosdigitalservices.com\/tol\/consum\/media\/product\/img\/300x300\/7376767.jpg?t=20241217081219"
    },
    {
        "id": 29459,
        "name": "Yogur L\u00edquido 00% Mango-Maracuy\u00e1 CONSUM",
        "price": 1.37,
        "price_kilo": 1.37,
        "slug": "yogur-liquido-00-mango-maracuya",
        "description": "Yogur L\u00edquido 00% Mango-Maracuy\u00e1 1000 Gr",
        "image": "https:\/\/cdn-consum.aktiosdigitalservices.com\/tol\/consum\/media\/product\/img\/300x300\/7391030.jpg?t=20241223080434"
    },
    {
        "id": 29463,
        "name": "Colonia Pura Vida Aguas Esenciales V&L",
        "price": 15.95,
        "price_kilo": 6.38,
        "slug": "colonia-pura-vida-aguas-esenciales",
        "description": "Colonia Pura Vida Aguas Esenciales 250 ml",
        "image": "https:\/\/cdn-consum.aktiosdigitalservices.com\/tol\/consum\/media\/product\/img\/300x300\/7398931.jpg?t=20241217081238"
    },
    {
        "id": 29471,
        "name": "Cava Brut Nature D.O. Cava MONTECASINO",
        "price": 4.45,
        "price_kilo": 5.93,
        "slug": "cava-brut-nature-do-cava",
        "description": "Cava Brut Nature D.O. Cava 0,75 L",
        "image": "https:\/\/cdn-consum.aktiosdigitalservices.com\/tol\/consum\/media\/product\/img\/300x300\/7400492.jpg?t=20250312092819"
    },
    {
        "id": 29472,
        "name": "Cava Semi Seco D.O. Cava MONTECASINO",
        "price": 3.2,
        "price_kilo": 4.27,
        "slug": "cava-semi-seco-do-cava",
        "description": "Cava Semi Seco D.O. Cava 0,75 L",
        "image": "https:\/\/cdn-consum.aktiosdigitalservices.com\/tol\/consum\/media\/product\/img\/300x300\/7400497.jpg?t=20250312130035"
    },
    {
        "id": 29473,
        "name": "Cava Rosado D.O. Cava MONTECASINO",
        "price": 3.55,
        "price_kilo": 4.73,
        "slug": "cava-rosado-do-cava",
        "description": "Cava Rosado D.O. Cava 0,75 L",
        "image": "https:\/\/cdn-consum.aktiosdigitalservices.com\/tol\/consum\/media\/product\/img\/300x300\/7400505.jpg?t=20250207080223"
    },
    {
        "id": 29483,
        "name": "Papilla Polvo 8 Cereales con Cacao NESTLE",
        "price": 3.95,
        "price_kilo": 8.32,
        "slug": "papilla-polvo-8-cereales-con-cacao",
        "description": "Papilla Polvo 8 Cereales con Cacao 475 Gr",
        "image": "https:\/\/cdn-consum.aktiosdigitalservices.com\/tol\/consum\/media\/product\/img\/300x300\/7401367.jpg?t=20250313080950"
    },
    {
        "id": 29484,
        "name": "Peque Galletas Bolsa NESTLE",
        "price": 3.55,
        "price_kilo": 19.72,
        "slug": "peque-galletas-bolsa",
        "description": "Peque Galletas Bolsa 180 Gr",
        "image": "https:\/\/cdn-consum.aktiosdigitalservices.com\/tol\/consum\/media\/product\/img\/300x300\/7401370.jpg?t=20250313080952"
    },
    {
        "id": 29485,
        "name": "Puffs Ma\u00edz y Avena Solo Eco HERO",
        "price": 1.49,
        "price_kilo": 5.96,
        "slug": "puffs-maiz-y-avena-solo-eco",
        "description": "Puffs Ma\u00edz y Avena Solo Eco 25 Gr",
        "image": "https:\/\/cdn-consum.aktiosdigitalservices.com\/tol\/consum\/media\/product\/img\/300x300\/7401383.jpg?t=20250311134608"
    },
    {
        "id": 29493,
        "name": "Pouche Mango Yogur y Pl\u00e1tano Solo Eco HERO",
        "price": 1.35,
        "price_kilo": 13.5,
        "slug": "pouche-mango-yogur-y-platano-solo-eco",
        "description": "Pouche Mango Yogur y Pl\u00e1tano Solo Eco 100 Gr",
        "image": "https:\/\/cdn-consum.aktiosdigitalservices.com\/tol\/consum\/media\/product\/img\/300x300\/7401487.jpg?t=20250311112111"
    },
    {
        "id": 29500,
        "name": "Gin Fresa Tonic Botella ROSEE",
        "price": 1.15,
        "price_kilo": 3.48,
        "slug": "gin-fresa-tonic-botella",
        "description": "Gin Fresa Tonic Botella 0,33 L",
        "image": "https:\/\/cdn-consum.aktiosdigitalservices.com\/tol\/consum\/media\/product\/img\/300x300\/7401990.jpg?t=20250205080609"
    },
    {
        "id": 29501,
        "name": "Queso Maasdam Tierno M.VICENTE",
        "price": 10.9,
        "price_kilo": 10.9,
        "slug": "queso-maasdam-tierno",
        "description": "Queso Maasdam Tierno",
        "image": "https:\/\/cdn-consum.aktiosdigitalservices.com\/tol\/consum\/media\/product\/img\/300x300\/7402092.jpg?t=20250312161100"
    },
    {
        "id": 29538,
        "name": "Yogur L\u00edquido con Fresa CONSUM",
        "price": 1.37,
        "price_kilo": 1.37,
        "slug": "yogur-liquido-con-fresa",
        "description": "Yogur L\u00edquido con Fresa 1000 Gr",
        "image": "https:\/\/cdn-consum.aktiosdigitalservices.com\/tol\/consum\/media\/product\/img\/300x300\/7391050.jpg?t=20241223080439"
    },
    {
        "id": 29540,
        "name": "Tarrina Cookie dough 500 ml CONSUM",
        "price": 3.45,
        "price_kilo": 9.86,
        "slug": "tarrina-cookie-dough-500-ml",
        "description": "Tarrina Cookie dough 500 ml 350 Gr",
        "image": "https:\/\/cdn-consum.aktiosdigitalservices.com\/tol\/consum\/media\/product\/img\/300x300\/7391097.jpg?t=20241217081228"
    },
    {
        "id": 29541,
        "name": "Yogur L\u00edquido con Frutas del Bosque CONSUM",
        "price": 1.95,
        "price_kilo": 1.3,
        "slug": "yogur-liquido-con-frutas-del-bosque",
        "description": "Yogur L\u00edquido con Frutas del Bosque 1500 Gr",
        "image": "https:\/\/cdn-consum.aktiosdigitalservices.com\/tol\/consum\/media\/product\/img\/300x300\/7394851.jpg?t=20250304113656"
    },
    {
        "id": 29543,
        "name": "Yogur L\u00edquido con Fresa-Pl\u00e1tano CONSUM",
        "price": 1.95,
        "price_kilo": 1.3,
        "slug": "yogur-liquido-con-fresa-platano",
        "description": "Yogur L\u00edquido con Fresa-Pl\u00e1tano 1500 Gr",
        "image": "https:\/\/cdn-consum.aktiosdigitalservices.com\/tol\/consum\/media\/product\/img\/300x300\/7394872.jpg?t=20250304113700"
    },
    {
        "id": 29544,
        "name": "Laca U\u00f1as Fast Gel 17 Vegana Secado R\u00e1pido MAYBELLINE",
        "price": 2.99,
        "price_kilo": 2.99,
        "slug": "laca-unas-fast-gel-17-vegana-secado-rapido",
        "description": "Laca U\u00f1as Fast Gel 17 Vegana Secado R\u00e1pido 1 U",
        "image": "https:\/\/cdn-consum.aktiosdigitalservices.com\/tol\/consum\/media\/product\/img\/300x300\/7396047.jpg?t=20250109104541"
    },
    {
        "id": 29545,
        "name": "Laca U\u00f1as Fast Gel 13 Vegana Secado R\u00e1pido MAYBELLINE",
        "price": 2.99,
        "price_kilo": 2.99,
        "slug": "laca-unas-fast-gel-13-vegana-secado-rapido",
        "description": "Laca U\u00f1as Fast Gel 13 Vegana Secado R\u00e1pido 1 U",
        "image": "https:\/\/cdn-consum.aktiosdigitalservices.com\/tol\/consum\/media\/product\/img\/300x300\/7396054.jpg?t=20250312092816"
    },
    {
        "id": 29547,
        "name": "Laca U\u00f1as Fast Gel Top Coat MAYBELLINE",
        "price": 2.99,
        "price_kilo": 2.99,
        "slug": "laca-unas-fast-gel-top-coat",
        "description": "Laca U\u00f1as Fast Gel Top Coat 1 U",
        "image": "https:\/\/cdn-consum.aktiosdigitalservices.com\/tol\/consum\/media\/product\/img\/300x300\/7396062.jpg?t=20241217081234"
    },
    {
        "id": 29548,
        "name": "Laca U\u00f1as Fast Gel 12 Vegana Secado R\u00e1pido MAYBELLINE",
        "price": 2.99,
        "price_kilo": 2.99,
        "slug": "laca-unas-fast-gel-12-vegana-secado-rapido",
        "description": "Laca U\u00f1as Fast Gel 12 Vegana Secado R\u00e1pido 1 U",
        "image": "https:\/\/cdn-consum.aktiosdigitalservices.com\/tol\/consum\/media\/product\/img\/300x300\/7396067.jpg?t=20250109104548"
    },
    {
        "id": 29549,
        "name": "Laca U\u00f1as Fast Gel 4 Vegana Secado R\u00e1pido MAYBELLINE",
        "price": 2.99,
        "price_kilo": 2.99,
        "slug": "laca-unas-fast-gel-4-vegana-secado-rapido",
        "description": "Laca U\u00f1as Fast Gel 4 Vegana Secado R\u00e1pido 1 U",
        "image": "https:\/\/cdn-consum.aktiosdigitalservices.com\/tol\/consum\/media\/product\/img\/300x300\/7396070.jpg?t=20250109104551"
    },
    {
        "id": 29550,
        "name": "Laca U\u00f1as Fast Gel 11 Vegana Secado R\u00e1pido MAYBELLINE",
        "price": 2.99,
        "price_kilo": 2.99,
        "slug": "laca-unas-fast-gel-11-vegana-secado-rapido",
        "description": "Laca U\u00f1as Fast Gel 11 Vegana Secado R\u00e1pido 1 U",
        "image": "https:\/\/cdn-consum.aktiosdigitalservices.com\/tol\/consum\/media\/product\/img\/300x300\/7396075.jpg?t=20250109104554"
    },
    {
        "id": 29552,
        "name": "Laca U\u00f1as Fast Gel 18 Vegana Secado R\u00e1pido MAYBELLINE",
        "price": 2.99,
        "price_kilo": 2.99,
        "slug": "laca-unas-fast-gel-18-vegana-secado-rapido",
        "description": "Laca U\u00f1as Fast Gel 18 Vegana Secado R\u00e1pido 1 U",
        "image": "https:\/\/cdn-consum.aktiosdigitalservices.com\/tol\/consum\/media\/product\/img\/300x300\/7396088.jpg?t=20250312092816"
    },
    {
        "id": 29554,
        "name": "Laca U\u00f1as Fast Gel 10 Vegana Secado R\u00e1pido MAYBELLINE",
        "price": 2.99,
        "price_kilo": 2.99,
        "slug": "laca-unas-fast-gel-10-vegana-secado-rapido",
        "description": "Laca U\u00f1as Fast Gel 10 Vegana Secado R\u00e1pido 1 U",
        "image": "https:\/\/cdn-consum.aktiosdigitalservices.com\/tol\/consum\/media\/product\/img\/300x300\/7396096.jpg?t=20250312092816"
    },
    {
        "id": 29555,
        "name": "Laca U\u00f1as Fast Gel 2 Vegana Secado R\u00e1pido MAYBELLINE",
        "price": 2.99,
        "price_kilo": 2.99,
        "slug": "laca-unas-fast-gel-2-vegana-secado-rapido",
        "description": "Laca U\u00f1as Fast Gel 2 Vegana Secado R\u00e1pido 1 U",
        "image": "https:\/\/cdn-consum.aktiosdigitalservices.com\/tol\/consum\/media\/product\/img\/300x300\/7396104.jpg?t=20250109104601"
    },
    {
        "id": 29556,
        "name": "Labial Vinyl N\u00ba55 MAYBELLINE",
        "price": 11.25,
        "price_kilo": 11.25,
        "slug": "labial-vinyl-n55",
        "description": "Labial Vinyl N\u00ba55 1 U",
        "image": "https:\/\/cdn-consum.aktiosdigitalservices.com\/tol\/consum\/media\/product\/img\/300x300\/7396166.jpg?t=20250211080638"
    },
    {
        "id": 29557,
        "name": "Labial Vinyl N\u00ba50 MAYBELLINE",
        "price": 11.25,
        "price_kilo": 11.25,
        "slug": "labial-vinyl-n50",
        "description": "Labial Vinyl N\u00ba50 1 U",
        "image": "https:\/\/cdn-consum.aktiosdigitalservices.com\/tol\/consum\/media\/product\/img\/300x300\/7396174.jpg?t=20250312092816"
    },
    {
        "id": 29558,
        "name": "Labial Vinyl N\u00ba15 MAYBELLINE",
        "price": 11.25,
        "price_kilo": 11.25,
        "slug": "labial-vinyl-n15",
        "description": "Labial Vinyl N\u00ba15 1 U",
        "image": "https:\/\/cdn-consum.aktiosdigitalservices.com\/tol\/consum\/media\/product\/img\/300x300\/7396182.jpg?t=20250312092816"
    },
    {
        "id": 29559,
        "name": "Labial Vinyl N\u00ba25 MAYBELLINE",
        "price": 11.25,
        "price_kilo": 11.25,
        "slug": "labial-vinyl-n25",
        "description": "Labial Vinyl N\u00ba25 1 U",
        "image": "https:\/\/cdn-consum.aktiosdigitalservices.com\/tol\/consum\/media\/product\/img\/300x300\/7396299.jpg?t=20250312092816"
    },
    {
        "id": 29560,
        "name": "Labial Vinyl N\u00ba10 MAYBELLINE",
        "price": 11.25,
        "price_kilo": 11.25,
        "slug": "labial-vinyl-n10",
        "description": "Labial Vinyl N\u00ba10 1 U",
        "image": "https:\/\/cdn-consum.aktiosdigitalservices.com\/tol\/consum\/media\/product\/img\/300x300\/7396307.jpg?t=20250312092816"
    },
    {
        "id": 29561,
        "name": "Labial Vinyl N\u00ba20 MAYBELLINE",
        "price": 11.25,
        "price_kilo": 11.25,
        "slug": "labial-vinyl-n20",
        "description": "Labial Vinyl N\u00ba20 1 U",
        "image": "https:\/\/cdn-consum.aktiosdigitalservices.com\/tol\/consum\/media\/product\/img\/300x300\/7396310.jpg?t=20241217081235"
    },
    {
        "id": 29562,
        "name": "Insecticida Voladores Lim\u00f3n EBOG\u00d3N",
        "price": 2.25,
        "price_kilo": 0.3,
        "slug": "insecticida-voladores-limon",
        "description": "Insecticida Voladores Lim\u00f3n 750 ml",
        "image": "https:\/\/cdn-consum.aktiosdigitalservices.com\/tol\/consum\/media\/product\/img\/300x300\/7396869.jpg?t=20241217081236"
    },
    {
        "id": 29563,
        "name": "Insecticida Voladores Sin Olor EBOG\u00d3N",
        "price": 2.25,
        "price_kilo": 0.3,
        "slug": "insecticida-voladores-sin-olor",
        "description": "Insecticida Voladores Sin Olor 750 ml",
        "image": "https:\/\/cdn-consum.aktiosdigitalservices.com\/tol\/consum\/media\/product\/img\/300x300\/7396872.jpg?t=20241217081236"
    },
    {
        "id": 29564,
        "name": "Insecticidas Cucarachas EBOG\u00d3N",
        "price": 2.7,
        "price_kilo": 6.75,
        "slug": "insecticidas-cucarachas",
        "description": "Insecticidas Cucarachas 0,4 L",
        "image": "https:\/\/cdn-consum.aktiosdigitalservices.com\/tol\/consum\/media\/product\/img\/300x300\/7396877.jpg?t=20241217081236"
    },
    {
        "id": 29566,
        "name": "Yogur L\u00edquido 00% con Fresa CONSUM",
        "price": 1.37,
        "price_kilo": 1.37,
        "slug": "yogur-liquido-00-con-fresa",
        "description": "Yogur L\u00edquido 00% con Fresa 1000 Gr",
        "image": "https:\/\/cdn-consum.aktiosdigitalservices.com\/tol\/consum\/media\/product\/img\/300x300\/7397669.jpg?t=20241223080456"
    },
    {
        "id": 29570,
        "name": "Recambio Air Wick Duplo F.Matic W.Buquet AIR WICK",
        "price": 10.99,
        "price_kilo": 5.5,
        "slug": "recambio-air-wick-duplo-fmatic-wbuquet",
        "description": "Recambio Air Wick Duplo F.Matic W.Buquet 2 x 1 U",
        "image": "https:\/\/cdn-consum.aktiosdigitalservices.com\/tol\/consum\/media\/product\/img\/300x300\/7399975.jpg?t=20250313080946"
    },
    {
        "id": 29572,
        "name": "Pulidor U\u00f1as 4 Fases PONETTE",
        "price": 1.79,
        "price_kilo": 1.79,
        "slug": "pulidor-unas-4-fases",
        "description": "Pulidor U\u00f1as 4 Fases 1 U",
        "image": "https:\/\/cdn-consum.aktiosdigitalservices.com\/tol\/consum\/media\/product\/img\/300x300\/7400567.jpg?t=20241217081240"
    },
    {
        "id": 29576,
        "name": "Turbante Toalla Microfibra PONETTE",
        "price": 2.7,
        "price_kilo": 2.7,
        "slug": "turbante-toalla-microfibra",
        "description": "Turbante Toalla Microfibra 1 U",
        "image": "https:\/\/cdn-consum.aktiosdigitalservices.com\/tol\/consum\/media\/product\/img\/300x300\/7400732.jpg?t=20241217081240"
    },
    {
        "id": 29588,
        "name": "Queso Gruy\u00e8re France IGP ENTREMONT",
        "price": 3.31,
        "price_kilo": 16.55,
        "slug": "queso-gruyere-france-igp",
        "description": "Queso Gruy\u00e8re France IGP 200 Gr",
        "image": "https:\/\/cdn-consum.aktiosdigitalservices.com\/tol\/consum\/media\/product\/img\/300x300\/7402001.jpg?t=20250314121649"
    },
    {
        "id": 29590,
        "name": "Espejo 10 Aumentos PONETTE",
        "price": 2.99,
        "price_kilo": 2.99,
        "slug": "espejo-10-aumentos",
        "description": "Espejo 10 Aumentos 1 U",
        "image": "https:\/\/cdn-consum.aktiosdigitalservices.com\/tol\/consum\/media\/product\/img\/300x300\/7402105.jpg?t=20250312092819"
    },
    {
        "id": 29593,
        "name": "Comida Gatos Nature Buey sin Cereales ULTIMA",
        "price": 10.55,
        "price_kilo": 9.59,
        "slug": "comida-gatos-nature-buey-sin-cereales",
        "description": "Comida Gatos Nature Buey sin Cereales 1,1 Kg",
        "image": "https:\/\/cdn-consum.aktiosdigitalservices.com\/tol\/consum\/media\/product\/img\/300x300\/7402279.jpg?t=20250304115751"
    },
    {
        "id": 29597,
        "name": "Hogaza Rebanada 100% Natural ",
        "price": 1.4,
        "price_kilo": 2.75,
        "slug": "hogaza-rebanada-100-natural",
        "description": "Hogaza Rebanada 100% Natural 510 Gr",
        "image": "https:\/\/cdn-consum.aktiosdigitalservices.com\/tol\/consum\/media\/product\/img\/300x300\/7402550.jpg?t=20250318080536"
    },
    {
        "id": 29598,
        "name": "Codillo TELLO",
        "price": 6.49,
        "price_kilo": 9.27,
        "slug": "codillo",
        "description": "Codillo 700 Gr",
        "image": "https:\/\/cdn-consum.aktiosdigitalservices.com\/tol\/consum\/media\/product\/img\/300x300\/7402568.jpg?t=20250312130042"
    },
    {
        "id": 29600,
        "name": "Chuleta de Pavo CONSUM",
        "price": 4.85,
        "price_kilo": 8.05,
        "slug": "chuleta-de-pavo",
        "description": "Chuleta de Pavo",
        "image": "https:\/\/cdn-consum.aktiosdigitalservices.com\/tol\/consum\/media\/product\/img\/300x300\/7402803.jpg?t=20241217081241"
    },
    {
        "id": 29602,
        "name": "Alubias a la Vasca Bote LITORAL",
        "price": 2.85,
        "price_kilo": 6.63,
        "slug": "alubias-a-la-vasca-bote",
        "description": "Alubias a la Vasca Bote 430 Gr",
        "image": "https:\/\/cdn-consum.aktiosdigitalservices.com\/tol\/consum\/media\/product\/img\/300x300\/7402949.jpg?t=20250109104828"
    },
    {
        "id": 29603,
        "name": "Garbanzos con Espinacas LITORAL",
        "price": 1.8,
        "price_kilo": 4.24,
        "slug": "garbanzos-con-espinacas",
        "description": "Garbanzos con Espinacas 425 Gr",
        "image": "https:\/\/cdn-consum.aktiosdigitalservices.com\/tol\/consum\/media\/product\/img\/300x300\/7402951.jpg?t=20250227094216"
    },
    {
        "id": 29607,
        "name": "Gel \u00cdntimo KYREY",
        "price": 1.25,
        "price_kilo": 0.25,
        "slug": "gel-intimo",
        "description": "Gel \u00cdntimo 500 ml",
        "image": "https:\/\/cdn-consum.aktiosdigitalservices.com\/tol\/consum\/media\/product\/img\/300x300\/7387509.jpg?t=20241217081225"
    },
    {
        "id": 29608,
        "name": "Yogur L\u00edquido con Pi\u00f1a-Coco CONSUM",
        "price": 1.37,
        "price_kilo": 1.37,
        "slug": "yogur-liquido-con-pina-coco",
        "description": "Yogur L\u00edquido con Pi\u00f1a-Coco 1000 Gr",
        "image": "https:\/\/cdn-consum.aktiosdigitalservices.com\/tol\/consum\/media\/product\/img\/300x300\/7391048.jpg?t=20241223080438"
    },
    {
        "id": 29609,
        "name": "Pistachos Tostados Paquete CONSUM",
        "price": 4.69,
        "price_kilo": 15.63,
        "slug": "pistachos-tostados-paquete",
        "description": "Pistachos Tostados Paquete 300 Gr",
        "image": "https:\/\/cdn-consum.aktiosdigitalservices.com\/tol\/consum\/media\/product\/img\/300x300\/7392066.jpg?t=20250312092808"
    },
    {
        "id": 29616,
        "name": "Patata Rellena Jamon y Queso LA CULINARIA",
        "price": 1.79,
        "price_kilo": 11.19,
        "slug": "patata-rellena-jamon-y-queso",
        "description": "Patata Rellena Jamon y Queso 160 Gr",
        "image": "https:\/\/cdn-consum.aktiosdigitalservices.com\/tol\/consum\/media\/product\/img\/300x300\/7400211.jpg?t=20241217081239"
    },
    {
        "id": 29621,
        "name": "Espetec Extra CAN DURAN",
        "price": 2.45,
        "price_kilo": 16.33,
        "slug": "espetec-extra",
        "description": "Espetec Extra 150 Gr",
        "image": "https:\/\/cdn-consum.aktiosdigitalservices.com\/tol\/consum\/media\/product\/img\/300x300\/7401560.jpg?t=20250227094207"
    },
    {
        "id": 29627,
        "name": "Arroz Salm\u00f3n y Aguacate CONSUM",
        "price": 2.89,
        "price_kilo": 8.92,
        "slug": "arroz-salmon-y-aguacate",
        "description": "Arroz Salm\u00f3n y Aguacate 324 Gr",
        "image": "https:\/\/cdn-consum.aktiosdigitalservices.com\/tol\/consum\/media\/product\/img\/300x300\/7402576.jpg?t=20241217081241"
    },
    {
        "id": 29628,
        "name": "Rodillo Quitapelusas 60 Hojas WORLD ENERGY",
        "price": 1.75,
        "price_kilo": 1.75,
        "slug": "rodillo-quitapelusas-60-hojas",
        "description": "Rodillo Quitapelusas 60 Hojas 1 U",
        "image": "https:\/\/cdn-consum.aktiosdigitalservices.com\/tol\/consum\/media\/product\/img\/300x300\/7402589.jpg?t=20241217081241"
    },
    {
        "id": 29629,
        "name": "Pack de Tealights Vainilla AROMATIUM",
        "price": 1.75,
        "price_kilo": 0.1,
        "slug": "pack-de-tealights-vainilla",
        "description": "Pack de Tealights Vainilla 18 U",
        "image": "https:\/\/cdn-consum.aktiosdigitalservices.com\/tol\/consum\/media\/product\/img\/300x300\/7402600.jpg?t=20241217081241"
    },
    {
        "id": 29630,
        "name": "Pack de Tealights Jazm\u00edn AROMATIUM",
        "price": 1.75,
        "price_kilo": 0.1,
        "slug": "pack-de-tealights-jazmin",
        "description": "Pack de Tealights Jazm\u00edn 18 U",
        "image": "https:\/\/cdn-consum.aktiosdigitalservices.com\/tol\/consum\/media\/product\/img\/300x300\/7402605.jpg?t=20241217081241"
    },
    {
        "id": 29631,
        "name": "Pack de Tealights 4 Horas LUMINUM",
        "price": 4.69,
        "price_kilo": 0.16,
        "slug": "pack-de-tealights-4-horas",
        "description": "Pack de Tealights 4 Horas 30 U",
        "image": "https:\/\/cdn-consum.aktiosdigitalservices.com\/tol\/consum\/media\/product\/img\/300x300\/7402613.jpg?t=20241217081241"
    },
    {
        "id": 29632,
        "name": "Pack Velas Cil\u00edndricas Color Blanco LUMINUM",
        "price": 1.65,
        "price_kilo": 0.41,
        "slug": "pack-velas-cilindricas-color-blanco",
        "description": "Pack Velas Cil\u00edndricas Color Blanco 4 U",
        "image": "https:\/\/cdn-consum.aktiosdigitalservices.com\/tol\/consum\/media\/product\/img\/300x300\/7402618.jpg?t=20241217081241"
    },
    {
        "id": 29633,
        "name": "Pack Vel\u00f3n Peque\u00f1o Color Rojo LUMINUM",
        "price": 0.99,
        "price_kilo": 0.33,
        "slug": "pack-velon-pequeno-color-rojo",
        "description": "Pack Vel\u00f3n Peque\u00f1o Color Rojo 3 U",
        "image": "https:\/\/cdn-consum.aktiosdigitalservices.com\/tol\/consum\/media\/product\/img\/300x300\/7402621.jpg?t=20241217081241"
    },
    {
        "id": 29634,
        "name": "Vino Blanco Verdejo D.O. Rueda CUATRO RAYAS",
        "price": 5.29,
        "price_kilo": 7.05,
        "slug": "vino-blanco-verdejo-do-rueda",
        "description": "Vino Blanco Verdejo D.O. Rueda 0,75 L",
        "image": "https:\/\/cdn-consum.aktiosdigitalservices.com\/tol\/consum\/media\/product\/img\/300x300\/7402647.jpg?t=20250227094213"
    },
    {
        "id": 29638,
        "name": "Gel Dermoprotector SANEX",
        "price": 3.9,
        "price_kilo": 0.46,
        "slug": "gel-dermoprotector",
        "description": "Gel Dermoprotector 850 ml",
        "image": "https:\/\/cdn-consum.aktiosdigitalservices.com\/tol\/consum\/media\/product\/img\/300x300\/7402720.jpg?t=20250227094215"
    },
    {
        "id": 29645,
        "name": "Molde Desechable para Magdalena ",
        "price": 1.89,
        "price_kilo": 0.04,
        "slug": "molde-desechable-para-magdalena",
        "description": "Molde Desechable para Magdalena 50 U",
        "image": "https:\/\/cdn-consum.aktiosdigitalservices.com\/tol\/consum\/media\/product\/img\/300x300\/7403009.jpg?t=20250312092819"
    },
    {
        "id": 29648,
        "name": "Whisky Scotch 10 A\u00f1os BALLANTINES",
        "price": 22.5,
        "price_kilo": 32.14,
        "slug": "whisky-scotch-10-anos",
        "description": "Whisky Scotch 10 A\u00f1os 0,7 L",
        "image": "https:\/\/cdn-consum.aktiosdigitalservices.com\/tol\/consum\/media\/product\/img\/300x300\/7403038.jpg?t=20250312092819"
    },
    {
        "id": 29652,
        "name": "Ras El Hanout DUCROS",
        "price": 2.35,
        "price_kilo": 6.18,
        "slug": "ras-el-hanout",
        "description": "Ras El Hanout 38 Gr",
        "image": "https:\/\/cdn-consum.aktiosdigitalservices.com\/tol\/consum\/media\/product\/img\/300x300\/7403066.jpg?t=20241217081241"
    },
    {
        "id": 29701,
        "name": "Yogur L\u00edquido Melocot\u00f3n-Maracuy\u00e1 CONSUM",
        "price": 1.37,
        "price_kilo": 1.37,
        "slug": "yogur-liquido-melocoton-maracuya",
        "description": "Yogur L\u00edquido Melocot\u00f3n-Maracuy\u00e1 1000 Gr",
        "image": "https:\/\/cdn-consum.aktiosdigitalservices.com\/tol\/consum\/media\/product\/img\/300x300\/7391055.jpg?t=20241223080441"
    },
    {
        "id": 29702,
        "name": "Yogur L\u00edquido con Fresa-Pl\u00e1tano CONSUM",
        "price": 1.37,
        "price_kilo": 1.37,
        "slug": "yogur-liquido-con-fresa-platano",
        "description": "Yogur L\u00edquido con Fresa-Pl\u00e1tano 1000 Gr",
        "image": "https:\/\/cdn-consum.aktiosdigitalservices.com\/tol\/consum\/media\/product\/img\/300x300\/7391063.jpg?t=20241223080443"
    },
    {
        "id": 29704,
        "name": "C\u00f3ctel Ensalada Crudo Doypack CONSUM",
        "price": 1.89,
        "price_kilo": 12.6,
        "slug": "coctel-ensalada-crudo-doypack",
        "description": "C\u00f3ctel Ensalada Crudo Doypack 150 Gr",
        "image": "https:\/\/cdn-consum.aktiosdigitalservices.com\/tol\/consum\/media\/product\/img\/300x300\/7397909.jpg?t=20250312092817"
    },
    {
        "id": 29709,
        "name": "Higi\u00e9nico Doble Capa Original SCOTTEX",
        "price": 2.99,
        "price_kilo": 0.25,
        "slug": "higienico-doble-capa-original",
        "description": "Higi\u00e9nico Doble Capa Original 12 U",
        "image": "https:\/\/cdn-consum.aktiosdigitalservices.com\/tol\/consum\/media\/product\/img\/300x300\/7400856.jpg?t=20250312130038"
    },
    {
        "id": 29711,
        "name": "Maquinilla Desechable Sensor 3 Cool GILLETTE",
        "price": 4.99,
        "price_kilo": 1.25,
        "slug": "maquinilla-desechable-sensor-3-cool",
        "description": "Maquinilla Desechable Sensor 3 Cool 4 U",
        "image": "https:\/\/cdn-consum.aktiosdigitalservices.com\/tol\/consum\/media\/product\/img\/300x300\/7401255.jpg?t=20250228080544"
    },
    {
        "id": 29712,
        "name": "Queso Edam Barra M.VICENTE",
        "price": 10.3,
        "price_kilo": 10.3,
        "slug": "queso-edam-barra",
        "description": "Queso Edam Barra",
        "image": "https:\/\/cdn-consum.aktiosdigitalservices.com\/tol\/consum\/media\/product\/img\/300x300\/7402089.jpg?t=20250303075852"
    },
    {
        "id": 29715,
        "name": "Pack de Tealights Frutas del Bosque AROMATIUM",
        "price": 1.75,
        "price_kilo": 0.1,
        "slug": "pack-de-tealights-frutas-del-bosque",
        "description": "Pack de Tealights Frutas del Bosque 18 U",
        "image": "https:\/\/cdn-consum.aktiosdigitalservices.com\/tol\/consum\/media\/product\/img\/300x300\/7402597.jpg?t=20241217081241"
    },
    {
        "id": 29719,
        "name": "Queso Oveja Semicurado en lonchas SANABRIA",
        "price": 1.97,
        "price_kilo": 19.7,
        "slug": "queso-oveja-semicurado-en-lonchas",
        "description": "Queso Oveja Semicurado en lonchas 100 Gr",
        "image": "https:\/\/cdn-consum.aktiosdigitalservices.com\/tol\/consum\/media\/product\/img\/300x300\/7402811.jpg?t=20250103082357"
    },
    {
        "id": 29727,
        "name": "Gel Ba\u00f1o Classic MOUSSEL",
        "price": 3.79,
        "price_kilo": 0.58,
        "slug": "gel-bano-classic",
        "description": "Gel Ba\u00f1o Classic 650 ml",
        "image": "https:\/\/cdn-consum.aktiosdigitalservices.com\/tol\/consum\/media\/product\/img\/300x300\/7403301.jpg?t=20250311134614"
    },
    {
        "id": 29730,
        "name": "Mermelada de Cereza de Temporada HERO",
        "price": 2.69,
        "price_kilo": 7.69,
        "slug": "mermelada-de-cereza-de-temporada",
        "description": "Mermelada de Cereza de Temporada 350 Gr",
        "image": "https:\/\/cdn-consum.aktiosdigitalservices.com\/tol\/consum\/media\/product\/img\/300x300\/7403389.jpg?t=20250311112124"
    },
    {
        "id": 29731,
        "name": "Vino Blanco Varietal Reg. Castilla La Mancha MUCHO MAS",
        "price": 4.45,
        "price_kilo": 5.93,
        "slug": "vino-blanco-varietal-reg-castilla-la-mancha",
        "description": "Vino Blanco Varietal Reg. Castilla La Mancha 0,75 L",
        "image": "https:\/\/cdn-consum.aktiosdigitalservices.com\/tol\/consum\/media\/product\/img\/300x300\/7403574.jpg?t=20250312092819"
    },
    {
        "id": 29733,
        "name": "Margarina Proactive Tarrina FLORA",
        "price": 3.09,
        "price_kilo": 13.73,
        "slug": "margarina-proactive-tarrina",
        "description": "Margarina Proactive Tarrina 225 Gr",
        "image": "https:\/\/cdn-consum.aktiosdigitalservices.com\/tol\/consum\/media\/product\/img\/300x300\/7403587.jpg?t=20250218081018"
    },
    {
        "id": 29734,
        "name": "Croqueta Carrillera ",
        "price": 0.65,
        "price_kilo": 13,
        "slug": "croqueta-carrillera",
        "description": "Croqueta Carrillera 50 Gr",
        "image": "https:\/\/cdn-consum.aktiosdigitalservices.com\/tol\/consum\/media\/product\/img\/300x300\/7403632.jpg?t=20250318080538"
    },
    {
        "id": 29736,
        "name": "Croqueta de la Abuela Pollo y Jam\u00f3n ",
        "price": 0.65,
        "price_kilo": 10.4,
        "slug": "croqueta-de-la-abuela-pollo-y-jamon",
        "description": "Croqueta de la Abuela Pollo y Jam\u00f3n 62 Gr",
        "image": "https:\/\/cdn-consum.aktiosdigitalservices.com\/tol\/consum\/media\/product\/img\/300x300\/7403640.jpg?t=20250318080540"
    },
    {
        "id": 29740,
        "name": "Fregasuelos Naranja ASEVI",
        "price": 2.09,
        "price_kilo": 2.2,
        "slug": "fregasuelos-naranja",
        "description": "Fregasuelos Naranja 0,95 L",
        "image": "https:\/\/cdn-consum.aktiosdigitalservices.com\/tol\/consum\/media\/product\/img\/300x300\/7403785.jpg?t=20250312092819"
    },
    {
        "id": 29741,
        "name": "Fregasuelos Mio ASEVI",
        "price": 2.09,
        "price_kilo": 2.2,
        "slug": "fregasuelos-mio",
        "description": "Fregasuelos Mio 0,95 L",
        "image": "https:\/\/cdn-consum.aktiosdigitalservices.com\/tol\/consum\/media\/product\/img\/300x300\/7403793.jpg?t=20250227094230"
    },
    {
        "id": 29744,
        "name": "Bac\u00f3n en Lonchas ELPOZO",
        "price": 1.5,
        "price_kilo": 13.64,
        "slug": "bacon-en-lonchas",
        "description": "Bac\u00f3n en Lonchas 110 Gr",
        "image": "https:\/\/cdn-consum.aktiosdigitalservices.com\/tol\/consum\/media\/product\/img\/300x300\/7403848.jpg?t=20250213080437"
    },
    {
        "id": 29745,
        "name": "Esp\u00e1rrago Triguero ",
        "price": 2.35,
        "price_kilo": 9.4,
        "slug": "esparrago-triguero",
        "description": "Esp\u00e1rrago Triguero 250 Gr",
        "image": "https:\/\/cdn-consum.aktiosdigitalservices.com\/tol\/consum\/media\/product\/img\/300x300\/7404114.jpg?t=20250312161102"
    },
    {
        "id": 29746,
        "name": "Perfumador Pink Botella 36 Lavados ASEVI",
        "price": 4.15,
        "price_kilo": 0.12,
        "slug": "perfumador-pink-botella-36-lavados",
        "description": "Perfumador Pink Botella 36 Lavados 36 Lv",
        "image": "https:\/\/cdn-consum.aktiosdigitalservices.com\/tol\/consum\/media\/product\/img\/300x300\/7404122.jpg?t=20250313080956"
    },
    {
        "id": 29748,
        "name": "Jam\u00f3n Asado Natural 92% Carne, sin Aditivos ELPOZO 1954",
        "price": 2.75,
        "price_kilo": 21.15,
        "slug": "jamon-asado-natural-92-carne-sin-aditivos",
        "description": "Jam\u00f3n Asado Natural 92% Carne, sin Aditivos 130 Gr",
        "image": "https:\/\/cdn-consum.aktiosdigitalservices.com\/tol\/consum\/media\/product\/img\/300x300\/7404168.jpg?t=20250227094238"
    },
    {
        "id": 29749,
        "name": "Yogur L\u00edquido Natural Azucarado CONSUM",
        "price": 1.37,
        "price_kilo": 1.37,
        "slug": "yogur-liquido-natural-azucarado",
        "description": "Yogur L\u00edquido Natural Azucarado 1000 Gr",
        "image": "https:\/\/cdn-consum.aktiosdigitalservices.com\/tol\/consum\/media\/product\/img\/300x300\/7391043.jpg?t=20241223080436"
    },
    {
        "id": 29752,
        "name": "C\u00f3ctel Mix Crudo Natural Doypack CONSUM",
        "price": 2.24,
        "price_kilo": 14.93,
        "slug": "coctel-mix-crudo-natural-doypack",
        "description": "C\u00f3ctel Mix Crudo Natural Doypack 150 Gr",
        "image": "https:\/\/cdn-consum.aktiosdigitalservices.com\/tol\/consum\/media\/product\/img\/300x300\/7397912.jpg?t=20250103082338"
    },
    {
        "id": 29755,
        "name": "Base Full Cover Colorstay Sand Beige REVLON",
        "price": 10.55,
        "price_kilo": 10.55,
        "slug": "base-full-cover-colorstay-sand-beige",
        "description": "Base Full Cover Colorstay Sand Beige 1 U",
        "image": "https:\/\/cdn-consum.aktiosdigitalservices.com\/tol\/consum\/media\/product\/img\/300x300\/7400476.jpg?t=20250304113801"
    },
    {
        "id": 29756,
        "name": "Base Full Cover Colorstay Natural Beige REVLON",
        "price": 10.55,
        "price_kilo": 10.55,
        "slug": "base-full-cover-colorstay-natural-beige",
        "description": "Base Full Cover Colorstay Natural Beige 1 U",
        "image": "https:\/\/cdn-consum.aktiosdigitalservices.com\/tol\/consum\/media\/product\/img\/300x300\/7400484.jpg?t=20250304113802"
    },
    {
        "id": 29757,
        "name": "Base Full Cover Colorstay Medium Beige REVLON",
        "price": 10.55,
        "price_kilo": 10.55,
        "slug": "base-full-cover-colorstay-medium-beige",
        "description": "Base Full Cover Colorstay Medium Beige 1 U",
        "image": "https:\/\/cdn-consum.aktiosdigitalservices.com\/tol\/consum\/media\/product\/img\/300x300\/7400489.jpg?t=20250312092819"
    },
    {
        "id": 29758,
        "name": "Base Full Cover Colorstay True Beige REVLON",
        "price": 10.55,
        "price_kilo": 10.55,
        "slug": "base-full-cover-colorstay-true-beige",
        "description": "Base Full Cover Colorstay True Beige 1 U",
        "image": "https:\/\/cdn-consum.aktiosdigitalservices.com\/tol\/consum\/media\/product\/img\/300x300\/7400500.jpg?t=20250312092819"
    },
    {
        "id": 29759,
        "name": "Base Full Cover Colorstay Natural Tan REVLON",
        "price": 10.55,
        "price_kilo": 10.55,
        "slug": "base-full-cover-colorstay-natural-tan",
        "description": "Base Full Cover Colorstay Natural Tan 1 U",
        "image": "https:\/\/cdn-consum.aktiosdigitalservices.com\/tol\/consum\/media\/product\/img\/300x300\/7400513.jpg?t=20250304113806"
    },
    {
        "id": 29775,
        "name": "Pan de Agua ",
        "price": 0.94,
        "price_kilo": 3.76,
        "slug": "pan-de-agua",
        "description": "Pan de Agua 250 Gr",
        "image": "https:\/\/cdn-consum.aktiosdigitalservices.com\/tol\/consum\/media\/product\/img\/300x300\/7403090.jpg?t=20250313080954"
    },
    {
        "id": 29778,
        "name": "Batido de Cacao Vaso CACAOLAT",
        "price": 1.53,
        "price_kilo": 7.65,
        "slug": "batido-de-cacao-vaso",
        "description": "Batido de Cacao Vaso 200 ml",
        "image": "https:\/\/cdn-consum.aktiosdigitalservices.com\/tol\/consum\/media\/product\/img\/300x300\/7403314.jpg?t=20250311112120"
    },
    {
        "id": 29783,
        "name": "Maquinilla Afeitar Sensitive 5 Hojas LEA",
        "price": 4.7,
        "price_kilo": 4.7,
        "slug": "maquinilla-afeitar-sensitive-5-hojas",
        "description": "Maquinilla Afeitar Sensitive 5 Hojas 1 U",
        "image": "https:\/\/cdn-consum.aktiosdigitalservices.com\/tol\/consum\/media\/product\/img\/300x300\/7403611.jpg?t=20241217081241"
    },
    {
        "id": 29784,
        "name": "Recambio Sensitive 5 Hojas LEA",
        "price": 4.8,
        "price_kilo": 1.2,
        "slug": "recambio-sensitive-5-hojas",
        "description": "Recambio Sensitive 5 Hojas 4 U",
        "image": "https:\/\/cdn-consum.aktiosdigitalservices.com\/tol\/consum\/media\/product\/img\/300x300\/7403665.jpg?t=20250206095542"
    },
    {
        "id": 29785,
        "name": "Manzanilla D.O.Sanlucar Barrameda LA SE\u00d1ORITA",
        "price": 4.15,
        "price_kilo": 5.53,
        "slug": "manzanilla-dosanlucar-barrameda",
        "description": "Manzanilla D.O.Sanlucar Barrameda 0,75 L",
        "image": "https:\/\/cdn-consum.aktiosdigitalservices.com\/tol\/consum\/media\/product\/img\/300x300\/7403876.jpg?t=20241217081241"
    },
    {
        "id": 29799,
        "name": "Recambio Duplo El\u00e9ctrico White Bouquet AIR WICK",
        "price": 9.49,
        "price_kilo": 9.49,
        "slug": "recambio-duplo-electrico-white-bouquet",
        "description": "Recambio Duplo El\u00e9ctrico White Bouquet 1 U",
        "image": "https:\/\/cdn-consum.aktiosdigitalservices.com\/tol\/consum\/media\/product\/img\/300x300\/7399988.jpg?t=20250313080948"
    },
    {
        "id": 29802,
        "name": "Postre de Coco Natural ALPRO",
        "price": 2.59,
        "price_kilo": 7.4,
        "slug": "postre-de-coco-natural",
        "description": "Postre de Coco Natural 350 Gr",
        "image": "https:\/\/cdn-consum.aktiosdigitalservices.com\/tol\/consum\/media\/product\/img\/300x300\/7401768.jpg?t=20250227094209"
    },
    {
        "id": 29807,
        "name": "Crema Regenerist SPF30 3 \u00c1reas D\u00eda OLAY",
        "price": 27.9,
        "price_kilo": 55.8,
        "slug": "crema-regenerist-spf30-3-areas-dia",
        "description": "Crema Regenerist SPF30 3 \u00c1reas D\u00eda 50 ml",
        "image": "https:\/\/cdn-consum.aktiosdigitalservices.com\/tol\/consum\/media\/product\/img\/300x300\/7403652.jpg?t=20250312092819"
    },
    {
        "id": 29808,
        "name": "Galletas Finas Avena Chocoleche GULLON ZERO",
        "price": 2.15,
        "price_kilo": 14.34,
        "slug": "galletas-finas-avena-chocoleche",
        "description": "Galletas Finas Avena Chocoleche 150 Gr",
        "image": "https:\/\/cdn-consum.aktiosdigitalservices.com\/tol\/consum\/media\/product\/img\/300x300\/7403686.jpg?t=20250311112126"
    },
    {
        "id": 29809,
        "name": "Galleta Fina Chocoleche GULLON ZERO",
        "price": 2.15,
        "price_kilo": 14.34,
        "slug": "galleta-fina-chocoleche",
        "description": "Galleta Fina Chocoleche 150 Gr",
        "image": "https:\/\/cdn-consum.aktiosdigitalservices.com\/tol\/consum\/media\/product\/img\/300x300\/7403694.jpg?t=20250311112129"
    },
    {
        "id": 29814,
        "name": "Toallitas Desmaquillantes Piel Mixta VITESSE",
        "price": 2.69,
        "price_kilo": 0.11,
        "slug": "toallitas-desmaquillantes-piel-mixta",
        "description": "Toallitas Desmaquillantes Piel Mixta 25 U",
        "image": "https:\/\/cdn-consum.aktiosdigitalservices.com\/tol\/consum\/media\/product\/img\/300x300\/7403939.jpg?t=20250204081547"
    },
    {
        "id": 29818,
        "name": "Ron Dominicano Imperial BARCEL\u00d3",
        "price": 33.5,
        "price_kilo": 47.86,
        "slug": "ron-dominicano-imperial",
        "description": "Ron Dominicano Imperial 0,7 L",
        "image": "https:\/\/cdn-consum.aktiosdigitalservices.com\/tol\/consum\/media\/product\/img\/300x300\/7404221.jpg?t=20250312092819"
    },
    {
        "id": 29823,
        "name": "Galleta Choco Finas MILKA",
        "price": 2.3,
        "price_kilo": 18.25,
        "slug": "galleta-choco-finas",
        "description": "Galleta Choco Finas 126 Gr",
        "image": "https:\/\/cdn-consum.aktiosdigitalservices.com\/tol\/consum\/media\/product\/img\/300x300\/7404312.jpg?t=20250311134621"
    },
    {
        "id": 29832,
        "name": "Pesto Rosso con Aceto Bals\u00e1mico di M\u00f3dena BARILLA",
        "price": 2.99,
        "price_kilo": 14.95,
        "slug": "pesto-rosso-con-aceto-balsamico-di-modena",
        "description": "Pesto Rosso con Aceto Bals\u00e1mico di M\u00f3dena 200 Gr",
        "image": "https:\/\/cdn-consum.aktiosdigitalservices.com\/tol\/consum\/media\/product\/img\/300x300\/7404499.jpg?t=20250312092820"
    },
    {
        "id": 29833,
        "name": "Grano de Avena Cocida BRILLANTE",
        "price": 1.35,
        "price_kilo": 5.4,
        "slug": "grano-de-avena-cocida",
        "description": "Grano de Avena Cocida 2 x 125 Gr",
        "image": "https:\/\/cdn-consum.aktiosdigitalservices.com\/tol\/consum\/media\/product\/img\/300x300\/7404507.jpg?t=20241217081242"
    },
    {
        "id": 29834,
        "name": "Crema Bio 10 Forte Tratamiento De Choque BELLA AURORA",
        "price": 22.9,
        "price_kilo": 114.5,
        "slug": "crema-bio-10-forte-tratamiento-de-choque",
        "description": "Crema Bio 10 Forte Tratamiento De Choque 20 ml",
        "image": "https:\/\/cdn-consum.aktiosdigitalservices.com\/tol\/consum\/media\/product\/img\/300x300\/7404627.jpg?t=20250312092820"
    },
    {
        "id": 29835,
        "name": "Obleas Artesanas 20 unidades DICAR",
        "price": 0.49,
        "price_kilo": 1.4,
        "slug": "obleas-artesanas-20-unidades",
        "description": "Obleas Artesanas 20 unidades 35 Gr",
        "image": "https:\/\/cdn-consum.aktiosdigitalservices.com\/tol\/consum\/media\/product\/img\/300x300\/7404895.jpg?t=20250311112151"
    },
    {
        "id": 29836,
        "name": "C\u00e1psulas Colesterol NATURTIERRA",
        "price": 5.99,
        "price_kilo": 0.2,
        "slug": "capsulas-colesterol",
        "description": "C\u00e1psulas Colesterol 30 U",
        "image": "https:\/\/cdn-consum.aktiosdigitalservices.com\/tol\/consum\/media\/product\/img\/300x300\/7404903.jpg?t=20241217081243"
    },
    {
        "id": 29838,
        "name": "Tortilla de Camar\u00f3n congelada EMFACAR",
        "price": 2.29,
        "price_kilo": 6.54,
        "slug": "tortilla-de-camaron-congelada",
        "description": "Tortilla de Camar\u00f3n congelada 350 Gr",
        "image": "https:\/\/cdn-consum.aktiosdigitalservices.com\/tol\/consum\/media\/product\/img\/300x300\/7394984.jpg?t=20241218080732"
    },
    {
        "id": 29839,
        "name": "T\u00f3nica Botella Vidrio SCHWEPPES",
        "price": 1.09,
        "price_kilo": 5.45,
        "slug": "tonica-botella-vidrio",
        "description": "T\u00f3nica Botella Vidrio 0,2 L",
        "image": "https:\/\/cdn-consum.aktiosdigitalservices.com\/tol\/consum\/media\/product\/img\/300x300\/7402923.jpg?t=20250220080925"
    },
    {
        "id": 29840,
        "name": "Limpiador Vitrocer\u00e1mica Crema Naranja FROSCH",
        "price": 5.1,
        "price_kilo": 10.2,
        "slug": "limpiador-vitroceramica-crema-naranja",
        "description": "Limpiador Vitrocer\u00e1mica Crema Naranja 500 ml",
        "image": "https:\/\/cdn-consum.aktiosdigitalservices.com\/tol\/consum\/media\/product\/img\/300x300\/7403280.jpg?t=20250227094220"
    },
    {
        "id": 29841,
        "name": "Chocolate con Oreo MILKA",
        "price": 4.15,
        "price_kilo": 13.83,
        "slug": "chocolate-con-oreo",
        "description": "Chocolate con Oreo 300 Gr",
        "image": "https:\/\/cdn-consum.aktiosdigitalservices.com\/tol\/consum\/media\/product\/img\/300x300\/7403827.jpg?t=20250311134616"
    },
    {
        "id": 29847,
        "name": "Champ\u00fa Vitamin Force Fortificante. Cabello fr\u00e1gil FRUCTIS",
        "price": 4.55,
        "price_kilo": 1.2,
        "slug": "champu-vitamin-force-fortificante-cabello-fragil",
        "description": "Champ\u00fa Vitamin Force Fortificante. Cabello fr\u00e1gil 380 ml",
        "image": "https:\/\/cdn-consum.aktiosdigitalservices.com\/tol\/consum\/media\/product\/img\/300x300\/7404262.jpg?t=20250206095614"
    },
    {
        "id": 29848,
        "name": "Aceitunas Verdes Rellenas de Anchoa LA ESPA\u00d1OLA",
        "price": 2.59,
        "price_kilo": 17.27,
        "slug": "aceitunas-verdes-rellenas-de-anchoa",
        "description": "Aceitunas Verdes Rellenas de Anchoa 150 Gr",
        "image": "https:\/\/cdn-consum.aktiosdigitalservices.com\/tol\/consum\/media\/product\/img\/300x300\/7404325.jpg?t=20250219080441"
    },
    {
        "id": 29849,
        "name": "Champ\u00fa M\u00e9todo Curly GIORGI",
        "price": 4.69,
        "price_kilo": 1.34,
        "slug": "champu-metodo-curly",
        "description": "Champ\u00fa M\u00e9todo Curly 350 ml",
        "image": "https:\/\/cdn-consum.aktiosdigitalservices.com\/tol\/consum\/media\/product\/img\/300x300\/7404338.jpg?t=20250206095619"
    },
    {
        "id": 29850,
        "name": "Mascarilla M\u00e9todo Curly GIORGI",
        "price": 4.95,
        "price_kilo": 1.41,
        "slug": "mascarilla-metodo-curly",
        "description": "Mascarilla M\u00e9todo Curly 350 ml",
        "image": "https:\/\/cdn-consum.aktiosdigitalservices.com\/tol\/consum\/media\/product\/img\/300x300\/7404341.jpg?t=20250213080441"
    },
    {
        "id": 29851,
        "name": "Gel Definidor M\u00e9todo Curly GIORGI",
        "price": 4.79,
        "price_kilo": 1.92,
        "slug": "gel-definidor-metodo-curly",
        "description": "Gel Definidor M\u00e9todo Curly 250 ml",
        "image": "https:\/\/cdn-consum.aktiosdigitalservices.com\/tol\/consum\/media\/product\/img\/300x300\/7404346.jpg?t=20241217081242"
    },
    {
        "id": 29855,
        "name": "Margarina Vegetal Tarrina FLORA",
        "price": 3.09,
        "price_kilo": 7.73,
        "slug": "margarina-vegetal-tarrina",
        "description": "Margarina Vegetal Tarrina 400 Gr",
        "image": "https:\/\/cdn-consum.aktiosdigitalservices.com\/tol\/consum\/media\/product\/img\/300x300\/7404721.jpg?t=20250312130052"
    },
    {
        "id": 29858,
        "name": "Jam\u00f3n Cocido Extra Family ELPOZO",
        "price": 3.49,
        "price_kilo": 8.73,
        "slug": "jamon-cocido-extra-family",
        "description": "Jam\u00f3n Cocido Extra Family 2 x 200 Gr",
        "image": "https:\/\/cdn-consum.aktiosdigitalservices.com\/tol\/consum\/media\/product\/img\/300x300\/7404759.jpg?t=20250213080443"
    },
    {
        "id": 29859,
        "name": "Pechuga de Pavo Family ELPOZO",
        "price": 3.89,
        "price_kilo": 9.73,
        "slug": "pechuga-de-pavo-family",
        "description": "Pechuga de Pavo Family 2 x 200 Gr",
        "image": "https:\/\/cdn-consum.aktiosdigitalservices.com\/tol\/consum\/media\/product\/img\/300x300\/7404767.jpg?t=20250213080445"
    },
    {
        "id": 29861,
        "name": "Pizza congelada Forno di Pietra 4 Formaggi BUITONI",
        "price": 3.1,
        "price_kilo": 9.12,
        "slug": "pizza-congelada-forno-di-pietra-4-formaggi",
        "description": "Pizza congelada Forno di Pietra 4 Formaggi 340 Gr",
        "image": "https:\/\/cdn-consum.aktiosdigitalservices.com\/tol\/consum\/media\/product\/img\/300x300\/7404796.jpg?t=20250315075903"
    },
    {
        "id": 29864,
        "name": "Pizza congelada Ristorante Vegana RISTORANTE",
        "price": 3.89,
        "price_kilo": 11.28,
        "slug": "pizza-congelada-ristorante-vegana",
        "description": "Pizza congelada Ristorante Vegana 345 Gr",
        "image": "https:\/\/cdn-consum.aktiosdigitalservices.com\/tol\/consum\/media\/product\/img\/300x300\/7404817.jpg?t=20250227094251"
    },
    {
        "id": 29867,
        "name": "Piedra Blanca Limpieza CHUBB",
        "price": 3.95,
        "price_kilo": 7.9,
        "slug": "piedra-blanca-limpieza",
        "description": "Piedra Blanca Limpieza 500 Gr",
        "image": "https:\/\/cdn-consum.aktiosdigitalservices.com\/tol\/consum\/media\/product\/img\/300x300\/7404841.jpg?t=20241217081242"
    },
    {
        "id": 29869,
        "name": "Espuma Dream Long ELVIVE",
        "price": 4.95,
        "price_kilo": 2.48,
        "slug": "espuma-dream-long",
        "description": "Espuma Dream Long 200 ml",
        "image": "https:\/\/cdn-consum.aktiosdigitalservices.com\/tol\/consum\/media\/product\/img\/300x300\/7404866.jpg?t=20250312092820"
    },
    {
        "id": 29871,
        "name": "Burger Crispy Chicken ALDELIS",
        "price": 2.39,
        "price_kilo": 9.96,
        "slug": "burger-crispy-chicken",
        "description": "Burger Crispy Chicken 240 Gr",
        "image": "https:\/\/cdn-consum.aktiosdigitalservices.com\/tol\/consum\/media\/product\/img\/300x300\/7404952.jpg?t=20250318080549"
    },
    {
        "id": 29879,
        "name": "Toallitas \u00cdntimas KYREY",
        "price": 1.25,
        "price_kilo": 0.05,
        "slug": "toallitas-intimas",
        "description": "Toallitas \u00cdntimas 24 U",
        "image": "https:\/\/cdn-consum.aktiosdigitalservices.com\/tol\/consum\/media\/product\/img\/300x300\/7376762.jpg?t=20241217081219"
    },
    {
        "id": 29880,
        "name": "Torreznos Adobados Bolsa CONSUM",
        "price": 2.3,
        "price_kilo": 15.33,
        "slug": "torreznos-adobados-bolsa",
        "description": "Torreznos Adobados Bolsa 150 Gr",
        "image": "https:\/\/cdn-consum.aktiosdigitalservices.com\/tol\/consum\/media\/product\/img\/300x300\/7397722.jpg?t=20250312092817"
    },
    {
        "id": 29882,
        "name": "Ambientador El\u00e9ctrico White Bouquet Aparato AIR WICK",
        "price": 6.5,
        "price_kilo": 6.5,
        "slug": "ambientador-electrico-white-bouquet-aparato",
        "description": "Ambientador El\u00e9ctrico White Bouquet Aparato 1 U",
        "image": "https:\/\/cdn-consum.aktiosdigitalservices.com\/tol\/consum\/media\/product\/img\/300x300\/7400299.jpg?t=20250227094155"
    },
    {
        "id": 29883,
        "name": "Cava Brut D.O. Cava MONTECASINO",
        "price": 1.75,
        "price_kilo": 8.75,
        "slug": "cava-brut-do-cava",
        "description": "Cava Brut D.O. Cava 0,2 L",
        "image": "https:\/\/cdn-consum.aktiosdigitalservices.com\/tol\/consum\/media\/product\/img\/300x300\/7400570.jpg?t=20250207080225"
    },
    {
        "id": 29890,
        "name": "Pastillas de Encendido Sin Olor FOC D'OR",
        "price": 1.05,
        "price_kilo": 0.03,
        "slug": "pastillas-de-encendido-sin-olor",
        "description": "Pastillas de Encendido Sin Olor 36 U",
        "image": "https:\/\/cdn-consum.aktiosdigitalservices.com\/tol\/consum\/media\/product\/img\/300x300\/7402998.jpg?t=20250121080720"
    },
    {
        "id": 29891,
        "name": "Pan Molde Cereales y Semillas CONSUM",
        "price": 1.6,
        "price_kilo": 2.37,
        "slug": "pan-molde-cereales-y-semillas",
        "description": "Pan Molde Cereales y Semillas 675 Gr",
        "image": "https:\/\/cdn-consum.aktiosdigitalservices.com\/tol\/consum\/media\/product\/img\/300x300\/7403272.jpg?t=20250311134611"
    },
    {
        "id": 29894,
        "name": "Higi\u00e9nico Megarollo 6 Rollos SCOTTEX",
        "price": 3.99,
        "price_kilo": 0.67,
        "slug": "higienico-megarollo-6-rollos",
        "description": "Higi\u00e9nico Megarollo 6 Rollos 6 U",
        "image": "https:\/\/cdn-consum.aktiosdigitalservices.com\/tol\/consum\/media\/product\/img\/300x300\/7403921.jpg?t=20250227094236"
    },
    {
        "id": 29896,
        "name": "Cerveza Dorada Pack de 6 botellas EL \u00c1GUILA",
        "price": 3.35,
        "price_kilo": 2.79,
        "slug": "cerveza-dorada-pack-de-6-botellas",
        "description": "Cerveza Dorada Pack de 6 botellas 6 x 0,2 L",
        "image": "https:\/\/cdn-consum.aktiosdigitalservices.com\/tol\/consum\/media\/product\/img\/300x300\/7404234.jpg?t=20250312130049"
    },
    {
        "id": 29906,
        "name": "Pizza Bianca Lenta Fermentaci\u00f3n TARRADELLAS",
        "price": 4.49,
        "price_kilo": 11.23,
        "slug": "pizza-bianca-lenta-fermentacion",
        "description": "Pizza Bianca Lenta Fermentaci\u00f3n 400 Gr",
        "image": "https:\/\/cdn-consum.aktiosdigitalservices.com\/tol\/consum\/media\/product\/img\/300x300\/7404858.jpg?t=20241217081243"
    },
    {
        "id": 29907,
        "name": "Pizza Jam\u00f3n Lenta Fermentaci\u00f3n TARRADELLAS",
        "price": 4.29,
        "price_kilo": 10.73,
        "slug": "pizza-jamon-lenta-fermentacion",
        "description": "Pizza Jam\u00f3n Lenta Fermentaci\u00f3n 400 Gr",
        "image": "https:\/\/cdn-consum.aktiosdigitalservices.com\/tol\/consum\/media\/product\/img\/300x300\/7404874.jpg?t=20241217081243"
    },
    {
        "id": 29909,
        "name": "Chocolate Negro para Postres NESTLE",
        "price": 3.69,
        "price_kilo": 18.45,
        "slug": "chocolate-negro-para-postres",
        "description": "Chocolate Negro para Postres 200 Gr",
        "image": "https:\/\/cdn-consum.aktiosdigitalservices.com\/tol\/consum\/media\/product\/img\/300x300\/7404981.jpg?t=20250311134634"
    },
    {
        "id": 29910,
        "name": "Caja Cumplea\u00f1os Fun Box FINI",
        "price": 1.15,
        "price_kilo": 16.43,
        "slug": "caja-cumpleanos-fun-box",
        "description": "Caja Cumplea\u00f1os Fun Box 70 Gr",
        "image": "https:\/\/cdn-consum.aktiosdigitalservices.com\/tol\/consum\/media\/product\/img\/300x300\/7404986.jpg?t=20250312092820"
    },
    {
        "id": 29911,
        "name": "Palo Antideslizante 140 cm MIK",
        "price": 1.19,
        "price_kilo": 1.19,
        "slug": "palo-antideslizante-140-cm",
        "description": "Palo Antideslizante 140 cm 1 U",
        "image": "https:\/\/cdn-consum.aktiosdigitalservices.com\/tol\/consum\/media\/product\/img\/300x300\/7405041.jpg?t=20241217081243"
    },
    {
        "id": 29912,
        "name": "Ca\u00f1ita de Papel Flexible Rayas Negras\/Blancas BETIK",
        "price": 1.69,
        "price_kilo": 0.04,
        "slug": "canita-de-papel-flexible-rayas-negras-blancas",
        "description": "Ca\u00f1ita de Papel Flexible Rayas Negras\/Blancas 48 U",
        "image": "https:\/\/cdn-consum.aktiosdigitalservices.com\/tol\/consum\/media\/product\/img\/300x300\/7405053.jpg?t=20241217081243"
    },
    {
        "id": 29913,
        "name": "Preparado para Rebozar Tempura Sin Huevo HARIMSA",
        "price": 1.69,
        "price_kilo": 3.38,
        "slug": "preparado-para-rebozar-tempura-sin-huevo",
        "description": "Preparado para Rebozar Tempura Sin Huevo 500 Gr",
        "image": "https:\/\/cdn-consum.aktiosdigitalservices.com\/tol\/consum\/media\/product\/img\/300x300\/7405124.jpg?t=20250109104937"
    },
    {
        "id": 29914,
        "name": "Mascarilla Hidratante TRESEMME",
        "price": 5.95,
        "price_kilo": 1.35,
        "slug": "mascarilla-hidratante",
        "description": "Mascarilla Hidratante 440 ml",
        "image": "https:\/\/cdn-consum.aktiosdigitalservices.com\/tol\/consum\/media\/product\/img\/300x300\/7405178.jpg?t=20250312161113"
    },
    {
        "id": 29915,
        "name": "Maquinilla Desechable 3 Hojas Premium LEA",
        "price": 2.55,
        "price_kilo": 0.64,
        "slug": "maquinilla-desechable-3-hojas-premium",
        "description": "Maquinilla Desechable 3 Hojas Premium 4 U",
        "image": "https:\/\/cdn-consum.aktiosdigitalservices.com\/tol\/consum\/media\/product\/img\/300x300\/7405194.jpg?t=20250206095644"
    },
    {
        "id": 29916,
        "name": "Maquinilla Desechable 2 Hojas Women Emerging LEA",
        "price": 1.15,
        "price_kilo": 0.23,
        "slug": "maquinilla-desechable-2-hojas-women-emerging",
        "description": "Maquinilla Desechable 2 Hojas Women Emerging 5 U",
        "image": "https:\/\/cdn-consum.aktiosdigitalservices.com\/tol\/consum\/media\/product\/img\/300x300\/7405199.jpg?t=20241217081243"
    },
    {
        "id": 29918,
        "name": "Granola Avena Chocolate Special K KELLOGG'S",
        "price": 3.35,
        "price_kilo": 10.47,
        "slug": "granola-avena-chocolate-special-k",
        "description": "Granola Avena Chocolate Special K 320 Gr",
        "image": "https:\/\/cdn-consum.aktiosdigitalservices.com\/tol\/consum\/media\/product\/img\/300x300\/7405269.jpg?t=20250311112202"
    },
    {
        "id": 29919,
        "name": "Pechuga Pollo Marinada al Ajillo ALDELIS",
        "price": 3.82,
        "price_kilo": 8.49,
        "slug": "pechuga-pollo-marinada-al-ajillo",
        "description": "Pechuga Pollo Marinada al Ajillo",
        "image": "https:\/\/cdn-consum.aktiosdigitalservices.com\/tol\/consum\/media\/product\/img\/300x300\/7405277.jpg?t=20250204081603"
    },
    {
        "id": 29920,
        "name": "Crema de Arroz Sin Gluten y Sin Az\u00facar HERO",
        "price": 2.95,
        "price_kilo": 13.41,
        "slug": "crema-de-arroz-sin-gluten-y-sin-azucar",
        "description": "Crema de Arroz Sin Gluten y Sin Az\u00facar 220 Gr",
        "image": "https:\/\/cdn-consum.aktiosdigitalservices.com\/tol\/consum\/media\/product\/img\/300x300\/7405285.jpg?t=20250311112205"
    },
    {
        "id": 29922,
        "name": "Champ\u00fa Infantil CONSUM KIDS",
        "price": 2.25,
        "price_kilo": 0.45,
        "slug": "champu-infantil",
        "description": "Champ\u00fa Infantil 500 ml",
        "image": "https:\/\/cdn-consum.aktiosdigitalservices.com\/tol\/consum\/media\/product\/img\/300x300\/7375702.jpg?t=20250206094749"
    },
    {
        "id": 29924,
        "name": "Limpiahogar Ph Neutro Aire Fresco CONSUM",
        "price": 1.55,
        "price_kilo": 1.03,
        "slug": "limpiahogar-ph-neutro-aire-fresco",
        "description": "Limpiahogar Ph Neutro Aire Fresco 1,5 L",
        "image": "https:\/\/cdn-consum.aktiosdigitalservices.com\/tol\/consum\/media\/product\/img\/300x300\/7392749.jpg?t=20241217081231"
    },
    {
        "id": 29926,
        "name": "Bebida L\u00e1ctea con Fresa CONSUM",
        "price": 1.99,
        "price_kilo": 1.66,
        "slug": "bebida-lactea-con-fresa",
        "description": "Bebida L\u00e1ctea con Fresa 12 x 100 Gr",
        "image": "https:\/\/cdn-consum.aktiosdigitalservices.com\/tol\/consum\/media\/product\/img\/300x300\/7397094.jpg?t=20250312130014"
    },
    {
        "id": 29930,
        "name": "Detergente C\u00e1psulas Power WIPP",
        "price": 9.99,
        "price_kilo": 0.3,
        "slug": "detergente-capsulas-power",
        "description": "Detergente C\u00e1psulas Power 33 Lv",
        "image": "https:\/\/cdn-consum.aktiosdigitalservices.com\/tol\/consum\/media\/product\/img\/300x300\/7403913.jpg?t=20250227094234"
    },
    {
        "id": 29933,
        "name": "Aceite de Oliva Virgen Extra Hojiblanca COOSUR",
        "price": 8.39,
        "price_kilo": 8.39,
        "slug": "aceite-de-oliva-virgen-extra-hojiblanca",
        "description": "Aceite de Oliva Virgen Extra Hojiblanca 1 L",
        "image": "https:\/\/cdn-consum.aktiosdigitalservices.com\/tol\/consum\/media\/product\/img\/300x300\/7404523.jpg?t=20250312161106"
    },
    {
        "id": 29942,
        "name": "Chulet\u00f3n de Cerdo Ib\u00e9rico EL POZO",
        "price": 2.25,
        "price_kilo": 17.99,
        "slug": "chuleton-de-cerdo-iberico",
        "description": "Chulet\u00f3n de Cerdo Ib\u00e9rico - Disponible jueves, viernes y s\u00e1bado",
        "image": "https:\/\/cdn-consum.aktiosdigitalservices.com\/tol\/consum\/media\/product\/img\/300x300\/7404853.jpg?t=20250322080031"
    },
    {
        "id": 29943,
        "name": "Palo 140 cm Colors MIK",
        "price": 1.75,
        "price_kilo": 1.75,
        "slug": "palo-140-cm-colors",
        "description": "Palo 140 cm Colors 1 U",
        "image": "https:\/\/cdn-consum.aktiosdigitalservices.com\/tol\/consum\/media\/product\/img\/300x300\/7404879.jpg?t=20250211080639"
    },
    {
        "id": 29944,
        "name": "Loci\u00f3n After Shave Aqua Velva WILLIAMS",
        "price": 4.49,
        "price_kilo": 4.49,
        "slug": "locion-after-shave-aqua-velva",
        "description": "Loci\u00f3n After Shave Aqua Velva 100 ml",
        "image": "https:\/\/cdn-consum.aktiosdigitalservices.com\/tol\/consum\/media\/product\/img\/300x300\/7405009.jpg?t=20250312092820"
    },
    {
        "id": 29945,
        "name": "Polvera Brillos Labiales DISNEY",
        "price": 4.95,
        "price_kilo": 4.95,
        "slug": "polvera-brillos-labiales",
        "description": "Polvera Brillos Labiales 1 U",
        "image": "https:\/\/cdn-consum.aktiosdigitalservices.com\/tol\/consum\/media\/product\/img\/300x300\/7405017.jpg?t=20241217081243"
    },
    {
        "id": 29952,
        "name": "Edulcorante Eritritol NATURWASSY",
        "price": 3.2,
        "price_kilo": 16,
        "slug": "edulcorante-eritritol",
        "description": "Edulcorante Eritritol 200 Gr",
        "image": "https:\/\/cdn-consum.aktiosdigitalservices.com\/tol\/consum\/media\/product\/img\/300x300\/7405298.jpg?t=20250311112207"
    },
    {
        "id": 29953,
        "name": "Vino Tinto Crianza D.O. Rioja VI\u00d1A POMAL",
        "price": 9.45,
        "price_kilo": 12.6,
        "slug": "vino-tinto-crianza-do-rioja",
        "description": "Vino Tinto Crianza D.O. Rioja 0,75 L",
        "image": "https:\/\/cdn-consum.aktiosdigitalservices.com\/tol\/consum\/media\/product\/img\/300x300\/7405335.jpg?t=20250311125155"
    },
    {
        "id": 29955,
        "name": "Palo Octogonal 140 cm MIK",
        "price": 2.19,
        "price_kilo": 2.19,
        "slug": "palo-octogonal-140-cm",
        "description": "Palo Octogonal 140 cm 1 U",
        "image": "https:\/\/cdn-consum.aktiosdigitalservices.com\/tol\/consum\/media\/product\/img\/300x300\/7405439.jpg?t=20241217081243"
    },
    {
        "id": 29956,
        "name": "Vino Rosado LATA PE\u00d1ASCAL",
        "price": 1.99,
        "price_kilo": 7.96,
        "slug": "vino-rosado-lata",
        "description": "Vino Rosado LATA 250 ml",
        "image": "https:\/\/cdn-consum.aktiosdigitalservices.com\/tol\/consum\/media\/product\/img\/300x300\/7405462.jpg?t=20250304113928"
    },
    {
        "id": 29957,
        "name": "Nuggets de Pollo FRIPOZO",
        "price": 2.15,
        "price_kilo": 7.17,
        "slug": "nuggets-de-pollo",
        "description": "Nuggets de Pollo 300 Gr",
        "image": "https:\/\/cdn-consum.aktiosdigitalservices.com\/tol\/consum\/media\/product\/img\/300x300\/7405822.jpg?t=20250206095708"
    },
    {
        "id": 29958,
        "name": "Jam\u00f3n Cocido Extra Corte Charcuter\u00eda CONSUM",
        "price": 2.41,
        "price_kilo": 12.05,
        "slug": "jamon-cocido-extra-corte-charcuteria",
        "description": "Jam\u00f3n Cocido Extra Corte Charcuter\u00eda 200 Gr",
        "image": "https:\/\/cdn-consum.aktiosdigitalservices.com\/tol\/consum\/media\/product\/img\/300x300\/7367787.jpg?t=20241217081213"
    },
    {
        "id": 29959,
        "name": "Pechuga de Pavo Extra Corte Charcuter\u00eda CONSUM",
        "price": 2.49,
        "price_kilo": 17.79,
        "slug": "pechuga-de-pavo-extra-corte-charcuteria",
        "description": "Pechuga de Pavo Extra Corte Charcuter\u00eda 140 Gr",
        "image": "https:\/\/cdn-consum.aktiosdigitalservices.com\/tol\/consum\/media\/product\/img\/300x300\/7372191.jpg?t=20241217081215"
    },
    {
        "id": 29963,
        "name": "Tajada Sandia CONSUM",
        "price": 0.89,
        "price_kilo": 5.93,
        "slug": "tajada-sandia",
        "description": "Tajada Sandia 150 Gr",
        "image": "https:\/\/cdn-consum.aktiosdigitalservices.com\/tol\/consum\/media\/product\/img\/300x300\/7390342.jpg?t=20250311125128"
    },
    {
        "id": 29964,
        "name": "Mix Regaliz CONSUM",
        "price": 0.89,
        "price_kilo": 5.93,
        "slug": "mix-regaliz",
        "description": "Mix Regaliz 150 Gr",
        "image": "https:\/\/cdn-consum.aktiosdigitalservices.com\/tol\/consum\/media\/product\/img\/300x300\/7390354.jpg?t=20250311125133"
    },
    {
        "id": 29975,
        "name": "Mixer Berry Lata ROYAL BLISS",
        "price": 0.75,
        "price_kilo": 3,
        "slug": "mixer-berry-lata",
        "description": "Mixer Berry Lata 0,25 L",
        "image": "https:\/\/cdn-consum.aktiosdigitalservices.com\/tol\/consum\/media\/product\/img\/300x300\/7404184.jpg?t=20250227094239"
    },
    {
        "id": 29979,
        "name": "Hogaza Ma\u00edz Semillas Calabaza y Girasol ",
        "price": 2.07,
        "price_kilo": 5.18,
        "slug": "hogaza-maiz-semillas-calabaza-y-girasol",
        "description": "Hogaza Ma\u00edz Semillas Calabaza y Girasol 400 Gr",
        "image": "https:\/\/cdn-consum.aktiosdigitalservices.com\/tol\/consum\/media\/product\/img\/300x300\/7404569.jpg?t=20250318080544"
    },
    {
        "id": 29981,
        "name": "Huevo L\/XL Docena MONTERDE",
        "price": 3.71,
        "price_kilo": 3.71,
        "slug": "huevo-l-xl-docena",
        "description": "Huevo L\/XL Docena 1 Dc",
        "image": "https:\/\/cdn-consum.aktiosdigitalservices.com\/tol\/consum\/media\/product\/img\/300x300\/7405038.jpg?t=20250311112157"
    },
    {
        "id": 29986,
        "name": "Cava Benjam\u00edn D.O. Cava CODORNIU",
        "price": 7.49,
        "price_kilo": 12.48,
        "slug": "cava-benjamin-do-cava",
        "description": "Cava Benjam\u00edn D.O. Cava 3 x 0,2 L",
        "image": "https:\/\/cdn-consum.aktiosdigitalservices.com\/tol\/consum\/media\/product\/img\/300x300\/7405343.jpg?t=20250203080146"
    },
    {
        "id": 29987,
        "name": "Caf\u00e9 Molido Crema e Gusto LAVAZZA",
        "price": 4.35,
        "price_kilo": 17.4,
        "slug": "cafe-molido-crema-e-gusto",
        "description": "Caf\u00e9 Molido Crema e Gusto 250 Gr",
        "image": "https:\/\/cdn-consum.aktiosdigitalservices.com\/tol\/consum\/media\/product\/img\/300x300\/7405348.jpg?t=20250311112210"
    },
    {
        "id": 29993,
        "name": "Rodaja At\u00fan ",
        "price": 4.14,
        "price_kilo": 22.95,
        "slug": "rodaja-atun",
        "description": "Rodaja At\u00fan",
        "image": "https:\/\/cdn-consum.aktiosdigitalservices.com\/tol\/consum\/media\/product\/img\/300x300\/7405447.jpg?t=20250318080956"
    },
    {
        "id": 29995,
        "name": "Aceite de Coco Virgen Ecol\u00f3gico LA ESPA\u00d1OLA",
        "price": 4.9,
        "price_kilo": 13.07,
        "slug": "aceite-de-coco-virgen-ecologico",
        "description": "Aceite de Coco Virgen Ecol\u00f3gico 375 ml",
        "image": "https:\/\/cdn-consum.aktiosdigitalservices.com\/tol\/consum\/media\/product\/img\/300x300\/7405467.jpg?t=20250219080453"
    },
    {
        "id": 29996,
        "name": "Q. Oveja Manchego DOP Leche Pasteur. Curado DON JULI\u00c1N",
        "price": 29.9,
        "price_kilo": 29.9,
        "slug": "q-oveja-manchego-dop-leche-pasteur-curado",
        "description": "Q. Oveja Manchego DOP Leche Pasteur. Curado",
        "image": "https:\/\/cdn-consum.aktiosdigitalservices.com\/tol\/consum\/media\/product\/img\/300x300\/7405475.jpg?t=20250313081001"
    },
    {
        "id": 29999,
        "name": "Pisto Casero de Verduras Frasco G.BLANCA",
        "price": 2.25,
        "price_kilo": 6.43,
        "slug": "pisto-casero-de-verduras-frasco",
        "description": "Pisto Casero de Verduras Frasco 350 Gr",
        "image": "https:\/\/cdn-consum.aktiosdigitalservices.com\/tol\/consum\/media\/product\/img\/300x300\/7405517.jpg?t=20250227094256"
    },
    {
        "id": 30002,
        "name": "Galleta Mini Cookies con Cacao Licencia MAXIES",
        "price": 2.19,
        "price_kilo": 8.76,
        "slug": "galleta-mini-cookies-con-cacao-licencia",
        "description": "Galleta Mini Cookies con Cacao Licencia 250 Gr",
        "image": "https:\/\/cdn-consum.aktiosdigitalservices.com\/tol\/consum\/media\/product\/img\/300x300\/7405611.jpg?t=20250311134636"
    },
    {
        "id": 30005,
        "name": "Barrita de Galleta Chocolate con Leche NESTLE",
        "price": 1.69,
        "price_kilo": 15.65,
        "slug": "barrita-de-galleta-chocolate-con-leche",
        "description": "Barrita de Galleta Chocolate con Leche 6 x 18 Gr",
        "image": "https:\/\/cdn-consum.aktiosdigitalservices.com\/tol\/consum\/media\/product\/img\/300x300\/7405637.jpg?t=20250312161115"
    },
    {
        "id": 30028,
        "name": "Salero 0% Sodio ARANCA",
        "price": 3.79,
        "price_kilo": 15.16,
        "slug": "salero-0-sodio",
        "description": "Salero 0% Sodio 250 Gr",
        "image": "https:\/\/cdn-consum.aktiosdigitalservices.com\/tol\/consum\/media\/product\/img\/300x300\/7405801.jpg?t=20250311125157"
    },
    {
        "id": 30032,
        "name": "Alcohol De Cannabis Spray BIOGLOW",
        "price": 1.99,
        "price_kilo": 1.59,
        "slug": "alcohol-de-cannabis-spray",
        "description": "Alcohol De Cannabis Spray 125 ml",
        "image": "https:\/\/cdn-consum.aktiosdigitalservices.com\/tol\/consum\/media\/product\/img\/300x300\/7405863.jpg?t=20250311134641"
    },
    {
        "id": 30046,
        "name": "Salteado Setas congelado CONSUM",
        "price": 1.65,
        "price_kilo": 3.67,
        "slug": "salteado-setas-congelado",
        "description": "Salteado Setas congelado 450 Gr",
        "image": "https:\/\/cdn-consum.aktiosdigitalservices.com\/tol\/consum\/media\/product\/img\/300x300\/7392509.jpg?t=20250321075949"
    },
    {
        "id": 30047,
        "name": "Tomate Triturado Ecol\u00f3gico CONSUM",
        "price": 1.15,
        "price_kilo": 2.88,
        "slug": "tomate-triturado-ecologico",
        "description": "Tomate Triturado Ecol\u00f3gico 400 Gr",
        "image": "https:\/\/cdn-consum.aktiosdigitalservices.com\/tol\/consum\/media\/product\/img\/300x300\/7395502.jpg?t=20241217081233"
    },
    {
        "id": 30048,
        "name": "Limpiador Antical Pistola CONSUM",
        "price": 1.65,
        "price_kilo": 2.2,
        "slug": "limpiador-antical-pistola",
        "description": "Limpiador Antical Pistola 750 ml",
        "image": "https:\/\/cdn-consum.aktiosdigitalservices.com\/tol\/consum\/media\/product\/img\/300x300\/7396620.jpg?t=20241217081236"
    },
    {
        "id": 30050,
        "name": "Neceser BATMAN",
        "price": 9.99,
        "price_kilo": 9.99,
        "slug": "neceser",
        "description": "Neceser 1 U",
        "image": "https:\/\/cdn-consum.aktiosdigitalservices.com\/tol\/consum\/media\/product\/img\/300x300\/7405012.jpg?t=20250313081000"
    },
    {
        "id": 30052,
        "name": "Leche Semi sin Lactosa Minibrick Pack de 3 ASTURIANA",
        "price": 1.41,
        "price_kilo": 2.35,
        "slug": "leche-semi-sin-lactosa-minibrick-pack-de-3",
        "description": "Leche Semi sin Lactosa Minibrick Pack de 3 3 x 200 ml",
        "image": "https:\/\/cdn-consum.aktiosdigitalservices.com\/tol\/consum\/media\/product\/img\/300x300\/7405103.jpg?t=20250311112200"
    },
    {
        "id": 30056,
        "name": "Palmito Entero Frasco PELLI",
        "price": 3.35,
        "price_kilo": 13.4,
        "slug": "palmito-entero-frasco",
        "description": "Palmito Entero Frasco 250 Gr",
        "image": "https:\/\/cdn-consum.aktiosdigitalservices.com\/tol\/consum\/media\/product\/img\/300x300\/7405533.jpg?t=20241217081244"
    },
    {
        "id": 30061,
        "name": "Salchichas King Big Classic ELPOZO KING",
        "price": 2.5,
        "price_kilo": 4.17,
        "slug": "salchichas-king-big-classic",
        "description": "Salchichas King Big Classic 3 x 200 Gr",
        "image": "https:\/\/cdn-consum.aktiosdigitalservices.com\/tol\/consum\/media\/product\/img\/300x300\/7405819.jpg?t=20250227094301"
    },
    {
        "id": 30078,
        "name": "Fres\u00f3n Relleno CONSUM",
        "price": 0.89,
        "price_kilo": 5.93,
        "slug": "freson-relleno",
        "description": "Fres\u00f3n Relleno 150 Gr",
        "image": "https:\/\/cdn-consum.aktiosdigitalservices.com\/tol\/consum\/media\/product\/img\/300x300\/7390347.jpg?t=20250312092808"
    },
    {
        "id": 30079,
        "name": "Girasoles Setas & Mascarpone CONSUM",
        "price": 2.57,
        "price_kilo": 10.28,
        "slug": "girasoles-setas-mascarpone",
        "description": "Girasoles Setas & Mascarpone 250 Gr",
        "image": "https:\/\/cdn-consum.aktiosdigitalservices.com\/tol\/consum\/media\/product\/img\/300x300\/7395689.jpg?t=20250103082324"
    },
    {
        "id": 30080,
        "name": "Girasoles Queso Cabra & Miel CONSUM",
        "price": 2.57,
        "price_kilo": 10.28,
        "slug": "girasoles-queso-cabra-miel",
        "description": "Girasoles Queso Cabra & Miel 250 Gr",
        "image": "https:\/\/cdn-consum.aktiosdigitalservices.com\/tol\/consum\/media\/product\/img\/300x300\/7395692.jpg?t=20250103082327"
    },
    {
        "id": 30083,
        "name": "Detergente C\u00e1psulas Floral WIPP",
        "price": 12.79,
        "price_kilo": 0.39,
        "slug": "detergente-capsulas-floral",
        "description": "Detergente C\u00e1psulas Floral 33 Lv",
        "image": "https:\/\/cdn-consum.aktiosdigitalservices.com\/tol\/consum\/media\/product\/img\/300x300\/7403918.jpg?t=20250312092819"
    },
    {
        "id": 30085,
        "name": "Caldo Natural de Pollo Con Jam\u00f3n ANETO",
        "price": 4.3,
        "price_kilo": 4.3,
        "slug": "caldo-natural-de-pollo-con-jamon",
        "description": "Caldo Natural de Pollo Con Jam\u00f3n 1 L",
        "image": "https:\/\/cdn-consum.aktiosdigitalservices.com\/tol\/consum\/media\/product\/img\/300x300\/7404429.jpg?t=20250318080542"
    },
    {
        "id": 30089,
        "name": "Pepinillos Laminados Agridulces RIOVERDE",
        "price": 1.99,
        "price_kilo": 6.86,
        "slug": "pepinillos-laminados-agridulces",
        "description": "Pepinillos Laminados Agridulces 290 Gr",
        "image": "https:\/\/cdn-consum.aktiosdigitalservices.com\/tol\/consum\/media\/product\/img\/300x300\/7405525.jpg?t=20250224075743"
    },
    {
        "id": 30090,
        "name": "Surtido de Setas \u00c1nfora CELORRIO",
        "price": 1.59,
        "price_kilo": 10.26,
        "slug": "surtido-de-setas-anfora",
        "description": "Surtido de Setas \u00c1nfora 155 Gr",
        "image": "https:\/\/cdn-consum.aktiosdigitalservices.com\/tol\/consum\/media\/product\/img\/300x300\/7405538.jpg?t=20241220080215"
    },
    {
        "id": 30094,
        "name": "Tortilla Vegana REVOLU GREEN",
        "price": 1.25,
        "price_kilo": 6.25,
        "slug": "tortilla-vegana",
        "description": "Tortilla Vegana 200 Gr",
        "image": "https:\/\/cdn-consum.aktiosdigitalservices.com\/tol\/consum\/media\/product\/img\/300x300\/7406148.jpg?t=20250227094303"
    },
    {
        "id": 30096,
        "name": "Cola de Gamb\u00f3n Pelada congelada WOFCO",
        "price": 11.25,
        "price_kilo": 28.13,
        "slug": "cola-de-gambon-pelada-congelada",
        "description": "Cola de Gamb\u00f3n Pelada congelada 400 Gr",
        "image": "https:\/\/cdn-consum.aktiosdigitalservices.com\/tol\/consum\/media\/product\/img\/300x300\/7406226.jpg?t=20250318080553"
    },
    {
        "id": 30105,
        "name": "Zumo Multifrutas 100% Free JUVER",
        "price": 1.75,
        "price_kilo": 1.75,
        "slug": "zumo-multifrutas-100-free",
        "description": "Zumo Multifrutas 100% Free 1 L",
        "image": "https:\/\/cdn-consum.aktiosdigitalservices.com\/tol\/consum\/media\/product\/img\/300x300\/7406457.jpg?t=20250227094310"
    },
    {
        "id": 30107,
        "name": "Quitamanchas Gel Oxy Blanco Puro NEUTREX",
        "price": 3.6,
        "price_kilo": 3.79,
        "slug": "quitamanchas-gel-oxy-blanco-puro",
        "description": "Quitamanchas Gel Oxy Blanco Puro 0,95 L",
        "image": "https:\/\/cdn-consum.aktiosdigitalservices.com\/tol\/consum\/media\/product\/img\/300x300\/7406622.jpg?t=20250312161117"
    },
    {
        "id": 30108,
        "name": "Quitamanchas Gel Oxy Color NEUTREX",
        "price": 3.6,
        "price_kilo": 3.79,
        "slug": "quitamanchas-gel-oxy-color",
        "description": "Quitamanchas Gel Oxy Color 0,95 L",
        "image": "https:\/\/cdn-consum.aktiosdigitalservices.com\/tol\/consum\/media\/product\/img\/300x300\/7406627.jpg?t=20250312161119"
    },
    {
        "id": 30110,
        "name": "Caf\u00e9 Grano Descafeinado CONSUM",
        "price": 5.99,
        "price_kilo": 11.98,
        "slug": "cafe-grano-descafeinado",
        "description": "Caf\u00e9 Grano Descafeinado 500 Gr",
        "image": "https:\/\/cdn-consum.aktiosdigitalservices.com\/tol\/consum\/media\/product\/img\/300x300\/7386105.jpg?t=20250311111825"
    },
    {
        "id": 30111,
        "name": "Chocolate 99% Cacao CONSUM",
        "price": 2.69,
        "price_kilo": 26.9,
        "slug": "chocolate-99-cacao",
        "description": "Chocolate 99% Cacao 100 Gr",
        "image": "https:\/\/cdn-consum.aktiosdigitalservices.com\/tol\/consum\/media\/product\/img\/300x300\/7390144.jpg?t=20250318080519"
    },
    {
        "id": 30114,
        "name": "Caf\u00e9 Descafeinado 16 C\u00e1psulas CONSUM",
        "price": 3.3,
        "price_kilo": 0.21,
        "slug": "cafe-descafeinado-16-capsulas",
        "description": "Caf\u00e9 Descafeinado 16 C\u00e1psulas 16 U",
        "image": "https:\/\/cdn-consum.aktiosdigitalservices.com\/tol\/consum\/media\/product\/img\/300x300\/7404478.jpg?t=20250311112141"
    },
    {
        "id": 30115,
        "name": "Caf\u00e9 Intenso 16 C\u00e1psulas CONSUM",
        "price": 3.3,
        "price_kilo": 0.21,
        "slug": "cafe-intenso-16-capsulas",
        "description": "Caf\u00e9 Intenso 16 C\u00e1psulas 16 U",
        "image": "https:\/\/cdn-consum.aktiosdigitalservices.com\/tol\/consum\/media\/product\/img\/300x300\/7404481.jpg?t=20250311134627"
    },
    {
        "id": 30142,
        "name": "Caf\u00e9 Grano Colombia BONKA",
        "price": 11.5,
        "price_kilo": 23,
        "slug": "cafe-grano-colombia",
        "description": "Caf\u00e9 Grano Colombia 500 Gr",
        "image": "https:\/\/cdn-consum.aktiosdigitalservices.com\/tol\/consum\/media\/product\/img\/300x300\/7406452.jpg?t=20250311112226"
    },
    {
        "id": 30147,
        "name": "Maquinilla Afeitar Proglide 5 Hojas+2 Rec GILLETTE",
        "price": 14.99,
        "price_kilo": 14.99,
        "slug": "maquinilla-afeitar-proglide-5-hojas2-rec",
        "description": "Maquinilla Afeitar Proglide 5 Hojas+2 Rec 1 U",
        "image": "https:\/\/cdn-consum.aktiosdigitalservices.com\/tol\/consum\/media\/product\/img\/300x300\/7406775.jpg?t=20250228080552"
    },
    {
        "id": 30151,
        "name": "Pistachos Tostados Sin C\u00e1scara y Sin Sal CONSUM",
        "price": 2.89,
        "price_kilo": 28.9,
        "slug": "pistachos-tostados-sin-cascara-y-sin-sal",
        "description": "Pistachos Tostados Sin C\u00e1scara y Sin Sal 100 Gr",
        "image": "https:\/\/cdn-consum.aktiosdigitalservices.com\/tol\/consum\/media\/product\/img\/300x300\/7398063.jpg?t=20241217081237"
    },
    {
        "id": 30152,
        "name": "Caf\u00e9 con Leche 16 C\u00e1psulas CONSUM",
        "price": 3.3,
        "price_kilo": 0.21,
        "slug": "cafe-con-leche-16-capsulas",
        "description": "Caf\u00e9 con Leche 16 C\u00e1psulas 16 U",
        "image": "https:\/\/cdn-consum.aktiosdigitalservices.com\/tol\/consum\/media\/product\/img\/300x300\/7404457.jpg?t=20250311134623"
    },
    {
        "id": 30153,
        "name": "Cortado 16 C\u00e1psulas CONSUM",
        "price": 3.3,
        "price_kilo": 0.21,
        "slug": "cortado-16-capsulas",
        "description": "Cortado 16 C\u00e1psulas 16 U",
        "image": "https:\/\/cdn-consum.aktiosdigitalservices.com\/tol\/consum\/media\/product\/img\/300x300\/7404465.jpg?t=20250312161104"
    },
    {
        "id": 30154,
        "name": "Caf\u00e9 Extra Intenso 16 C\u00e1psulas CONSUM",
        "price": 3.3,
        "price_kilo": 0.21,
        "slug": "cafe-extra-intenso-16-capsulas",
        "description": "Caf\u00e9 Extra Intenso 16 C\u00e1psulas 16 U",
        "image": "https:\/\/cdn-consum.aktiosdigitalservices.com\/tol\/consum\/media\/product\/img\/300x300\/7404486.jpg?t=20250311134630"
    },
    {
        "id": 30162,
        "name": "Colonia Rose A.DE SEVILLA",
        "price": 11.5,
        "price_kilo": 7.67,
        "slug": "colonia-rose",
        "description": "Colonia Rose 150 ml",
        "image": "https:\/\/cdn-consum.aktiosdigitalservices.com\/tol\/consum\/media\/product\/img\/300x300\/7406739.jpg?t=20241217081246"
    },
    {
        "id": 30163,
        "name": "Pollo Asado Troceado GRANJA GOURM",
        "price": 7.67,
        "price_kilo": 6.29,
        "slug": "pollo-asado-troceado",
        "description": "Pollo Asado Troceado",
        "image": "https:\/\/cdn-consum.aktiosdigitalservices.com\/tol\/consum\/media\/product\/img\/300x300\/7406770.jpg?t=20250322080033"
    },
    {
        "id": 30167,
        "name": "Pisto Verdura c\/Tomate CONSUM",
        "price": 2.29,
        "price_kilo": 5.09,
        "slug": "pisto-verdura-c-tomate",
        "description": "Pisto Verdura c\/Tomate 450 Gr",
        "image": "https:\/\/cdn-consum.aktiosdigitalservices.com\/tol\/consum\/media\/product\/img\/300x300\/7387541.jpg?t=20250114084540"
    },
    {
        "id": 30171,
        "name": "Salchichas Frankfurt sabor Ahumado CONSUM",
        "price": 1.3,
        "price_kilo": 2.63,
        "slug": "salchichas-frankfurt-sabor-ahumado",
        "description": "Salchichas Frankfurt sabor Ahumado 3 x 165 Gr",
        "image": "https:\/\/cdn-consum.aktiosdigitalservices.com\/tol\/consum\/media\/product\/img\/300x300\/7404408.jpg?t=20241217081242"
    },
    {
        "id": 30176,
        "name": "Comida para Hamster y Jerbos MIX MASCOTAS",
        "price": 1.89,
        "price_kilo": 2.36,
        "slug": "comida-para-hamster-y-jerbos",
        "description": "Comida para Hamster y Jerbos 800 Gr",
        "image": "https:\/\/cdn-consum.aktiosdigitalservices.com\/tol\/consum\/media\/product\/img\/300x300\/7406270.jpg?t=20241217081245"
    },
    {
        "id": 30177,
        "name": "Comida para Loros y Cotorras MIX MASCOTAS",
        "price": 2.49,
        "price_kilo": 4.15,
        "slug": "comida-para-loros-y-cotorras",
        "description": "Comida para Loros y Cotorras 600 Gr",
        "image": "https:\/\/cdn-consum.aktiosdigitalservices.com\/tol\/consum\/media\/product\/img\/300x300\/7406275.jpg?t=20250304115751"
    },
    {
        "id": 30178,
        "name": "Comida para Conejos Enanos MIX MASCOTAS",
        "price": 1.45,
        "price_kilo": 1.81,
        "slug": "comida-para-conejos-enanos",
        "description": "Comida para Conejos Enanos 800 Gr",
        "image": "https:\/\/cdn-consum.aktiosdigitalservices.com\/tol\/consum\/media\/product\/img\/300x300\/7406283.jpg?t=20241217081245"
    },
    {
        "id": 30180,
        "name": "Tomate Frito con Aceite de Oliva SOLIS",
        "price": 1.69,
        "price_kilo": 4.69,
        "slug": "tomate-frito-con-aceite-de-oliva",
        "description": "Tomate Frito con Aceite de Oliva 360 Gr",
        "image": "https:\/\/cdn-consum.aktiosdigitalservices.com\/tol\/consum\/media\/product\/img\/300x300\/7406429.jpg?t=20250227094308"
    },
    {
        "id": 30181,
        "name": "Jam\u00f3n de Teruel DOP Medias Lonchas ARCOIRIS",
        "price": 3.55,
        "price_kilo": 29.58,
        "slug": "jamon-de-teruel-dop-medias-lonchas",
        "description": "Jam\u00f3n de Teruel DOP Medias Lonchas 120 Gr",
        "image": "https:\/\/cdn-consum.aktiosdigitalservices.com\/tol\/consum\/media\/product\/img\/300x300\/7406465.jpg?t=20241217081245"
    },
    {
        "id": 30185,
        "name": "Mini Bollisol 3 Unidades DULCESOL",
        "price": 1,
        "price_kilo": 8.33,
        "slug": "mini-bollisol-3-unidades",
        "description": "Mini Bollisol 3 Unidades 120 Gr",
        "image": "https:\/\/cdn-consum.aktiosdigitalservices.com\/tol\/consum\/media\/product\/img\/300x300\/7407257.jpg?t=20250312092820"
    },
    {
        "id": 30187,
        "name": "Trigo Inflado Miel CERID\u00c9S",
        "price": 2.09,
        "price_kilo": 4.18,
        "slug": "trigo-inflado-miel",
        "description": "Trigo Inflado Miel 500 Gr",
        "image": "https:\/\/cdn-consum.aktiosdigitalservices.com\/tol\/consum\/media\/product\/img\/300x300\/7407278.jpg?t=20250318080555"
    },
    {
        "id": 30189,
        "name": "Colonia Infantil CONSUM KIDS",
        "price": 2.15,
        "price_kilo": 0.29,
        "slug": "colonia-infantil",
        "description": "Colonia Infantil 750 ml",
        "image": "https:\/\/cdn-consum.aktiosdigitalservices.com\/tol\/consum\/media\/product\/img\/300x300\/7379589.jpg?t=20250227093759"
    },
    {
        "id": 30192,
        "name": "Toallitas H\u00famedas Refrescantes SALUSTAR",
        "price": 1.19,
        "price_kilo": 0.06,
        "slug": "toallitas-humedas-refrescantes",
        "description": "Toallitas H\u00famedas Refrescantes 20 U",
        "image": "https:\/\/cdn-consum.aktiosdigitalservices.com\/tol\/consum\/media\/product\/img\/300x300\/7407203.jpg?t=20241217081246"
    },
    {
        "id": 30196,
        "name": "Cerveza Sabor Mezcal Botella MESCALINA",
        "price": 0.99,
        "price_kilo": 3,
        "slug": "cerveza-sabor-mezcal-botella",
        "description": "Cerveza Sabor Mezcal Botella 0,33 L",
        "image": "https:\/\/cdn-consum.aktiosdigitalservices.com\/tol\/consum\/media\/product\/img\/300x300\/7407562.jpg?t=20250206095729"
    },
    {
        "id": 30197,
        "name": "Crema D\u00eda Vitamina C Piel Normal KYREY",
        "price": 4.99,
        "price_kilo": 9.98,
        "slug": "crema-dia-vitamina-c-piel-normal",
        "description": "Crema D\u00eda Vitamina C Piel Normal 50 ml",
        "image": "https:\/\/cdn-consum.aktiosdigitalservices.com\/tol\/consum\/media\/product\/img\/300x300\/7382153.jpg?t=20241217081222"
    },
    {
        "id": 30198,
        "name": "Crema D\u00eda Vitamina C Piel Grasa KYREY",
        "price": 4.99,
        "price_kilo": 9.98,
        "slug": "crema-dia-vitamina-c-piel-grasa",
        "description": "Crema D\u00eda Vitamina C Piel Grasa 50 ml",
        "image": "https:\/\/cdn-consum.aktiosdigitalservices.com\/tol\/consum\/media\/product\/img\/300x300\/7382166.jpg?t=20241217081222"
    },
    {
        "id": 30199,
        "name": "Contorno Ojos Vitamina C KYREY",
        "price": 4.45,
        "price_kilo": 29.67,
        "slug": "contorno-ojos-vitamina-c",
        "description": "Contorno Ojos Vitamina C 15 ml",
        "image": "https:\/\/cdn-consum.aktiosdigitalservices.com\/tol\/consum\/media\/product\/img\/300x300\/7382174.jpg?t=20250125075901"
    },
    {
        "id": 30200,
        "name": "S\u00e9rum Vitamina C KYREY",
        "price": 5.99,
        "price_kilo": 19.97,
        "slug": "serum-vitamina-c",
        "description": "S\u00e9rum Vitamina C 30 ml",
        "image": "https:\/\/cdn-consum.aktiosdigitalservices.com\/tol\/consum\/media\/product\/img\/300x300\/7382179.jpg?t=20241217081222"
    },
    {
        "id": 30201,
        "name": "Crema Noche Vitamina C KYREY",
        "price": 4.99,
        "price_kilo": 9.98,
        "slug": "crema-noche-vitamina-c",
        "description": "Crema Noche Vitamina C 50 ml",
        "image": "https:\/\/cdn-consum.aktiosdigitalservices.com\/tol\/consum\/media\/product\/img\/300x300\/7382182.jpg?t=20250312092807"
    },
    {
        "id": 30203,
        "name": "Alcohol 96\u00ba KYREY PHARMA",
        "price": 0.75,
        "price_kilo": 0.3,
        "slug": "alcohol-96",
        "description": "Alcohol 96\u00ba 250 ml",
        "image": "https:\/\/cdn-consum.aktiosdigitalservices.com\/tol\/consum\/media\/product\/img\/300x300\/7398584.jpg?t=20250312092817"
    },
    {
        "id": 30204,
        "name": "Crema Corporal Aceite de Arg\u00e1n NAT.HONEY",
        "price": 3.99,
        "price_kilo": 1,
        "slug": "crema-corporal-aceite-de-argan",
        "description": "Crema Corporal Aceite de Arg\u00e1n 400 ml",
        "image": "https:\/\/cdn-consum.aktiosdigitalservices.com\/tol\/consum\/media\/product\/img\/300x300\/7404536.jpg?t=20250227094245"
    },
    {
        "id": 30205,
        "name": "Mousse Crema Piel Seca muy Seca LACTOVIT",
        "price": 4.9,
        "price_kilo": 1.23,
        "slug": "mousse-crema-piel-seca-muy-seca",
        "description": "Mousse Crema Piel Seca muy Seca 400 ml",
        "image": "https:\/\/cdn-consum.aktiosdigitalservices.com\/tol\/consum\/media\/product\/img\/300x300\/7406200.jpg?t=20241217081245"
    },
    {
        "id": 30206,
        "name": "Pat\u00e9 Superior de Pato Franc\u00e9s SIVOR\u00c9",
        "price": 3.99,
        "price_kilo": 26.6,
        "slug": "pate-superior-de-pato-frances",
        "description": "Pat\u00e9 Superior de Pato Franc\u00e9s 150 Gr",
        "image": "https:\/\/cdn-consum.aktiosdigitalservices.com\/tol\/consum\/media\/product\/img\/300x300\/7406358.jpg?t=20250131075955"
    },
    {
        "id": 30213,
        "name": "Colonia Masculina N\u00ba8 Atardecer Magn\u00e9tico V&L",
        "price": 13.95,
        "price_kilo": 9.3,
        "slug": "colonia-masculina-n8-atardecer-magnetico",
        "description": "Colonia Masculina N\u00ba8 Atardecer Magn\u00e9tico 150 ml",
        "image": "https:\/\/cdn-consum.aktiosdigitalservices.com\/tol\/consum\/media\/product\/img\/300x300\/7407161.jpg?t=20241217081246"
    },
    {
        "id": 30214,
        "name": "Colonia Masculina N\u00ba9 Noche Enigm\u00e1tica V&L",
        "price": 13.95,
        "price_kilo": 9.3,
        "slug": "colonia-masculina-n9-noche-enigmatica",
        "description": "Colonia Masculina N\u00ba9 Noche Enigm\u00e1tica 150 ml",
        "image": "https:\/\/cdn-consum.aktiosdigitalservices.com\/tol\/consum\/media\/product\/img\/300x300\/7407174.jpg?t=20250318080957"
    },
    {
        "id": 30216,
        "name": "Compresas Extraplanas Cl\u00e1sicas AUSONIA",
        "price": 1.79,
        "price_kilo": 0.15,
        "slug": "compresas-extraplanas-clasicas",
        "description": "Compresas Extraplanas Cl\u00e1sicas 12 U",
        "image": "https:\/\/cdn-consum.aktiosdigitalservices.com\/tol\/consum\/media\/product\/img\/300x300\/7407190.jpg?t=20241217081246"
    },
    {
        "id": 30219,
        "name": "Tagliatelle con Huevo RANA",
        "price": 2.47,
        "price_kilo": 9.88,
        "slug": "tagliatelle-con-huevo",
        "description": "Tagliatelle con Huevo 250 Gr",
        "image": "https:\/\/cdn-consum.aktiosdigitalservices.com\/tol\/consum\/media\/product\/img\/300x300\/7407364.jpg?t=20250103082415"
    },
    {
        "id": 30220,
        "name": "Panceta Natural Curada Duroc EDIGAPA",
        "price": 2.35,
        "price_kilo": 19.58,
        "slug": "panceta-natural-curada-duroc",
        "description": "Panceta Natural Curada Duroc 120 Gr",
        "image": "https:\/\/cdn-consum.aktiosdigitalservices.com\/tol\/consum\/media\/product\/img\/300x300\/7407419.jpg?t=20241217081246"
    },
    {
        "id": 30222,
        "name": "Cola de Langostino Pelada y Cruda PESCANOVA",
        "price": 4.9,
        "price_kilo": 27.22,
        "slug": "cola-de-langostino-pelada-y-cruda",
        "description": "Cola de Langostino Pelada y Cruda 180 Gr",
        "image": "https:\/\/cdn-consum.aktiosdigitalservices.com\/tol\/consum\/media\/product\/img\/300x300\/7407500.jpg?t=20250318080600"
    },
    {
        "id": 30226,
        "name": "T\u00e9 Verde con Matcha 20 Bolsitas POMPADOUR",
        "price": 2.79,
        "price_kilo": 0.14,
        "slug": "te-verde-con-matcha-20-bolsitas",
        "description": "T\u00e9 Verde con Matcha 20 Bolsitas 20 U",
        "image": "https:\/\/cdn-consum.aktiosdigitalservices.com\/tol\/consum\/media\/product\/img\/300x300\/7407604.jpg?t=20250311134644"
    },
    {
        "id": 30227,
        "name": "Jengibre Puro 20 Bolsitas POMPADOUR",
        "price": 2.79,
        "price_kilo": 0.14,
        "slug": "jengibre-puro-20-bolsitas",
        "description": "Jengibre Puro 20 Bolsitas 20 U",
        "image": "https:\/\/cdn-consum.aktiosdigitalservices.com\/tol\/consum\/media\/product\/img\/300x300\/7407609.jpg?t=20250312092820"
    },
    {
        "id": 30278,
        "name": "Colonia con Prebi\u00f3ticos Protege & Perfuma SEVEN KIDS",
        "price": 6.99,
        "price_kilo": 2.8,
        "slug": "colonia-con-prebioticos-protege-perfuma",
        "description": "Colonia con Prebi\u00f3ticos Protege & Perfuma 250 ml",
        "image": "https:\/\/cdn-consum.aktiosdigitalservices.com\/tol\/consum\/media\/product\/img\/300x300\/7407211.jpg?t=20250312092820"
    },
    {
        "id": 30280,
        "name": "Cocktail Snacks de Ma\u00edz Bolsa ASPIL",
        "price": 1.9,
        "price_kilo": 8.44,
        "slug": "cocktail-snacks-de-maiz-bolsa",
        "description": "Cocktail Snacks de Ma\u00edz Bolsa 225 Gr",
        "image": "https:\/\/cdn-consum.aktiosdigitalservices.com\/tol\/consum\/media\/product\/img\/300x300\/7407778.jpg?t=20250320080221"
    },
    {
        "id": 30281,
        "name": "Tarta Fiesta Bizcocho y Sabor Trufa ",
        "price": 12.5,
        "price_kilo": 12.5,
        "slug": "tarta-fiesta-bizcocho-y-sabor-trufa",
        "description": "Tarta Fiesta Bizcocho y Sabor Trufa 1000 Gr",
        "image": "https:\/\/cdn-consum.aktiosdigitalservices.com\/tol\/consum\/media\/product\/img\/300x300\/7407885.jpg?t=20241217081247"
    },
    {
        "id": 30288,
        "name": "Quitamanchas en Spray CONSUM",
        "price": 1.79,
        "price_kilo": 2.49,
        "slug": "quitamanchas-en-spray",
        "description": "Quitamanchas en Spray 720 ml",
        "image": "https:\/\/cdn-consum.aktiosdigitalservices.com\/tol\/consum\/media\/product\/img\/300x300\/7405160.jpg?t=20250312130101"
    },
    {
        "id": 30295,
        "name": "Colonia Be Insane Black Hombre PACHA",
        "price": 10.95,
        "price_kilo": 10.95,
        "slug": "colonia-be-insane-black-hombre",
        "description": "Colonia Be Insane Black Hombre 100 ml",
        "image": "https:\/\/cdn-consum.aktiosdigitalservices.com\/tol\/consum\/media\/product\/img\/300x300\/7406804.jpg?t=20241217081246"
    },
    {
        "id": 30302,
        "name": "Compresa Cl\u00e1sica Noche AUSONIA",
        "price": 2.39,
        "price_kilo": 0.27,
        "slug": "compresa-clasica-noche",
        "description": "Compresa Cl\u00e1sica Noche 9 U",
        "image": "https:\/\/cdn-consum.aktiosdigitalservices.com\/tol\/consum\/media\/product\/img\/300x300\/7407195.jpg?t=20241217081246"
    },
    {
        "id": 30313,
        "name": "Escoba B\u00e1sica MIK",
        "price": 1.39,
        "price_kilo": 1.39,
        "slug": "escoba-basica",
        "description": "Escoba B\u00e1sica 1 U",
        "image": "https:\/\/cdn-consum.aktiosdigitalservices.com\/tol\/consum\/media\/product\/img\/300x300\/7407950.jpg?t=20250318080957"
    },
    {
        "id": 30314,
        "name": "Escoba Multiusos MIK",
        "price": 2.69,
        "price_kilo": 2.69,
        "slug": "escoba-multiusos",
        "description": "Escoba Multiusos 1 U",
        "image": "https:\/\/cdn-consum.aktiosdigitalservices.com\/tol\/consum\/media\/product\/img\/300x300\/7407955.jpg?t=20241217081247"
    },
    {
        "id": 30315,
        "name": "Escoba Especial para Espacios Peque\u00f1os MIK",
        "price": 1.8,
        "price_kilo": 1.8,
        "slug": "escoba-especial-para-espacios-pequenos",
        "description": "Escoba Especial para Espacios Peque\u00f1os 1 U",
        "image": "https:\/\/cdn-consum.aktiosdigitalservices.com\/tol\/consum\/media\/product\/img\/300x300\/7407963.jpg?t=20241217081247"
    },
    {
        "id": 30316,
        "name": "Escoba Exteriores MIK",
        "price": 2.6,
        "price_kilo": 2.6,
        "slug": "escoba-exteriores",
        "description": "Escoba Exteriores 1 U",
        "image": "https:\/\/cdn-consum.aktiosdigitalservices.com\/tol\/consum\/media\/product\/img\/300x300\/7407968.jpg?t=20241218080807"
    },
    {
        "id": 30369,
        "name": "Labial Vinyl N\u00ba35 MAYBELLINE",
        "price": 11.25,
        "price_kilo": 11.25,
        "slug": "labial-vinyl-n35",
        "description": "Labial Vinyl N\u00ba35 1 U",
        "image": "https:\/\/cdn-consum.aktiosdigitalservices.com\/tol\/consum\/media\/product\/img\/300x300\/7409055.jpg?t=20250312092821"
    },
    {
        "id": 30372,
        "name": "Tortellini Pesto CONSUM",
        "price": 1.8,
        "price_kilo": 7.2,
        "slug": "tortellini-pesto",
        "description": "Tortellini Pesto 250 Gr",
        "image": "https:\/\/cdn-consum.aktiosdigitalservices.com\/tol\/consum\/media\/product\/img\/300x300\/7395697.jpg?t=20250103082329"
    },
    {
        "id": 30373,
        "name": "Papel de Horno CONSUM",
        "price": 1.7,
        "price_kilo": 0.06,
        "slug": "papel-de-horno",
        "description": "Papel de Horno 30 U",
        "image": "https:\/\/cdn-consum.aktiosdigitalservices.com\/tol\/consum\/media\/product\/img\/300x300\/7403942.jpg?t=20241217081241"
    },
    {
        "id": 30374,
        "name": "Anchoa del Cant\u00e1brico en Aceite Oliva CONSUM",
        "price": 1.65,
        "price_kilo": 7.17,
        "slug": "anchoa-del-cantabrico-en-aceite-oliva",
        "description": "Anchoa del Cant\u00e1brico en Aceite Oliva 23 Gr",
        "image": "https:\/\/cdn-consum.aktiosdigitalservices.com\/tol\/consum\/media\/product\/img\/300x300\/7404197.jpg?t=20241217081242"
    },
    {
        "id": 30379,
        "name": "Cruapan Cl\u00e1sico BIMBO",
        "price": 3.49,
        "price_kilo": 9.18,
        "slug": "cruapan-clasico",
        "description": "Cruapan Cl\u00e1sico 380 Gr",
        "image": "https:\/\/cdn-consum.aktiosdigitalservices.com\/tol\/consum\/media\/product\/img\/300x300\/7407877.jpg?t=20250311112259"
    },
    {
        "id": 30380,
        "name": "Fumet de Marisco Botella EL PAELLER",
        "price": 4.25,
        "price_kilo": 4.47,
        "slug": "fumet-de-marisco-botella",
        "description": "Fumet de Marisco Botella 951 ml",
        "image": "https:\/\/cdn-consum.aktiosdigitalservices.com\/tol\/consum\/media\/product\/img\/300x300\/7408149.jpg?t=20250318080958"
    },
    {
        "id": 30382,
        "name": "Nocistick Original NOCILLA",
        "price": 1.5,
        "price_kilo": 25,
        "slug": "nocistick-original",
        "description": "Nocistick Original 2 x 30 Gr",
        "image": "https:\/\/cdn-consum.aktiosdigitalservices.com\/tol\/consum\/media\/product\/img\/300x300\/7408508.jpg?t=20250311134648"
    },
    {
        "id": 30390,
        "name": "Cerveza Tostada 0,0 Pack de 6 botellas E.GALICIA",
        "price": 4.15,
        "price_kilo": 2.77,
        "slug": "cerveza-tostada-00-pack-de-6-botellas",
        "description": "Cerveza Tostada 0,0 Pack de 6 botellas 6 x 0,25 L",
        "image": "https:\/\/cdn-consum.aktiosdigitalservices.com\/tol\/consum\/media\/product\/img\/300x300\/7408602.jpg?t=20250313081002"
    },
    {
        "id": 30393,
        "name": "Jam\u00f3n de Teruel DOP Peso Aproximado 8-8,5 K ARCOIRIS",
        "price": 99,
        "price_kilo": 12.38,
        "slug": "jamon-de-teruel-dop-peso-aproximado-8-85-k",
        "description": "Jam\u00f3n de Teruel DOP Peso Aproximado 8-8,5 K 8 Kg",
        "image": "https:\/\/cdn-consum.aktiosdigitalservices.com\/tol\/consum\/media\/product\/img\/300x300\/7408784.jpg?t=20250318080958"
    },
    {
        "id": 30396,
        "name": "Colonia N\u00ba7 Frescor Mediterr\u00e1neo V&L",
        "price": 12.95,
        "price_kilo": 8.63,
        "slug": "colonia-n7-frescor-mediterraneo",
        "description": "Colonia N\u00ba7 Frescor Mediterr\u00e1neo 150 ml",
        "image": "https:\/\/cdn-consum.aktiosdigitalservices.com\/tol\/consum\/media\/product\/img\/300x300\/7408870.jpg?t=20250129080148"
    },
    {
        "id": 30398,
        "name": "Tortellini Pollo Bacon CONSUM",
        "price": 1.8,
        "price_kilo": 7.2,
        "slug": "tortellini-pollo-bacon",
        "description": "Tortellini Pollo Bacon 250 Gr",
        "image": "https:\/\/cdn-consum.aktiosdigitalservices.com\/tol\/consum\/media\/product\/img\/300x300\/7395721.jpg?t=20250103082332"
    },
    {
        "id": 30401,
        "name": "T\u00f3nica Zero Lata NORDIC MIST",
        "price": 0.65,
        "price_kilo": 2.6,
        "slug": "tonica-zero-lata",
        "description": "T\u00f3nica Zero Lata 0,25 L",
        "image": "https:\/\/cdn-consum.aktiosdigitalservices.com\/tol\/consum\/media\/product\/img\/300x300\/7404200.jpg?t=20250311134618"
    },
    {
        "id": 30402,
        "name": "Gel Antical Botella CONSUM",
        "price": 2.35,
        "price_kilo": 3.13,
        "slug": "gel-antical-botella",
        "description": "Gel Antical Botella 750 ml",
        "image": "https:\/\/cdn-consum.aktiosdigitalservices.com\/tol\/consum\/media\/product\/img\/300x300\/7404957.jpg?t=20241217081243"
    },
    {
        "id": 30430,
        "name": "Huevo con Sorpresa ZAINI",
        "price": 1.8,
        "price_kilo": 30,
        "slug": "huevo-con-sorpresa",
        "description": "Huevo con Sorpresa 3 x 20 Gr",
        "image": "https:\/\/cdn-consum.aktiosdigitalservices.com\/tol\/consum\/media\/product\/img\/300x300\/7409100.jpg?t=20250311134650"
    },
    {
        "id": 30436,
        "name": "Cocktail Alm\u00edbar Ligero Pack de 3 SOL ARCHENA",
        "price": 2.75,
        "price_kilo": 7.97,
        "slug": "cocktail-almibar-ligero-pack-de-3",
        "description": "Cocktail Alm\u00edbar Ligero Pack de 3 3 x 115 Gr",
        "image": "https:\/\/cdn-consum.aktiosdigitalservices.com\/tol\/consum\/media\/product\/img\/300x300\/7409352.jpg?t=20250311134654"
    },
    {
        "id": 30437,
        "name": "Escoba Antichoque MIK",
        "price": 3.89,
        "price_kilo": 3.89,
        "slug": "escoba-antichoque",
        "description": "Escoba Antichoque 1 U",
        "image": "https:\/\/cdn-consum.aktiosdigitalservices.com\/tol\/consum\/media\/product\/img\/300x300\/7409360.jpg?t=20250312092821"
    },
    {
        "id": 30443,
        "name": "Mini Tartaletas 12 Unidades MELS",
        "price": 1.79,
        "price_kilo": 21.31,
        "slug": "mini-tartaletas-12-unidades",
        "description": "Mini Tartaletas 12 Unidades 84 Gr",
        "image": "https:\/\/cdn-consum.aktiosdigitalservices.com\/tol\/consum\/media\/product\/img\/300x300\/7409428.jpg?t=20250312092822"
    },
    {
        "id": 30444,
        "name": "Talonera Alza Se\u00f1ora ACHUCHONAS",
        "price": 3.69,
        "price_kilo": 1.85,
        "slug": "talonera-alza-senora",
        "description": "Talonera Alza Se\u00f1ora 2 U",
        "image": "https:\/\/cdn-consum.aktiosdigitalservices.com\/tol\/consum\/media\/product\/img\/300x300\/7409444.jpg?t=20250116080502"
    },
    {
        "id": 30445,
        "name": "Talonera Alza Caballero ACHUCHONAS",
        "price": 3.69,
        "price_kilo": 1.85,
        "slug": "talonera-alza-caballero",
        "description": "Talonera Alza Caballero 2 U",
        "image": "https:\/\/cdn-consum.aktiosdigitalservices.com\/tol\/consum\/media\/product\/img\/300x300\/7409449.jpg?t=20250312092822"
    },
    {
        "id": 30446,
        "name": "Plantillas Memory con Gel Talla 35-42 ACHUCHONAS",
        "price": 5.99,
        "price_kilo": 5.99,
        "slug": "plantillas-memory-con-gel-talla-35-42",
        "description": "Plantillas Memory con Gel Talla 35-42 1 U",
        "image": "https:\/\/cdn-consum.aktiosdigitalservices.com\/tol\/consum\/media\/product\/img\/300x300\/7409498.jpg?t=20250116080507"
    },
    {
        "id": 30454,
        "name": "Caf\u00e9 Grano Natural CONSUM",
        "price": 5.75,
        "price_kilo": 11.5,
        "slug": "cafe-grano-natural",
        "description": "Caf\u00e9 Grano Natural 500 Gr",
        "image": "https:\/\/cdn-consum.aktiosdigitalservices.com\/tol\/consum\/media\/product\/img\/300x300\/7386118.jpg?t=20250312092807"
    },
    {
        "id": 30462,
        "name": "Sirope de Agave Bio ECOWASSY",
        "price": 2.7,
        "price_kilo": 7.71,
        "slug": "sirope-de-agave-bio",
        "description": "Sirope de Agave Bio 350 Gr",
        "image": "https:\/\/cdn-consum.aktiosdigitalservices.com\/tol\/consum\/media\/product\/img\/300x300\/7407547.jpg?t=20250312161122"
    },
    {
        "id": 30470,
        "name": "Salteado de Ajetes Esp\u00e1rragos y Gambas CONSUM",
        "price": 2.79,
        "price_kilo": 6.2,
        "slug": "salteado-de-ajetes-esparragos-y-gambas",
        "description": "Salteado de Ajetes Esp\u00e1rragos y Gambas 450 Gr",
        "image": "https:\/\/cdn-consum.aktiosdigitalservices.com\/tol\/consum\/media\/product\/img\/300x300\/7408839.jpg?t=20241217081247"
    },
    {
        "id": 30476,
        "name": "Galleta Cookies & Cream NOCILLA",
        "price": 1.95,
        "price_kilo": 16.25,
        "slug": "galleta-cookies-cream",
        "description": "Galleta Cookies & Cream 120 Gr",
        "image": "https:\/\/cdn-consum.aktiosdigitalservices.com\/tol\/consum\/media\/product\/img\/300x300\/7409154.jpg?t=20250319075957"
    },
    {
        "id": 30479,
        "name": "Crema Untar Cookies & Cream NOCILLA",
        "price": 2.55,
        "price_kilo": 14.17,
        "slug": "crema-untar-cookies-cream",
        "description": "Crema Untar Cookies & Cream 180 Gr",
        "image": "https:\/\/cdn-consum.aktiosdigitalservices.com\/tol\/consum\/media\/product\/img\/300x300\/7409225.jpg?t=20250311134652"
    },
    {
        "id": 30483,
        "name": "Tortillas de Ma\u00edz Sin Gluten 6 Unidades OLD EL PASO",
        "price": 2.89,
        "price_kilo": 13.38,
        "slug": "tortillas-de-maiz-sin-gluten-6-unidades",
        "description": "Tortillas de Ma\u00edz Sin Gluten 6 Unidades 216 Gr",
        "image": "https:\/\/cdn-consum.aktiosdigitalservices.com\/tol\/consum\/media\/product\/img\/300x300\/7409519.jpg?t=20250311134656"
    },
    {
        "id": 30486,
        "name": "Queso de Cabra Tierno GRANJA RINYA",
        "price": 3.59,
        "price_kilo": 17.95,
        "slug": "queso-de-cabra-tierno",
        "description": "Queso de Cabra Tierno 200 Gr",
        "image": "https:\/\/cdn-consum.aktiosdigitalservices.com\/tol\/consum\/media\/product\/img\/300x300\/7409964.jpg?t=20250103082418"
    },
    {
        "id": 30497,
        "name": "Queso Oveja Semicurado Leche Oveja Pasteurizad V.SOTUELAMOS",
        "price": 20.7,
        "price_kilo": 20.7,
        "slug": "queso-oveja-semicurado-leche-oveja-pasteurizad",
        "description": "Queso Oveja Semicurado Leche Oveja Pasteurizad",
        "image": "https:\/\/cdn-consum.aktiosdigitalservices.com\/tol\/consum\/media\/product\/img\/300x300\/7214393.jpg?t=20250318080114"
    },
    {
        "id": 30498,
        "name": "Compresa Incontinencia Normal KYREY PHARMA",
        "price": 3.35,
        "price_kilo": 0.14,
        "slug": "compresa-incontinencia-normal",
        "description": "Compresa Incontinencia Normal 24 U",
        "image": "https:\/\/cdn-consum.aktiosdigitalservices.com\/tol\/consum\/media\/product\/img\/300x300\/7377799.jpg?t=20241217081219"
    },
    {
        "id": 30499,
        "name": "Compresa Incontinencia Extra KYREY PHARMA",
        "price": 3.35,
        "price_kilo": 0.17,
        "slug": "compresa-incontinencia-extra",
        "description": "Compresa Incontinencia Extra 20 U",
        "image": "https:\/\/cdn-consum.aktiosdigitalservices.com\/tol\/consum\/media\/product\/img\/300x300\/7377802.jpg?t=20250312092806"
    },
    {
        "id": 30500,
        "name": "Hummus Cl\u00e1sico sin Gluten Vegano CONSUM",
        "price": 1,
        "price_kilo": 5,
        "slug": "hummus-clasico-sin-gluten-vegano",
        "description": "Hummus Cl\u00e1sico sin Gluten Vegano 200 Gr",
        "image": "https:\/\/cdn-consum.aktiosdigitalservices.com\/tol\/consum\/media\/product\/img\/300x300\/7396781.jpg?t=20250312130005"
    },
    {
        "id": 30501,
        "name": "Mayonesa Tarro CONSUM",
        "price": 0.99,
        "price_kilo": 4.4,
        "slug": "mayonesa-tarro",
        "description": "Mayonesa Tarro 225 ml",
        "image": "https:\/\/cdn-consum.aktiosdigitalservices.com\/tol\/consum\/media\/product\/img\/300x300\/7399301.jpg?t=20250212080211"
    },
    {
        "id": 30503,
        "name": "Lavavajillas Concentrado Ultra CONSUM",
        "price": 1.6,
        "price_kilo": 1.6,
        "slug": "lavavajillas-concentrado-ultra",
        "description": "Lavavajillas Concentrado Ultra 1 L",
        "image": "https:\/\/cdn-consum.aktiosdigitalservices.com\/tol\/consum\/media\/product\/img\/300x300\/7406619.jpg?t=20250312092820"
    },
    {
        "id": 30521,
        "name": "Desodorante Spray Lactourea LACTOVIT",
        "price": 2.69,
        "price_kilo": 1.35,
        "slug": "desodorante-spray-lactourea",
        "description": "Desodorante Spray Lactourea 200 ml",
        "image": "https:\/\/cdn-consum.aktiosdigitalservices.com\/tol\/consum\/media\/product\/img\/300x300\/7409647.jpg?t=20250227094327"
    },
    {
        "id": 30524,
        "name": "Suavizante Concentrado Original FLOR",
        "price": 2.95,
        "price_kilo": 0.05,
        "slug": "suavizante-concentrado-original",
        "description": "Suavizante Concentrado Original 63 Lv",
        "image": "https:\/\/cdn-consum.aktiosdigitalservices.com\/tol\/consum\/media\/product\/img\/300x300\/7409761.jpg?t=20241217081249"
    },
    {
        "id": 30527,
        "name": "Perlas Sensitive Frescor de Algod\u00f3n LENOR",
        "price": 4.99,
        "price_kilo": 23.76,
        "slug": "perlas-sensitive-frescor-de-algodon",
        "description": "Perlas Sensitive Frescor de Algod\u00f3n 210 Gr",
        "image": "https:\/\/cdn-consum.aktiosdigitalservices.com\/tol\/consum\/media\/product\/img\/300x300\/7409852.jpg?t=20241217081249"
    },
    {
        "id": 30531,
        "name": "Vino Tinto D.O. Ribera del Duero SEMELE",
        "price": 10.5,
        "price_kilo": 14,
        "slug": "vino-tinto-do-ribera-del-duero",
        "description": "Vino Tinto D.O. Ribera del Duero 0,75 L",
        "image": "https:\/\/cdn-consum.aktiosdigitalservices.com\/tol\/consum\/media\/product\/img\/300x300\/7410038.jpg?t=20250312092822"
    },
    {
        "id": 30537,
        "name": "Galleta Rellena de Crema NUTELLA",
        "price": 1.09,
        "price_kilo": 12.98,
        "slug": "galleta-rellena-de-crema",
        "description": "Galleta Rellena de Crema 3 x 28 Gr",
        "image": "https:\/\/cdn-consum.aktiosdigitalservices.com\/tol\/consum\/media\/product\/img\/300x300\/7410371.jpg?t=20250311112320"
    },
    {
        "id": 30538,
        "name": "Schokobons Bolsa KINDER",
        "price": 1.49,
        "price_kilo": 3.24,
        "slug": "schokobons-bolsa",
        "description": "Schokobons Bolsa 46 Gr",
        "image": "https:\/\/cdn-consum.aktiosdigitalservices.com\/tol\/consum\/media\/product\/img\/300x300\/7410384.jpg?t=20250311134701"
    },
    {
        "id": 30540,
        "name": "Boniato Al Vapor ",
        "price": 1.99,
        "price_kilo": 6.63,
        "slug": "boniato-al-vapor",
        "description": "Boniato Al Vapor 300 Gr",
        "image": "https:\/\/cdn-consum.aktiosdigitalservices.com\/tol\/consum\/media\/product\/img\/300x300\/7410421.jpg?t=20241217081250"
    },
    {
        "id": 30541,
        "name": "Pizza 4 Quesos Pack de 2 Unidades TARRADELLAS",
        "price": 3.19,
        "price_kilo": 7.6,
        "slug": "pizza-4-quesos-pack-de-2-unidades",
        "description": "Pizza 4 Quesos Pack de 2 Unidades 2 x 210 Gr",
        "image": "https:\/\/cdn-consum.aktiosdigitalservices.com\/tol\/consum\/media\/product\/img\/300x300\/7410426.jpg?t=20241217081250"
    },
    {
        "id": 30544,
        "name": "Galactic Brownies 8 Unidades MR.BROWNIE",
        "price": 1.89,
        "price_kilo": 9.45,
        "slug": "galactic-brownies-8-unidades",
        "description": "Galactic Brownies 8 Unidades 200 Gr",
        "image": "https:\/\/cdn-consum.aktiosdigitalservices.com\/tol\/consum\/media\/product\/img\/300x300\/7410491.jpg?t=20250318080958"
    },
    {
        "id": 30545,
        "name": "Rallado Krissia de Surimi KRISSIA",
        "price": 1.99,
        "price_kilo": 15.92,
        "slug": "rallado-krissia-de-surimi",
        "description": "Rallado Krissia de Surimi 125 Gr",
        "image": "https:\/\/cdn-consum.aktiosdigitalservices.com\/tol\/consum\/media\/product\/img\/300x300\/7410608.jpg?t=20250109105102"
    },
    {
        "id": 30546,
        "name": "Saltear y listo ",
        "price": 2.99,
        "price_kilo": 14.95,
        "slug": "saltear-y-listo",
        "description": "Saltear y listo 200 Gr",
        "image": "https:\/\/cdn-consum.aktiosdigitalservices.com\/tol\/consum\/media\/product\/img\/300x300\/7410756.jpg?t=20250304114054"
    },
    {
        "id": 30549,
        "name": "Loci\u00f3n Infantil Hidratante Corporal CONSUM KIDS",
        "price": 2.99,
        "price_kilo": 0.6,
        "slug": "locion-infantil-hidratante-corporal",
        "description": "Loci\u00f3n Infantil Hidratante Corporal 500 ml",
        "image": "https:\/\/cdn-consum.aktiosdigitalservices.com\/tol\/consum\/media\/product\/img\/300x300\/7375707.jpg?t=20250206094755"
    },
    {
        "id": 30550,
        "name": "Vino Blanco Verdejo D.O. Mancha ESTOLA",
        "price": 3.15,
        "price_kilo": 4.2,
        "slug": "vino-blanco-verdejo-do-mancha",
        "description": "Vino Blanco Verdejo D.O. Mancha 0,75 L",
        "image": "https:\/\/cdn-consum.aktiosdigitalservices.com\/tol\/consum\/media\/product\/img\/300x300\/7384527.jpg?t=20241217081224"
    },
    {
        "id": 30551,
        "name": "Limpiahogar Multiusos Pino Alcohol CONSUM",
        "price": 1.6,
        "price_kilo": 1.07,
        "slug": "limpiahogar-multiusos-pino-alcohol",
        "description": "Limpiahogar Multiusos Pino Alcohol 1,5 L",
        "image": "https:\/\/cdn-consum.aktiosdigitalservices.com\/tol\/consum\/media\/product\/img\/300x300\/7392731.jpg?t=20250312092813"
    },
    {
        "id": 30557,
        "name": "Alb\u00f3ndigas de Pollo Lata LA NORE\u00d1ENSE",
        "price": 1.69,
        "price_kilo": 4.07,
        "slug": "albondigas-de-pollo-lata",
        "description": "Alb\u00f3ndigas de Pollo Lata 415 Gr",
        "image": "https:\/\/cdn-consum.aktiosdigitalservices.com\/tol\/consum\/media\/product\/img\/300x300\/7409279.jpg?t=20241217081247"
    },
    {
        "id": 30558,
        "name": "Molde Aluminio Rectangular, 2,2 L FLISS",
        "price": 2.39,
        "price_kilo": 1.2,
        "slug": "molde-aluminio-rectangular-22-l",
        "description": "Molde Aluminio Rectangular, 2,2 L 2 U",
        "image": "https:\/\/cdn-consum.aktiosdigitalservices.com\/tol\/consum\/media\/product\/img\/300x300\/7409386.jpg?t=20250312092822"
    },
    {
        "id": 30559,
        "name": "Molde Aluminio Rectangular, 2,7 L FLISS",
        "price": 2.45,
        "price_kilo": 1.23,
        "slug": "molde-aluminio-rectangular-27-l",
        "description": "Molde Aluminio Rectangular, 2,7 L 2 U",
        "image": "https:\/\/cdn-consum.aktiosdigitalservices.com\/tol\/consum\/media\/product\/img\/300x300\/7409394.jpg?t=20250313081518"
    },
    {
        "id": 30561,
        "name": "Jam\u00f3n Serrano Peso Aproximado 7,5K LORIENTE",
        "price": 65,
        "price_kilo": 8.67,
        "slug": "jamon-serrano-peso-aproximado-75k",
        "description": "Jam\u00f3n Serrano Peso Aproximado 7,5K 7,5 Kg",
        "image": "https:\/\/cdn-consum.aktiosdigitalservices.com\/tol\/consum\/media\/product\/img\/300x300\/7409683.jpg?t=20250312092822"
    },
    {
        "id": 30572,
        "name": "Gel Ba\u00f1o Coco NAT.HONEY",
        "price": 2.69,
        "price_kilo": 0.45,
        "slug": "gel-bano-coco",
        "description": "Gel Ba\u00f1o Coco 600 ml",
        "image": "https:\/\/cdn-consum.aktiosdigitalservices.com\/tol\/consum\/media\/product\/img\/300x300\/7410616.jpg?t=20250318080602"
    },
    {
        "id": 30574,
        "name": "Gel Ba\u00f1o Pure Micelar NAT.HONEY",
        "price": 2.69,
        "price_kilo": 0.41,
        "slug": "gel-bano-pure-micelar",
        "description": "Gel Ba\u00f1o Pure Micelar 650 ml",
        "image": "https:\/\/cdn-consum.aktiosdigitalservices.com\/tol\/consum\/media\/product\/img\/300x300\/7410629.jpg?t=20250318080605"
    },
    {
        "id": 30575,
        "name": "Gel Ba\u00f1o Aceite de Arg\u00e1n NAT.HONEY",
        "price": 2.69,
        "price_kilo": 0.45,
        "slug": "gel-bano-aceite-de-argan",
        "description": "Gel Ba\u00f1o Aceite de Arg\u00e1n 600 ml",
        "image": "https:\/\/cdn-consum.aktiosdigitalservices.com\/tol\/consum\/media\/product\/img\/300x300\/7410640.jpg?t=20250318080607"
    },
    {
        "id": 30579,
        "name": "Patatas Fritas Lisas al Punto de Sal LAY'S",
        "price": 1.99,
        "price_kilo": 10.21,
        "slug": "patatas-fritas-lisas-al-punto-de-sal",
        "description": "Patatas Fritas Lisas al Punto de Sal 195 Gr",
        "image": "https:\/\/cdn-consum.aktiosdigitalservices.com\/tol\/consum\/media\/product\/img\/300x300\/7410728.jpg?t=20250318080611"
    },
    {
        "id": 30580,
        "name": "Patatas Fritas Lisas Punto de Sal Pack Ahorro LAY'S",
        "price": 2.49,
        "price_kilo": 9.4,
        "slug": "patatas-fritas-lisas-punto-de-sal-pack-ahorro",
        "description": "Patatas Fritas Lisas Punto de Sal Pack Ahorro 265 Gr",
        "image": "https:\/\/cdn-consum.aktiosdigitalservices.com\/tol\/consum\/media\/product\/img\/300x300\/7410731.jpg?t=20241217081250"
    },
    {
        "id": 30588,
        "name": "Vino Blanco Barrica D.O. Rueda CUATRO RAYAS",
        "price": 6.99,
        "price_kilo": 9.32,
        "slug": "vino-blanco-barrica-do-rueda",
        "description": "Vino Blanco Barrica D.O. Rueda 0,75 L",
        "image": "https:\/\/cdn-consum.aktiosdigitalservices.com\/tol\/consum\/media\/product\/img\/300x300\/7410959.jpg?t=20250109105120"
    },
    {
        "id": 30613,
        "name": "Salsa Ligera Tarro CONSUM",
        "price": 0.99,
        "price_kilo": 4.4,
        "slug": "salsa-ligera-tarro",
        "description": "Salsa Ligera Tarro 225 ml",
        "image": "https:\/\/cdn-consum.aktiosdigitalservices.com\/tol\/consum\/media\/product\/img\/300x300\/7399306.jpg?t=20250220080916"
    },
    {
        "id": 30617,
        "name": "Snack de Patata Pom-Bear GREFUSA",
        "price": 1.4,
        "price_kilo": 17.5,
        "slug": "snack-de-patata-pom-bear",
        "description": "Snack de Patata Pom-Bear 80 Gr",
        "image": "https:\/\/cdn-consum.aktiosdigitalservices.com\/tol\/consum\/media\/product\/img\/300x300\/7409290.jpg?t=20250227094322"
    },
    {
        "id": 30626,
        "name": "Filete Pescado al Lim\u00f3n FINDUS",
        "price": 3.99,
        "price_kilo": 17.73,
        "slug": "filete-pescado-al-limon",
        "description": "Filete Pescado al Lim\u00f3n 225 Gr",
        "image": "https:\/\/cdn-consum.aktiosdigitalservices.com\/tol\/consum\/media\/product\/img\/300x300\/7410871.jpg?t=20250312092822"
    },
    {
        "id": 30628,
        "name": "Queso de Vaca 100% Estilo Griego S\u00c8NA",
        "price": 2.15,
        "price_kilo": 14.33,
        "slug": "queso-de-vaca-100-estilo-griego",
        "description": "Queso de Vaca 100% Estilo Griego 150 Gr",
        "image": "https:\/\/cdn-consum.aktiosdigitalservices.com\/tol\/consum\/media\/product\/img\/300x300\/7411051.jpg?t=20250103082425"
    },
    {
        "id": 30631,
        "name": "Estropajo Fibra Verde Classic S.BRITE",
        "price": 1.89,
        "price_kilo": 0.47,
        "slug": "estropajo-fibra-verde-classic",
        "description": "Estropajo Fibra Verde Classic 4 U",
        "image": "https:\/\/cdn-consum.aktiosdigitalservices.com\/tol\/consum\/media\/product\/img\/300x300\/7411291.jpg?t=20241217081252"
    },
    {
        "id": 30632,
        "name": "Pistola Lej\u00eda Mousse Blanqueador Desengras. ACE",
        "price": 3.6,
        "price_kilo": 5.14,
        "slug": "pistola-lejia-mousse-blanqueador-desengras",
        "description": "Pistola Lej\u00eda Mousse Blanqueador Desengras. 0,7 L",
        "image": "https:\/\/cdn-consum.aktiosdigitalservices.com\/tol\/consum\/media\/product\/img\/300x300\/7411309.jpg?t=20250311125213"
    },
    {
        "id": 30639,
        "name": "Compresas Ultra Normal Sin Alas Dry KYREY",
        "price": 1.29,
        "price_kilo": 0.08,
        "slug": "compresas-ultra-normal-sin-alas-dry",
        "description": "Compresas Ultra Normal Sin Alas Dry 16 U",
        "image": "https:\/\/cdn-consum.aktiosdigitalservices.com\/tol\/consum\/media\/product\/img\/300x300\/7388015.jpg?t=20241217081226"
    },
    {
        "id": 30641,
        "name": "Lavavajillas Concentrado Ultra Aloe CONSUM",
        "price": 1.8,
        "price_kilo": 1.8,
        "slug": "lavavajillas-concentrado-ultra-aloe",
        "description": "Lavavajillas Concentrado Ultra Aloe 1 L",
        "image": "https:\/\/cdn-consum.aktiosdigitalservices.com\/tol\/consum\/media\/product\/img\/300x300\/7406614.jpg?t=20250312092820"
    },
    {
        "id": 30664,
        "name": "Fuet Espetec Extra CONSUM",
        "price": 1.99,
        "price_kilo": 11.71,
        "slug": "fuet-espetec-extra",
        "description": "Fuet Espetec Extra 170 Gr",
        "image": "https:\/\/cdn-consum.aktiosdigitalservices.com\/tol\/consum\/media\/product\/img\/300x300\/7409357.jpg?t=20241217081248"
    },
    {
        "id": 30665,
        "name": "Molde Aluminio Flanera FLISS",
        "price": 1.99,
        "price_kilo": 0.17,
        "slug": "molde-aluminio-flanera",
        "description": "Molde Aluminio Flanera 12 U",
        "image": "https:\/\/cdn-consum.aktiosdigitalservices.com\/tol\/consum\/media\/product\/img\/300x300\/7409365.jpg?t=20250312092821"
    },
    {
        "id": 30666,
        "name": "Molde Aluminio Rectangular, 0,5 L FLISS",
        "price": 1.95,
        "price_kilo": 0.39,
        "slug": "molde-aluminio-rectangular-05-l",
        "description": "Molde Aluminio Rectangular, 0,5 L 5 U",
        "image": "https:\/\/cdn-consum.aktiosdigitalservices.com\/tol\/consum\/media\/product\/img\/300x300\/7409373.jpg?t=20241217081248"
    },
    {
        "id": 30667,
        "name": "Molde Aluminio Rectangular, 1 L FLISS",
        "price": 3.35,
        "price_kilo": 1.12,
        "slug": "molde-aluminio-rectangular-1-l",
        "description": "Molde Aluminio Rectangular, 1 L 3 U",
        "image": "https:\/\/cdn-consum.aktiosdigitalservices.com\/tol\/consum\/media\/product\/img\/300x300\/7409378.jpg?t=20250318080958"
    },
    {
        "id": 30668,
        "name": "Molde Aluminio Redondo, 1 L FLISS",
        "price": 1.99,
        "price_kilo": 0.66,
        "slug": "molde-aluminio-redondo-1-l",
        "description": "Molde Aluminio Redondo, 1 L 3 U",
        "image": "https:\/\/cdn-consum.aktiosdigitalservices.com\/tol\/consum\/media\/product\/img\/300x300\/7409381.jpg?t=20250221080142"
    },
    {
        "id": 30672,
        "name": "Cerveza Tostada 0,0 Lata SAN MIGUEL",
        "price": 0.75,
        "price_kilo": 2.27,
        "slug": "cerveza-tostada-00-lata",
        "description": "Cerveza Tostada 0,0 Lata 0,33 L",
        "image": "https:\/\/cdn-consum.aktiosdigitalservices.com\/tol\/consum\/media\/product\/img\/300x300\/7409600.jpg?t=20250227094325"
    },
    {
        "id": 30682,
        "name": "Nuggets de Pollo CONSUM",
        "price": 2.49,
        "price_kilo": 9.76,
        "slug": "nuggets-de-pollo",
        "description": "Nuggets de Pollo 255 Gr",
        "image": "https:\/\/cdn-consum.aktiosdigitalservices.com\/tol\/consum\/media\/product\/img\/300x300\/7409902.jpg?t=20241217081249"
    },
    {
        "id": 30685,
        "name": "Colonia Mini Blue Masculina FLOR DE MAYO",
        "price": 1.7,
        "price_kilo": 7.39,
        "slug": "colonia-mini-blue-masculina",
        "description": "Colonia Mini Blue Masculina 23 ml",
        "image": "https:\/\/cdn-consum.aktiosdigitalservices.com\/tol\/consum\/media\/product\/img\/300x300\/7410876.jpg?t=20241231080031"
    },
    {
        "id": 30688,
        "name": "Dent\u00edfrico Protecci\u00f3n Caries COLGATE",
        "price": 1.95,
        "price_kilo": 1.95,
        "slug": "dentifrico-proteccion-caries",
        "description": "Dent\u00edfrico Protecci\u00f3n Caries 100 ml",
        "image": "https:\/\/cdn-consum.aktiosdigitalservices.com\/tol\/consum\/media\/product\/img\/300x300\/7410970.jpg?t=20241217081250"
    },
    {
        "id": 30691,
        "name": "Galleta Natur Fun Avena 3 Chocolates FAM. BISCUIT",
        "price": 1.79,
        "price_kilo": 4.21,
        "slug": "galleta-natur-fun-avena-3-chocolates",
        "description": "Galleta Natur Fun Avena 3 Chocolates 425 Gr",
        "image": "https:\/\/cdn-consum.aktiosdigitalservices.com\/tol\/consum\/media\/product\/img\/300x300\/7411127.jpg?t=20250311112329"
    },
    {
        "id": 30694,
        "name": "Galleta Tostada Petit Choco FAM.BISCUITS",
        "price": 1.25,
        "price_kilo": 2.98,
        "slug": "galleta-tostada-petit-choco",
        "description": "Galleta Tostada Petit Choco 420 Gr",
        "image": "https:\/\/cdn-consum.aktiosdigitalservices.com\/tol\/consum\/media\/product\/img\/300x300\/7411143.jpg?t=20250311134706"
    },
    {
        "id": 30695,
        "name": "Batido OptiPro Chocolate RIO",
        "price": 1.59,
        "price_kilo": 4.82,
        "slug": "batido-optipro-chocolate",
        "description": "Batido OptiPro Chocolate 330 ml",
        "image": "https:\/\/cdn-consum.aktiosdigitalservices.com\/tol\/consum\/media\/product\/img\/300x300\/7411148.jpg?t=20250311134708"
    },
    {
        "id": 30696,
        "name": "Batido Optipro Vainilla RIO",
        "price": 1.59,
        "price_kilo": 4.82,
        "slug": "batido-optipro-vainilla",
        "description": "Batido Optipro Vainilla 330 ml",
        "image": "https:\/\/cdn-consum.aktiosdigitalservices.com\/tol\/consum\/media\/product\/img\/300x300\/7411150.jpg?t=20250311134711"
    },
    {
        "id": 30697,
        "name": "Gel de Ba\u00f1o Frescor Colonia NAT.HONEY",
        "price": 2.69,
        "price_kilo": 0.45,
        "slug": "gel-de-bano-frescor-colonia",
        "description": "Gel de Ba\u00f1o Frescor Colonia 600 ml",
        "image": "https:\/\/cdn-consum.aktiosdigitalservices.com\/tol\/consum\/media\/product\/img\/300x300\/7411155.jpg?t=20250318080616"
    },
    {
        "id": 30698,
        "name": "Gel Ba\u00f1o Hidratante NAT.HONEY",
        "price": 2.85,
        "price_kilo": 0.32,
        "slug": "gel-bano-hidratante",
        "description": "Gel Ba\u00f1o Hidratante 900 ml",
        "image": "https:\/\/cdn-consum.aktiosdigitalservices.com\/tol\/consum\/media\/product\/img\/300x300\/7411163.jpg?t=20250312161136"
    },
    {
        "id": 30699,
        "name": "Galleta Tosta Rica Cubierta de Chocolate CUETARA",
        "price": 3.29,
        "price_kilo": 15.67,
        "slug": "galleta-tosta-rica-cubierta-de-chocolate",
        "description": "Galleta Tosta Rica Cubierta de Chocolate 210 Gr",
        "image": "https:\/\/cdn-consum.aktiosdigitalservices.com\/tol\/consum\/media\/product\/img\/300x300\/7411168.jpg?t=20250311112339"
    },
    {
        "id": 30700,
        "name": "Batido Optipro Caf\u00e9 con Leche RIO",
        "price": 1.59,
        "price_kilo": 4.82,
        "slug": "batido-optipro-cafe-con-leche",
        "description": "Batido Optipro Caf\u00e9 con Leche 330 ml",
        "image": "https:\/\/cdn-consum.aktiosdigitalservices.com\/tol\/consum\/media\/product\/img\/300x300\/7411184.jpg?t=20250311134713"
    },
    {
        "id": 30703,
        "name": "Salm\u00f3n Ahumado Noruego LA BALINESA",
        "price": 8.99,
        "price_kilo": 56.19,
        "slug": "salmon-ahumado-noruego",
        "description": "Salm\u00f3n Ahumado Noruego 2 x 80 Gr",
        "image": "https:\/\/cdn-consum.aktiosdigitalservices.com\/tol\/consum\/media\/product\/img\/300x300\/7411239.jpg?t=20250206095827"
    },
    {
        "id": 30704,
        "name": "Ensalada de Pimiento Bote ALSUR",
        "price": 3.15,
        "price_kilo": 8.87,
        "slug": "ensalada-de-pimiento-bote",
        "description": "Ensalada de Pimiento Bote 355 Gr",
        "image": "https:\/\/cdn-consum.aktiosdigitalservices.com\/tol\/consum\/media\/product\/img\/300x300\/7411254.jpg?t=20250318080618"
    },
    {
        "id": 30705,
        "name": "Patatas Horno Sabor Campesina LAY'S",
        "price": 2.05,
        "price_kilo": 15.77,
        "slug": "patatas-horno-sabor-campesina",
        "description": "Patatas Horno Sabor Campesina 130 Gr",
        "image": "https:\/\/cdn-consum.aktiosdigitalservices.com\/tol\/consum\/media\/product\/img\/300x300\/7411270.jpg?t=20250227094337"
    },
    {
        "id": 30706,
        "name": "Cheetos Sticks Palitos Bolsa CHEETOS",
        "price": 1.89,
        "price_kilo": 19.69,
        "slug": "cheetos-sticks-palitos-bolsa",
        "description": "Cheetos Sticks Palitos Bolsa 96 Gr",
        "image": "https:\/\/cdn-consum.aktiosdigitalservices.com\/tol\/consum\/media\/product\/img\/300x300\/7411275.jpg?t=20241217081252"
    },
    {
        "id": 30709,
        "name": "Vino Tinto Monastrell Vino de la Tierra GUARDIANES",
        "price": 3.99,
        "price_kilo": 5.32,
        "slug": "vino-tinto-monastrell-vino-de-la-tierra",
        "description": "Vino Tinto Monastrell Vino de la Tierra 0,75 L",
        "image": "https:\/\/cdn-consum.aktiosdigitalservices.com\/tol\/consum\/media\/product\/img\/300x300\/7411333.jpg?t=20250206095832"
    },
    {
        "id": 30710,
        "name": "Crema Hidratante Suave Cara,Cuerpo y Manos NIVEA",
        "price": 5.65,
        "price_kilo": 1.51,
        "slug": "crema-hidratante-suave-caracuerpo-y-manos",
        "description": "Crema Hidratante Suave Cara,Cuerpo y Manos 375 ml",
        "image": "https:\/\/cdn-consum.aktiosdigitalservices.com\/tol\/consum\/media\/product\/img\/300x300\/7411346.jpg?t=20250227094339"
    },
    {
        "id": 30711,
        "name": "Crema Cellular SPF30 Ac.Hialur\u00f3nico+F\u00f3lico NIVEA",
        "price": 16.99,
        "price_kilo": 33.98,
        "slug": "crema-cellular-spf30-achialuronicofolico",
        "description": "Crema Cellular SPF30 Ac.Hialur\u00f3nico+F\u00f3lico 50 ml",
        "image": "https:\/\/cdn-consum.aktiosdigitalservices.com\/tol\/consum\/media\/product\/img\/300x300\/7411361.jpg?t=20250312092822"
    },
    {
        "id": 30714,
        "name": "Crema Cellular Noche Ac.Hialur\u00f3nico+F\u00f3lico NIVEA",
        "price": 15.75,
        "price_kilo": 31.5,
        "slug": "crema-cellular-noche-achialuronicofolico",
        "description": "Crema Cellular Noche Ac.Hialur\u00f3nico+F\u00f3lico 50 ml",
        "image": "https:\/\/cdn-consum.aktiosdigitalservices.com\/tol\/consum\/media\/product\/img\/300x300\/7411379.jpg?t=20250206095839"
    },
    {
        "id": 30718,
        "name": "Alitas Brooklyn Barbacoa PUJANTE",
        "price": 3.43,
        "price_kilo": 5.69,
        "slug": "alitas-brooklyn-barbacoa",
        "description": "Alitas Brooklyn Barbacoa",
        "image": "https:\/\/cdn-consum.aktiosdigitalservices.com\/tol\/consum\/media\/product\/img\/300x300\/7411481.jpg?t=20250101082708"
    },
    {
        "id": 30722,
        "name": "Ambientador Aire Limpio Recambio El\u00e9ctrico AMBIPUR",
        "price": 5.99,
        "price_kilo": 5.99,
        "slug": "ambientador-aire-limpio-recambio-electrico",
        "description": "Ambientador Aire Limpio Recambio El\u00e9ctrico 1 U",
        "image": "https:\/\/cdn-consum.aktiosdigitalservices.com\/tol\/consum\/media\/product\/img\/300x300\/7411544.jpg?t=20241217081252"
    },
    {
        "id": 30723,
        "name": "Barra Harina Trigo Integral 41% ",
        "price": 0.92,
        "price_kilo": 4.38,
        "slug": "barra-harina-trigo-integral-41",
        "description": "Barra Harina Trigo Integral 41% 210 Gr",
        "image": "https:\/\/cdn-consum.aktiosdigitalservices.com\/tol\/consum\/media\/product\/img\/300x300\/7411630.jpg?t=20250114084624"
    },
    {
        "id": 30724,
        "name": "Leche Desnatada Brik RIO",
        "price": 1.61,
        "price_kilo": 1.07,
        "slug": "leche-desnatada-brik",
        "description": "Leche Desnatada Brik 1,5 L",
        "image": "https:\/\/cdn-consum.aktiosdigitalservices.com\/tol\/consum\/media\/product\/img\/300x300\/7411635.jpg?t=20250311112344"
    },
    {
        "id": 30725,
        "name": "Leche Semidesnatada Brik RIO",
        "price": 1.61,
        "price_kilo": 1.07,
        "slug": "leche-semidesnatada-brik",
        "description": "Leche Semidesnatada Brik 1,5 L",
        "image": "https:\/\/cdn-consum.aktiosdigitalservices.com\/tol\/consum\/media\/product\/img\/300x300\/7411648.jpg?t=20250311112349"
    },
    {
        "id": 30728,
        "name": "Jam\u00f3n Cocido Extra Duroc ELPOZO 1954",
        "price": 2,
        "price_kilo": 13.33,
        "slug": "jamon-cocido-extra-duroc",
        "description": "Jam\u00f3n Cocido Extra Duroc 150 Gr",
        "image": "https:\/\/cdn-consum.aktiosdigitalservices.com\/tol\/consum\/media\/product\/img\/300x300\/7411742.jpg?t=20250219080515"
    },
    {
        "id": 30729,
        "name": "Vino Blanco Albari\u00f1o D.O. Rias Baixas LOLO",
        "price": 8.99,
        "price_kilo": 11.99,
        "slug": "vino-blanco-albarino-do-rias-baixas",
        "description": "Vino Blanco Albari\u00f1o D.O. Rias Baixas 0,75 L",
        "image": "https:\/\/cdn-consum.aktiosdigitalservices.com\/tol\/consum\/media\/product\/img\/300x300\/7411767.jpg?t=20250311125215"
    },
    {
        "id": 30731,
        "name": "Agua Mineral Natural de Mineralizaci\u00f3n muy d\u00e9bil BEZOYA",
        "price": 3.89,
        "price_kilo": 0.49,
        "slug": "agua-mineral-natural-de-mineralizacion-muy-debil",
        "description": "Agua Mineral Natural de Mineralizaci\u00f3n muy d\u00e9bil Bezoya Bag in Box 8 L",
        "image": "https:\/\/cdn-consum.aktiosdigitalservices.com\/tol\/consum\/media\/product\/img\/300x300\/7411866.jpg?t=20250313081008"
    },
    {
        "id": 30735,
        "name": "Gel De Afeitar KYREY MEN",
        "price": 1.35,
        "price_kilo": 1.8,
        "slug": "gel-de-afeitar",
        "description": "Gel De Afeitar 75 ml",
        "image": "https:\/\/cdn-consum.aktiosdigitalservices.com\/tol\/consum\/media\/product\/img\/300x300\/7392772.jpg?t=20250213080417"
    },
    {
        "id": 30755,
        "name": "Pasta de Aceitunas de Kalamata ILIADA",
        "price": 2.49,
        "price_kilo": 18.44,
        "slug": "pasta-de-aceitunas-de-kalamata",
        "description": "Pasta de Aceitunas de Kalamata 135 Gr",
        "image": "https:\/\/cdn-consum.aktiosdigitalservices.com\/tol\/consum\/media\/product\/img\/300x300\/7411226.jpg?t=20250312092822"
    },
    {
        "id": 30757,
        "name": "Pimiento Asado Tiras Bandeja SUQUIPA",
        "price": 2.5,
        "price_kilo": 10,
        "slug": "pimiento-asado-tiras-bandeja",
        "description": "Pimiento Asado Tiras Bandeja 250 Gr",
        "image": "https:\/\/cdn-consum.aktiosdigitalservices.com\/tol\/consum\/media\/product\/img\/300x300\/7411262.jpg?t=20250218081043"
    },
    {
        "id": 30759,
        "name": "Salm\u00f3n Ahumado Noruego MARINA BEST",
        "price": 3.99,
        "price_kilo": 39.9,
        "slug": "salmon-ahumado-noruego",
        "description": "Salm\u00f3n Ahumado Noruego 100 Gr",
        "image": "https:\/\/cdn-consum.aktiosdigitalservices.com\/tol\/consum\/media\/product\/img\/300x300\/7411320.jpg?t=20241217081252"
    },
    {
        "id": 30760,
        "name": "Laca Volumen PANTENE",
        "price": 5.49,
        "price_kilo": 1.48,
        "slug": "laca-volumen",
        "description": "Laca Volumen 370 ml",
        "image": "https:\/\/cdn-consum.aktiosdigitalservices.com\/tol\/consum\/media\/product\/img\/300x300\/7411341.jpg?t=20241217081252"
    },
    {
        "id": 30761,
        "name": "Difusor Autom\u00e1tico A\u00e9reo sin Recambio SPLASH",
        "price": 5.95,
        "price_kilo": 5.95,
        "slug": "difusor-automatico-aereo-sin-recambio",
        "description": "Difusor Autom\u00e1tico A\u00e9reo sin Recambio 1 U",
        "image": "https:\/\/cdn-consum.aktiosdigitalservices.com\/tol\/consum\/media\/product\/img\/300x300\/7411353.jpg?t=20250312092822"
    },
    {
        "id": 30763,
        "name": "Espuma Rizos Definidos PANTENE",
        "price": 5.1,
        "price_kilo": 1.7,
        "slug": "espuma-rizos-definidos",
        "description": "Espuma Rizos Definidos 300 ml",
        "image": "https:\/\/cdn-consum.aktiosdigitalservices.com\/tol\/consum\/media\/product\/img\/300x300\/7411411.jpg?t=20241217081252"
    },
    {
        "id": 30764,
        "name": "Laca Extrafuerte PANTENE",
        "price": 5.25,
        "price_kilo": 1.42,
        "slug": "laca-extrafuerte",
        "description": "Laca Extrafuerte 370 ml",
        "image": "https:\/\/cdn-consum.aktiosdigitalservices.com\/tol\/consum\/media\/product\/img\/300x300\/7411551.jpg?t=20241217081252"
    },
    {
        "id": 30766,
        "name": "Leche Entera Brik RIO",
        "price": 1.61,
        "price_kilo": 1.07,
        "slug": "leche-entera-brik",
        "description": "Leche Entera Brik 1,5 L",
        "image": "https:\/\/cdn-consum.aktiosdigitalservices.com\/tol\/consum\/media\/product\/img\/300x300\/7411643.jpg?t=20250311112347"
    },
    {
        "id": 30768,
        "name": "Tarta Bomb\u00f3n Infantil ",
        "price": 7.99,
        "price_kilo": 15.98,
        "slug": "tarta-bombon-infantil",
        "description": "Tarta Bomb\u00f3n Infantil 500 Gr",
        "image": "https:\/\/cdn-consum.aktiosdigitalservices.com\/tol\/consum\/media\/product\/img\/300x300\/7411718.jpg?t=20250101082717"
    },
    {
        "id": 30771,
        "name": "Queso Untar Natural sin Lactosa ARLA",
        "price": 2.15,
        "price_kilo": 10.75,
        "slug": "queso-untar-natural-sin-lactosa",
        "description": "Queso Untar Natural sin Lactosa 200 Gr",
        "image": "https:\/\/cdn-consum.aktiosdigitalservices.com\/tol\/consum\/media\/product\/img\/300x300\/7411747.jpg?t=20250312092823"
    },
    {
        "id": 30778,
        "name": "Vino Tinto Temp-Shiraz Reg. Castilla La Mancha EL GARABATO",
        "price": 2.4,
        "price_kilo": 3.2,
        "slug": "vino-tinto-temp-shiraz-reg-castilla-la-mancha",
        "description": "Vino Tinto Temp-Shiraz Reg. Castilla La Mancha 0,75 L",
        "image": "https:\/\/cdn-consum.aktiosdigitalservices.com\/tol\/consum\/media\/product\/img\/300x300\/7411796.jpg?t=20250312092823"
    },
    {
        "id": 30785,
        "name": "Refresco Lima-Lim\u00f3n Lata LAIMON",
        "price": 0.64,
        "price_kilo": 1.94,
        "slug": "refresco-lima-limon-lata",
        "description": "Refresco Lima-Lim\u00f3n Lata 0,33 L",
        "image": "https:\/\/cdn-consum.aktiosdigitalservices.com\/tol\/consum\/media\/product\/img\/300x300\/7411890.jpg?t=20250227094348"
    },
    {
        "id": 30786,
        "name": "Bebida Energ\u00e9tica Pi\u00f1a-Coco Lata CONTACT",
        "price": 0.49,
        "price_kilo": 1.96,
        "slug": "bebida-energetica-pina-coco-lata",
        "description": "Bebida Energ\u00e9tica Pi\u00f1a-Coco Lata 0,25 L",
        "image": "https:\/\/cdn-consum.aktiosdigitalservices.com\/tol\/consum\/media\/product\/img\/300x300\/7411903.jpg?t=20241217081253"
    },
    {
        "id": 30788,
        "name": "Ron Extra Viejo Dominicano BRUGAL",
        "price": 22.5,
        "price_kilo": 32.14,
        "slug": "ron-extra-viejo-dominicano",
        "description": "Ron Extra Viejo Dominicano 0,7 L",
        "image": "https:\/\/cdn-consum.aktiosdigitalservices.com\/tol\/consum\/media\/product\/img\/300x300\/7411940.jpg?t=20250312130111"
    },
    {
        "id": 30820,
        "name": "Limpiamuebles Spray CONSUM",
        "price": 1.65,
        "price_kilo": 4.13,
        "slug": "limpiamuebles-spray",
        "description": "Limpiamuebles Spray 0,4 L",
        "image": "https:\/\/cdn-consum.aktiosdigitalservices.com\/tol\/consum\/media\/product\/img\/300x300\/7396609.jpg?t=20250312125958"
    },
    {
        "id": 30821,
        "name": "Limpiador Abrillantador CONSUM",
        "price": 2.55,
        "price_kilo": 5.1,
        "slug": "limpiador-abrillantador",
        "description": "Limpiador Abrillantador 0,5 L",
        "image": "https:\/\/cdn-consum.aktiosdigitalservices.com\/tol\/consum\/media\/product\/img\/300x300\/7396646.jpg?t=20250312130001"
    },
    {
        "id": 30822,
        "name": "Alcohol De Romero KYREY PHARMA",
        "price": 1.99,
        "price_kilo": 0.8,
        "slug": "alcohol-de-romero",
        "description": "Alcohol De Romero 250 ml",
        "image": "https:\/\/cdn-consum.aktiosdigitalservices.com\/tol\/consum\/media\/product\/img\/300x300\/7398589.jpg?t=20241217081237"
    },
    {
        "id": 30823,
        "name": "Velitas Dise\u00f1o VAHIN\u00c9",
        "price": 1.99,
        "price_kilo": 0.2,
        "slug": "velitas-diseno",
        "description": "Velitas Dise\u00f1o 10 U",
        "image": "https:\/\/cdn-consum.aktiosdigitalservices.com\/tol\/consum\/media\/product\/img\/300x300\/7407729.jpg?t=20250311112252"
    },
    {
        "id": 30824,
        "name": "Maxi Pepitas XXL Chocolate negro VAHIN\u00c9",
        "price": 3.99,
        "price_kilo": 39.9,
        "slug": "maxi-pepitas-xxl-chocolate-negro",
        "description": "Maxi Pepitas XXL Chocolate negro 100 Gr",
        "image": "https:\/\/cdn-consum.aktiosdigitalservices.com\/tol\/consum\/media\/product\/img\/300x300\/7407740.jpg?t=20250311112254"
    },
    {
        "id": 30835,
        "name": "Detergente C\u00e1psulas Quitamanchas ARIEL",
        "price": 7.19,
        "price_kilo": 0.6,
        "slug": "detergente-capsulas-quitamanchas",
        "description": "Detergente C\u00e1psulas Quitamanchas 12 Lv",
        "image": "https:\/\/cdn-consum.aktiosdigitalservices.com\/tol\/consum\/media\/product\/img\/300x300\/7411569.jpg?t=20250313081006"
    },
    {
        "id": 30836,
        "name": "Detergente Polvo Original ARIEL",
        "price": 12.29,
        "price_kilo": 0.41,
        "slug": "detergente-polvo-original",
        "description": "Detergente Polvo Original 30 Lv",
        "image": "https:\/\/cdn-consum.aktiosdigitalservices.com\/tol\/consum\/media\/product\/img\/300x300\/7411585.jpg?t=20241220080222"
    },
    {
        "id": 30837,
        "name": "Manitas de Cerdo en Salsa POLGRI",
        "price": 4.35,
        "price_kilo": 10.36,
        "slug": "manitas-de-cerdo-en-salsa",
        "description": "Manitas de Cerdo en Salsa 420 Gr",
        "image": "https:\/\/cdn-consum.aktiosdigitalservices.com\/tol\/consum\/media\/product\/img\/300x300\/7411895.jpg?t=20241217081253"
    },
    {
        "id": 30841,
        "name": "Bolsa Basura 50L Resistente Antigoteo HANDY BAG",
        "price": 2.59,
        "price_kilo": 0.26,
        "slug": "bolsa-basura-50l-resistente-antigoteo",
        "description": "Bolsa Basura 50L Resistente Antigoteo 10 U",
        "image": "https:\/\/cdn-consum.aktiosdigitalservices.com\/tol\/consum\/media\/product\/img\/300x300\/7412042.jpg?t=20250109105226"
    },
    {
        "id": 30843,
        "name": "Bebida de Almendra Barista Brik ALMENDROLA",
        "price": 1.65,
        "price_kilo": 1.65,
        "slug": "bebida-de-almendra-barista-brik",
        "description": "Bebida de Almendra Barista Brik 1 L",
        "image": "https:\/\/cdn-consum.aktiosdigitalservices.com\/tol\/consum\/media\/product\/img\/300x300\/7412091.jpg?t=20250312092823"
    },
    {
        "id": 30848,
        "name": "Bebida de Avena Sin Az\u00facar Brik VIVESOY",
        "price": 2,
        "price_kilo": 2,
        "slug": "bebida-de-avena-sin-azucar-brik",
        "description": "Bebida de Avena Sin Az\u00facar Brik 1 L",
        "image": "https:\/\/cdn-consum.aktiosdigitalservices.com\/tol\/consum\/media\/product\/img\/300x300\/7412356.jpg?t=20250313081010"
    },
    {
        "id": 30852,
        "name": "Endibia Bandeja ",
        "price": 1.99,
        "price_kilo": 4.42,
        "slug": "endibia-bandeja",
        "description": "Endibia Bandeja 450 Gr",
        "image": "https:\/\/cdn-consum.aktiosdigitalservices.com\/tol\/consum\/media\/product\/img\/300x300\/7412612.jpg?t=20250312092823"
    },
    {
        "id": 30853,
        "name": "Barrita Frutas y Cacahuete NAKD",
        "price": 3.09,
        "price_kilo": 22.07,
        "slug": "barrita-frutas-y-cacahuete",
        "description": "Barrita Frutas y Cacahuete 140 Gr",
        "image": "https:\/\/cdn-consum.aktiosdigitalservices.com\/tol\/consum\/media\/product\/img\/300x300\/7412620.jpg?t=20250311134724"
    },
    {
        "id": 30856,
        "name": "Limpiador Antical Gel CONSUM",
        "price": 1.65,
        "price_kilo": 2.2,
        "slug": "limpiador-antical-gel",
        "description": "Limpiador Antical Gel 0,75 L",
        "image": "https:\/\/cdn-consum.aktiosdigitalservices.com\/tol\/consum\/media\/product\/img\/300x300\/7396612.jpg?t=20241217081236"
    },
    {
        "id": 30857,
        "name": "Limpiador Forte CONSUM",
        "price": 1.65,
        "price_kilo": 2.2,
        "slug": "limpiador-forte",
        "description": "Limpiador Forte 0,75 L",
        "image": "https:\/\/cdn-consum.aktiosdigitalservices.com\/tol\/consum\/media\/product\/img\/300x300\/7396617.jpg?t=20241217081236"
    },
    {
        "id": 30865,
        "name": "Set de Velas Perfumadas Aromas Surtidos LUMAR",
        "price": 4.99,
        "price_kilo": 1.25,
        "slug": "set-de-velas-perfumadas-aromas-surtidos",
        "description": "Set de Velas Perfumadas Aromas Surtidos 4 U",
        "image": "https:\/\/cdn-consum.aktiosdigitalservices.com\/tol\/consum\/media\/product\/img\/300x300\/7411853.jpg?t=20241217081253"
    },
    {
        "id": 30867,
        "name": "Champ\u00fa Fortificante Prevenci\u00f3n Ca\u00edda VITARELLE",
        "price": 2.99,
        "price_kilo": 0.75,
        "slug": "champu-fortificante-prevencion-caida",
        "description": "Champ\u00fa Fortificante Prevenci\u00f3n Ca\u00edda 400 ml",
        "image": "https:\/\/cdn-consum.aktiosdigitalservices.com\/tol\/consum\/media\/product\/img\/300x300\/7412054.jpg?t=20250109105229"
    },
    {
        "id": 30868,
        "name": "Champ\u00fa Cabellos Secos Estropeados VITARELLE",
        "price": 2.99,
        "price_kilo": 0.75,
        "slug": "champu-cabellos-secos-estropeados",
        "description": "Champ\u00fa Cabellos Secos Estropeados 400 ml",
        "image": "https:\/\/cdn-consum.aktiosdigitalservices.com\/tol\/consum\/media\/product\/img\/300x300\/7412062.jpg?t=20250312092823"
    },
    {
        "id": 30869,
        "name": "Champ\u00fa Cabellos Grasos VITARELLE",
        "price": 2.99,
        "price_kilo": 0.75,
        "slug": "champu-cabellos-grasos",
        "description": "Champ\u00fa Cabellos Grasos 400 ml",
        "image": "https:\/\/cdn-consum.aktiosdigitalservices.com\/tol\/consum\/media\/product\/img\/300x300\/7412070.jpg?t=20250322080037"
    },
    {
        "id": 30876,
        "name": "Jam\u00f3n Serrano Lonchas Sin Aditivos  18 Meses LORIENTE",
        "price": 2.99,
        "price_kilo": 29.9,
        "slug": "jamon-serrano-lonchas-sin-aditivos-18-meses",
        "description": "Jam\u00f3n Serrano Lonchas Sin Aditivos  18 Meses 100 Gr",
        "image": "https:\/\/cdn-consum.aktiosdigitalservices.com\/tol\/consum\/media\/product\/img\/300x300\/7412414.jpg?t=20250206095912"
    },
    {
        "id": 30877,
        "name": "Sandwich Chocolate sin Gluten GULLON",
        "price": 2.89,
        "price_kilo": 12.84,
        "slug": "sandwich-chocolate-sin-gluten",
        "description": "Sandwich Chocolate sin Gluten 225 Gr",
        "image": "https:\/\/cdn-consum.aktiosdigitalservices.com\/tol\/consum\/media\/product\/img\/300x300\/7412430.jpg?t=20250311112404"
    },
    {
        "id": 30878,
        "name": "Caldo Natural de Pollo Brick GALLO",
        "price": 1.99,
        "price_kilo": 1.99,
        "slug": "caldo-natural-de-pollo-brick",
        "description": "Caldo Natural de Pollo Brick 1 L",
        "image": "https:\/\/cdn-consum.aktiosdigitalservices.com\/tol\/consum\/media\/product\/img\/300x300\/7412547.jpg?t=20250318080620"
    },
    {
        "id": 30879,
        "name": "Caldo Natural Cocido Brick GALLO",
        "price": 1.99,
        "price_kilo": 1.99,
        "slug": "caldo-natural-cocido-brick",
        "description": "Caldo Natural Cocido Brick 1 L",
        "image": "https:\/\/cdn-consum.aktiosdigitalservices.com\/tol\/consum\/media\/product\/img\/300x300\/7412562.jpg?t=20250311134720"
    },
    {
        "id": 30882,
        "name": "Galletas Saladas Mini Mix GULLON",
        "price": 1.95,
        "price_kilo": 5.57,
        "slug": "galletas-saladas-mini-mix",
        "description": "Galletas Saladas Mini Mix 350 Gr",
        "image": "https:\/\/cdn-consum.aktiosdigitalservices.com\/tol\/consum\/media\/product\/img\/300x300\/7412596.jpg?t=20250227094408"
    },
    {
        "id": 30883,
        "name": "Barrita Frutas y Ar\u00e1ndanos NAKD",
        "price": 3.09,
        "price_kilo": 22.07,
        "slug": "barrita-frutas-y-arandanos",
        "description": "Barrita Frutas y Ar\u00e1ndanos 140 Gr",
        "image": "https:\/\/cdn-consum.aktiosdigitalservices.com\/tol\/consum\/media\/product\/img\/300x300\/7412617.jpg?t=20250311134722"
    },
    {
        "id": 30898,
        "name": "Chocolate Negro 72% Cacao con Arandanos CONSUM",
        "price": 1.85,
        "price_kilo": 18.5,
        "slug": "chocolate-negro-72-cacao-con-arandanos",
        "description": "Chocolate Negro 72% Cacao con Arandanos 100 Gr",
        "image": "https:\/\/cdn-consum.aktiosdigitalservices.com\/tol\/consum\/media\/product\/img\/300x300\/7383610.jpg?t=20250311134447"
    },
    {
        "id": 30899,
        "name": "Chocolate Negro 72% Cacao con Naranja CONSUM",
        "price": 1.85,
        "price_kilo": 18.5,
        "slug": "chocolate-negro-72-cacao-con-naranja",
        "description": "Chocolate Negro 72% Cacao con Naranja 100 Gr",
        "image": "https:\/\/cdn-consum.aktiosdigitalservices.com\/tol\/consum\/media\/product\/img\/300x300\/7383615.jpg?t=20250311134449"
    },
    {
        "id": 30900,
        "name": "Pastillas Lavavajillas Cl\u00e1sicas CONSUM",
        "price": 3.99,
        "price_kilo": 0.08,
        "slug": "pastillas-lavavajillas-clasicas",
        "description": "Pastillas Lavavajillas Cl\u00e1sicas 50 Do",
        "image": "https:\/\/cdn-consum.aktiosdigitalservices.com\/tol\/consum\/media\/product\/img\/300x300\/7401243.jpg?t=20250312092819"
    },
    {
        "id": 30903,
        "name": "Barrita Cereales Fitness Chocolate con Leche NESTLE",
        "price": 3.5,
        "price_kilo": 25.93,
        "slug": "barrita-cereales-fitness-chocolate-con-leche",
        "description": "Barrita Cereales Fitness Chocolate con Leche 135 Gr",
        "image": "https:\/\/cdn-consum.aktiosdigitalservices.com\/tol\/consum\/media\/product\/img\/300x300\/7409840.jpg?t=20250311134659"
    },
    {
        "id": 30907,
        "name": "T\u00f3nica Lim\u00f3n Lata SCHWEPPES",
        "price": 0.99,
        "price_kilo": 3,
        "slug": "tonica-limon-lata",
        "description": "T\u00f3nica Lim\u00f3n Lata 0,33 L",
        "image": "https:\/\/cdn-consum.aktiosdigitalservices.com\/tol\/consum\/media\/product\/img\/300x300\/7411580.jpg?t=20250204081636"
    },
    {
        "id": 30909,
        "name": "Gel Avena INST.ESPA\u00d1OL",
        "price": 2.65,
        "price_kilo": 0.21,
        "slug": "gel-avena",
        "description": "Gel Avena 1250 ml",
        "image": "https:\/\/cdn-consum.aktiosdigitalservices.com\/tol\/consum\/media\/product\/img\/300x300\/7411671.jpg?t=20241217081252"
    },
    {
        "id": 30910,
        "name": "Gel Urea INST.ESPA\u00d1OL",
        "price": 2.65,
        "price_kilo": 2.12,
        "slug": "gel-urea",
        "description": "Gel Urea 1,25 L",
        "image": "https:\/\/cdn-consum.aktiosdigitalservices.com\/tol\/consum\/media\/product\/img\/300x300\/7411684.jpg?t=20241217081253"
    },
    {
        "id": 30911,
        "name": "Comida Perro Mediano Fresh Market HARPER&BONE",
        "price": 14.99,
        "price_kilo": 5,
        "slug": "comida-perro-mediano-fresh-market",
        "description": "Comida Perro Mediano Fresh Market 3 Kg",
        "image": "https:\/\/cdn-consum.aktiosdigitalservices.com\/tol\/consum\/media\/product\/img\/300x300\/7411692.jpg?t=20250304115754"
    },
    {
        "id": 30912,
        "name": "Comida Perro Mini Flavours of the Farm HARPER&BONE",
        "price": 7.9,
        "price_kilo": 5.27,
        "slug": "comida-perro-mini-flavours-of-the-farm",
        "description": "Comida Perro Mini Flavours of the Farm 1,5 Kg",
        "image": "https:\/\/cdn-consum.aktiosdigitalservices.com\/tol\/consum\/media\/product\/img\/300x300\/7411700.jpg?t=20250312092823"
    },
    {
        "id": 30913,
        "name": "K\u00e9tchup Original Bote PRIMA",
        "price": 1.79,
        "price_kilo": 6.17,
        "slug": "ketchup-original-bote",
        "description": "K\u00e9tchup Original Bote 290 Gr",
        "image": "https:\/\/cdn-consum.aktiosdigitalservices.com\/tol\/consum\/media\/product\/img\/300x300\/7411994.jpg?t=20250227094350"
    },
    {
        "id": 30914,
        "name": "K\u00e9tchup Original Bote PRIMA",
        "price": 2.49,
        "price_kilo": 4.61,
        "slug": "ketchup-original-bote",
        "description": "K\u00e9tchup Original Bote 540 Gr",
        "image": "https:\/\/cdn-consum.aktiosdigitalservices.com\/tol\/consum\/media\/product\/img\/300x300\/7411999.jpg?t=20250304114118"
    },
    {
        "id": 30915,
        "name": "K\u00e9tchup Cero Bote PRIMA",
        "price": 2.19,
        "price_kilo": 8.26,
        "slug": "ketchup-cero-bote",
        "description": "K\u00e9tchup Cero Bote 265 Gr",
        "image": "https:\/\/cdn-consum.aktiosdigitalservices.com\/tol\/consum\/media\/product\/img\/300x300\/7412000.jpg?t=20250311112352"
    },
    {
        "id": 30916,
        "name": "Mayonesa Original Bote PRIMA",
        "price": 1.85,
        "price_kilo": 4.63,
        "slug": "mayonesa-original-bote",
        "description": "Mayonesa Original Bote 400 ml",
        "image": "https:\/\/cdn-consum.aktiosdigitalservices.com\/tol\/consum\/media\/product\/img\/300x300\/7412005.jpg?t=20250227094353"
    },
    {
        "id": 30918,
        "name": "Mostaza Original Bote PRIMA",
        "price": 1.79,
        "price_kilo": 6.75,
        "slug": "mostaza-original-bote",
        "description": "Mostaza Original Bote 265 Gr",
        "image": "https:\/\/cdn-consum.aktiosdigitalservices.com\/tol\/consum\/media\/product\/img\/300x300\/7412021.jpg?t=20250227094354"
    },
    {
        "id": 30919,
        "name": "Barbacoa Cero Bote PRIMA",
        "price": 2.19,
        "price_kilo": 8.26,
        "slug": "barbacoa-cero-bote",
        "description": "Barbacoa Cero Bote 265 Gr",
        "image": "https:\/\/cdn-consum.aktiosdigitalservices.com\/tol\/consum\/media\/product\/img\/300x300\/7412026.jpg?t=20250311112354"
    },
    {
        "id": 30922,
        "name": "Vino Tinto Merlot Reg. Castilla La Mancha EL GARABATO",
        "price": 2.25,
        "price_kilo": 3,
        "slug": "vino-tinto-merlot-reg-castilla-la-mancha",
        "description": "Vino Tinto Merlot Reg. Castilla La Mancha 0,75 L",
        "image": "https:\/\/cdn-consum.aktiosdigitalservices.com\/tol\/consum\/media\/product\/img\/300x300\/7412653.jpg?t=20241217081254"
    },
    {
        "id": 30924,
        "name": "Vino Blanco Verdejo Reg. Castilla La Mancha EL GARABATO",
        "price": 2.25,
        "price_kilo": 3,
        "slug": "vino-blanco-verdejo-reg-castilla-la-mancha",
        "description": "Vino Blanco Verdejo Reg. Castilla La Mancha 0,75 L",
        "image": "https:\/\/cdn-consum.aktiosdigitalservices.com\/tol\/consum\/media\/product\/img\/300x300\/7412682.jpg?t=20241217081254"
    },
    {
        "id": 30929,
        "name": "Lubricante \u00cdntimo Fruta De La Pasi\u00f3n HAPPYSEX",
        "price": 6.99,
        "price_kilo": 6.99,
        "slug": "lubricante-intimo-fruta-de-la-pasion",
        "description": "Lubricante \u00cdntimo Fruta De La Pasi\u00f3n 100 ml",
        "image": "https:\/\/cdn-consum.aktiosdigitalservices.com\/tol\/consum\/media\/product\/img\/300x300\/7412737.jpg?t=20241217081254"
    },
    {
        "id": 30930,
        "name": "Lubricante \u00cdntimo Aloe Vera HAPPYSEX",
        "price": 6.99,
        "price_kilo": 6.99,
        "slug": "lubricante-intimo-aloe-vera",
        "description": "Lubricante \u00cdntimo Aloe Vera 100 ml",
        "image": "https:\/\/cdn-consum.aktiosdigitalservices.com\/tol\/consum\/media\/product\/img\/300x300\/7412740.jpg?t=20241217081254"
    },
    {
        "id": 30931,
        "name": "Preservativos Sensitive HAPPYSEX",
        "price": 1.89,
        "price_kilo": 0.32,
        "slug": "preservativos-sensitive",
        "description": "Preservativos Sensitive 6 U",
        "image": "https:\/\/cdn-consum.aktiosdigitalservices.com\/tol\/consum\/media\/product\/img\/300x300\/7412752.jpg?t=20250114084839"
    },
    {
        "id": 30933,
        "name": "Comprimidos Mujer MULTICENTRUM",
        "price": 13.49,
        "price_kilo": 0.45,
        "slug": "comprimidos-mujer",
        "description": "Comprimidos Mujer 30 U",
        "image": "https:\/\/cdn-consum.aktiosdigitalservices.com\/tol\/consum\/media\/product\/img\/300x300\/7412872.jpg?t=20250312092823"
    },
    {
        "id": 30938,
        "name": "Salvaslip Normal KYREY",
        "price": 2.15,
        "price_kilo": 0.03,
        "slug": "salvaslip-normal",
        "description": "Salvaslip Normal 72 U",
        "image": "https:\/\/cdn-consum.aktiosdigitalservices.com\/tol\/consum\/media\/product\/img\/300x300\/7356749.jpg?t=20250311111314"
    },
    {
        "id": 30939,
        "name": "Salvaslip Maxi KYREY",
        "price": 2.5,
        "price_kilo": 0.04,
        "slug": "salvaslip-maxi",
        "description": "Salvaslip Maxi 60 U",
        "image": "https:\/\/cdn-consum.aktiosdigitalservices.com\/tol\/consum\/media\/product\/img\/300x300\/7356751.jpg?t=20250321075935"
    },
    {
        "id": 30941,
        "name": "Compresas Ultra Dry S\u00faper Con Alas KYREY",
        "price": 1.19,
        "price_kilo": 0.1,
        "slug": "compresas-ultra-dry-super-con-alas",
        "description": "Compresas Ultra Dry S\u00faper Con Alas 12 U",
        "image": "https:\/\/cdn-consum.aktiosdigitalservices.com\/tol\/consum\/media\/product\/img\/300x300\/7388031.jpg?t=20241217081226"
    },
    {
        "id": 30942,
        "name": "Compresas Ultra Noche Con Alas KYREY",
        "price": 1.29,
        "price_kilo": 0.13,
        "slug": "compresas-ultra-noche-con-alas",
        "description": "Compresas Ultra Noche Con Alas 10 U",
        "image": "https:\/\/cdn-consum.aktiosdigitalservices.com\/tol\/consum\/media\/product\/img\/300x300\/7388036.jpg?t=20241217081226"
    },
    {
        "id": 30943,
        "name": "Limpia Hornos CONSUM",
        "price": 1.35,
        "price_kilo": 4.5,
        "slug": "limpia-hornos",
        "description": "Limpia Hornos 0,3 L",
        "image": "https:\/\/cdn-consum.aktiosdigitalservices.com\/tol\/consum\/media\/product\/img\/300x300\/7396604.jpg?t=20250312125956"
    },
    {
        "id": 30957,
        "name": "Palitos Con Queso SNATT'S",
        "price": 1,
        "price_kilo": 18.18,
        "slug": "palitos-con-queso",
        "description": "Palitos Con Queso 55 Gr",
        "image": "https:\/\/cdn-consum.aktiosdigitalservices.com\/tol\/consum\/media\/product\/img\/300x300\/7412984.jpg?t=20250311112413"
    },
    {
        "id": 30958,
        "name": "Gin-tonic Botella WHITE",
        "price": 1.15,
        "price_kilo": 3.48,
        "slug": "gin-tonic-botella",
        "description": "Gin-tonic Botella 0,33 L",
        "image": "https:\/\/cdn-consum.aktiosdigitalservices.com\/tol\/consum\/media\/product\/img\/300x300\/7413060.jpg?t=20250227094418"
    },
    {
        "id": 30961,
        "name": "Protege Slip Adaptable KYREY",
        "price": 1.39,
        "price_kilo": 0.05,
        "slug": "protege-slip-adaptable",
        "description": "Protege Slip Adaptable 30 U",
        "image": "https:\/\/cdn-consum.aktiosdigitalservices.com\/tol\/consum\/media\/product\/img\/300x300\/7356764.jpg?t=20250218080841"
    },
    {
        "id": 30969,
        "name": "Rallado Crujiente ESGIR",
        "price": 1.75,
        "price_kilo": 4.38,
        "slug": "rallado-crujiente",
        "description": "Rallado Crujiente 400 Gr",
        "image": "https:\/\/cdn-consum.aktiosdigitalservices.com\/tol\/consum\/media\/product\/img\/300x300\/7412901.jpg?t=20250311125217"
    },
    {
        "id": 30970,
        "name": "Alubias Rojas Paquete DON PEDRO",
        "price": 2.03,
        "price_kilo": 4.06,
        "slug": "alubias-rojas-paquete",
        "description": "Alubias Rojas Paquete 500 Gr",
        "image": "https:\/\/cdn-consum.aktiosdigitalservices.com\/tol\/consum\/media\/product\/img\/300x300\/7412914.jpg?t=20250103082441"
    },
    {
        "id": 30971,
        "name": "Lenteja Pardina Paquete DON PEDRO",
        "price": 1.87,
        "price_kilo": 3.74,
        "slug": "lenteja-pardina-paquete",
        "description": "Lenteja Pardina Paquete 500 Gr",
        "image": "https:\/\/cdn-consum.aktiosdigitalservices.com\/tol\/consum\/media\/product\/img\/300x300\/7412922.jpg?t=20250206095931"
    },
    {
        "id": 30982,
        "name": "Coliflor Cocida Frasco ALSUR",
        "price": 2.09,
        "price_kilo": 5.81,
        "slug": "coliflor-cocida-frasco",
        "description": "Coliflor Cocida Frasco 360 Gr",
        "image": "https:\/\/cdn-consum.aktiosdigitalservices.com\/tol\/consum\/media\/product\/img\/300x300\/7413164.jpg?t=20250311125220"
    },
    {
        "id": 30985,
        "name": "Dent\u00edfrico Menta Fresca Gel 2 En 1 LICOR POLO",
        "price": 2.35,
        "price_kilo": 3.13,
        "slug": "dentifrico-menta-fresca-gel-2-en-1",
        "description": "Dent\u00edfrico Menta Fresca Gel 2 En 1 75 ml",
        "image": "https:\/\/cdn-consum.aktiosdigitalservices.com\/tol\/consum\/media\/product\/img\/300x300\/7413222.jpg?t=20250311125221"
    },
    {
        "id": 30991,
        "name": "Espuma De Afeitar Pieles Normales KYREY MEN",
        "price": 1.55,
        "price_kilo": 0.52,
        "slug": "espuma-de-afeitar-pieles-normales",
        "description": "Espuma De Afeitar Pieles Normales 300 ml",
        "image": "https:\/\/cdn-consum.aktiosdigitalservices.com\/tol\/consum\/media\/product\/img\/300x300\/7392764.jpg?t=20250304113631"
    },
    {
        "id": 30992,
        "name": "Gel Afeitar Pieles Sensibles KYREY MEN",
        "price": 1.75,
        "price_kilo": 0.88,
        "slug": "gel-afeitar-pieles-sensibles",
        "description": "Gel Afeitar Pieles Sensibles 200 ml",
        "image": "https:\/\/cdn-consum.aktiosdigitalservices.com\/tol\/consum\/media\/product\/img\/300x300\/7392769.jpg?t=20250312092813"
    },
    {
        "id": 30995,
        "name": "T\u00f3nica Toque Lima Botell\u00edn Vidrio SCHWEPPES",
        "price": 1.78,
        "price_kilo": 8.9,
        "slug": "tonica-toque-lima-botellin-vidrio",
        "description": "T\u00f3nica Toque Lima Botell\u00edn Vidrio 0,2 L",
        "image": "https:\/\/cdn-consum.aktiosdigitalservices.com\/tol\/consum\/media\/product\/img\/300x300\/7411593.jpg?t=20250312092822"
    },
    {
        "id": 31004,
        "name": "L-Carnitine JUST LOADING",
        "price": 8.99,
        "price_kilo": 0.15,
        "slug": "l-carnitine",
        "description": "L-Carnitine 60 U",
        "image": "https:\/\/cdn-consum.aktiosdigitalservices.com\/tol\/consum\/media\/product\/img\/300x300\/7412364.jpg?t=20250311134715"
    },
    {
        "id": 31009,
        "name": "At\u00fan Claro al Natural Prote\u00edna Natural FRINSA",
        "price": 2.75,
        "price_kilo": 22.91,
        "slug": "atun-claro-al-natural-proteina-natural",
        "description": "At\u00fan Claro al Natural Prote\u00edna Natural 120 Gr",
        "image": "https:\/\/cdn-consum.aktiosdigitalservices.com\/tol\/consum\/media\/product\/img\/300x300\/7413144.jpg?t=20250227094419"
    },
    {
        "id": 31010,
        "name": "Merluza del Cabo Natural Prote\u00edna Natural FRINSA",
        "price": 2.75,
        "price_kilo": 22.91,
        "slug": "merluza-del-cabo-natural-proteina-natural",
        "description": "Merluza del Cabo Natural Prote\u00edna Natural 120 Gr",
        "image": "https:\/\/cdn-consum.aktiosdigitalservices.com\/tol\/consum\/media\/product\/img\/300x300\/7413149.jpg?t=20250227094421"
    },
    {
        "id": 31012,
        "name": "Spray Bucal Prop\u00f3leo NATURTIERRA",
        "price": 3.65,
        "price_kilo": 18.25,
        "slug": "spray-bucal-propoleo",
        "description": "Spray Bucal Prop\u00f3leo 20 ml",
        "image": "https:\/\/cdn-consum.aktiosdigitalservices.com\/tol\/consum\/media\/product\/img\/300x300\/7413219.jpg?t=20250213080459"
    },
    {
        "id": 31013,
        "name": "Fregasuelos Ph Neutro ASEVI",
        "price": 2.09,
        "price_kilo": 2.2,
        "slug": "fregasuelos-ph-neutro",
        "description": "Fregasuelos Ph Neutro 0,95 L",
        "image": "https:\/\/cdn-consum.aktiosdigitalservices.com\/tol\/consum\/media\/product\/img\/300x300\/7413854.jpg?t=20250312092828"
    },
    {
        "id": 31015,
        "name": "Contorno De Ojos KYREY MEN",
        "price": 5,
        "price_kilo": 33.33,
        "slug": "contorno-de-ojos",
        "description": "Contorno De Ojos 15 ml",
        "image": "https:\/\/cdn-consum.aktiosdigitalservices.com\/tol\/consum\/media\/product\/img\/300x300\/7392343.jpg?t=20241217081230"
    },
    {
        "id": 31016,
        "name": "Gel Exfoliante Facial KYREY MEN",
        "price": 1.95,
        "price_kilo": 1.95,
        "slug": "gel-exfoliante-facial",
        "description": "Gel Exfoliante Facial 100 ml",
        "image": "https:\/\/cdn-consum.aktiosdigitalservices.com\/tol\/consum\/media\/product\/img\/300x300\/7392348.jpg?t=20241217081230"
    },
    {
        "id": 31018,
        "name": "After Shave B\u00e1lsamo KYREY MEN",
        "price": 1.6,
        "price_kilo": 1.6,
        "slug": "after-shave-balsamo",
        "description": "After Shave B\u00e1lsamo 100 ml",
        "image": "https:\/\/cdn-consum.aktiosdigitalservices.com\/tol\/consum\/media\/product\/img\/300x300\/7406791.jpg?t=20250321080001"
    },
    {
        "id": 31022,
        "name": "K\u00e9tchup Original Bolsitas PRIMA",
        "price": 1.99,
        "price_kilo": 16.58,
        "slug": "ketchup-original-bolsitas",
        "description": "K\u00e9tchup Original Bolsitas 12 x 10 Gr",
        "image": "https:\/\/cdn-consum.aktiosdigitalservices.com\/tol\/consum\/media\/product\/img\/300x300\/7412034.jpg?t=20250204081643"
    },
    {
        "id": 31031,
        "name": "Aceite de Oliva Virgen Extra ACESUR",
        "price": 17.95,
        "price_kilo": 5.98,
        "slug": "aceite-de-oliva-virgen-extra",
        "description": "Aceite de Oliva Virgen Extra 3 L",
        "image": "https:\/\/cdn-consum.aktiosdigitalservices.com\/tol\/consum\/media\/product\/img\/300x300\/7413045.jpg?t=20250322080038"
    },
    {
        "id": 31035,
        "name": "Dent\u00edfrico Blanqueador Gel 2 En 1 LICOR POLO",
        "price": 2.35,
        "price_kilo": 3.13,
        "slug": "dentifrico-blanqueador-gel-2-en-1",
        "description": "Dent\u00edfrico Blanqueador Gel 2 En 1 75 ml",
        "image": "https:\/\/cdn-consum.aktiosdigitalservices.com\/tol\/consum\/media\/product\/img\/300x300\/7413227.jpg?t=20250312092823"
    },
    {
        "id": 31036,
        "name": "Dent\u00edfrico Junior Fresa 2 En 1 Anticaries LICOR POLO",
        "price": 2.35,
        "price_kilo": 3.13,
        "slug": "dentifrico-junior-fresa-2-en-1-anticaries",
        "description": "Dent\u00edfrico Junior Fresa 2 En 1 Anticaries 75 ml",
        "image": "https:\/\/cdn-consum.aktiosdigitalservices.com\/tol\/consum\/media\/product\/img\/300x300\/7413230.jpg?t=20250311125226"
    },
    {
        "id": 31037,
        "name": "Galleta Chiquilin ARTIACH",
        "price": 3.65,
        "price_kilo": 6.95,
        "slug": "galleta-chiquilin",
        "description": "Galleta Chiquilin 525 Gr",
        "image": "https:\/\/cdn-consum.aktiosdigitalservices.com\/tol\/consum\/media\/product\/img\/300x300\/7413768.jpg?t=20250311134726"
    },
    {
        "id": 31038,
        "name": "Kebab de Pollo con dos salsas ALDELIS",
        "price": 3.45,
        "price_kilo": 10.33,
        "slug": "kebab-de-pollo-con-dos-salsas",
        "description": "Kebab de Pollo con dos salsas 334 Gr",
        "image": "https:\/\/cdn-consum.aktiosdigitalservices.com\/tol\/consum\/media\/product\/img\/300x300\/7413909.jpg?t=20250121080754"
    },
    {
        "id": 31039,
        "name": "Picos Integrales MENDEZ",
        "price": 0.84,
        "price_kilo": 3.65,
        "slug": "picos-integrales",
        "description": "Picos Integrales 230 Gr",
        "image": "https:\/\/cdn-consum.aktiosdigitalservices.com\/tol\/consum\/media\/product\/img\/300x300\/7413917.jpg?t=20250311112420"
    },
    {
        "id": 31040,
        "name": "Cottage Natural 0% Materia Grasa MARGUI",
        "price": 1.4,
        "price_kilo": 7,
        "slug": "cottage-natural-0-materia-grasa",
        "description": "Cottage Natural 0% Materia Grasa 200 Gr",
        "image": "https:\/\/cdn-consum.aktiosdigitalservices.com\/tol\/consum\/media\/product\/img\/300x300\/7413953.jpg?t=20250103082447"
    },
    {
        "id": 31043,
        "name": "Gel Ba\u00f1o Amazonian NAT.HONEY",
        "price": 2.69,
        "price_kilo": 0.45,
        "slug": "gel-bano-amazonian",
        "description": "Gel Ba\u00f1o Amazonian 600 ml",
        "image": "https:\/\/cdn-consum.aktiosdigitalservices.com\/tol\/consum\/media\/product\/img\/300x300\/7410657.jpg?t=20250318080609"
    },
    {
        "id": 31045,
        "name": "Agua Natural Mineralizaci\u00f3n Muy D\u00e9bil TELENO",
        "price": 0.39,
        "price_kilo": 0.26,
        "slug": "agua-natural-mineralizacion-muy-debil",
        "description": "Agua Natural Mineralizaci\u00f3n Muy D\u00e9bil 1,5 L",
        "image": "https:\/\/cdn-consum.aktiosdigitalservices.com\/tol\/consum\/media\/product\/img\/300x300\/7412955.jpg?t=20250312092823"
    },
    {
        "id": 31046,
        "name": "Comida para Canarios MIX MASCOTAS",
        "price": 1.8,
        "price_kilo": 1.8,
        "slug": "comida-para-canarios",
        "description": "Comida para Canarios 1 Kg",
        "image": "https:\/\/cdn-consum.aktiosdigitalservices.com\/tol\/consum\/media\/product\/img\/300x300\/7413263.jpg?t=20241217081254"
    },
    {
        "id": 31047,
        "name": "Men\u00fa para Agapornis MIX MASCOTAS",
        "price": 2.21,
        "price_kilo": 2.21,
        "slug": "menu-para-agapornis",
        "description": "Men\u00fa para Agapornis 1 Kg",
        "image": "https:\/\/cdn-consum.aktiosdigitalservices.com\/tol\/consum\/media\/product\/img\/300x300\/7413268.jpg?t=20241217081254"
    },
    {
        "id": 31048,
        "name": "Comida Para Periquitos MIX MASCOTAS",
        "price": 1.82,
        "price_kilo": 1.82,
        "slug": "comida-para-periquitos",
        "description": "Comida Para Periquitos 1 Kg",
        "image": "https:\/\/cdn-consum.aktiosdigitalservices.com\/tol\/consum\/media\/product\/img\/300x300\/7413276.jpg?t=20241217081254"
    },
    {
        "id": 31051,
        "name": "Galletas Pick Up! Rellenas de Chocolate BAHLSEN",
        "price": 2.49,
        "price_kilo": 22.23,
        "slug": "galletas-pick-up-rellenas-de-chocolate",
        "description": "Galletas Pick Up! Rellenas de Chocolate 4 x 28 Gr",
        "image": "https:\/\/cdn-consum.aktiosdigitalservices.com\/tol\/consum\/media\/product\/img\/300x300\/7413776.jpg?t=20250311112418"
    },
    {
        "id": 31064,
        "name": "Magdalenas Redondas Bolsa 9 Unidades BELLA EASO",
        "price": 2.35,
        "price_kilo": 9,
        "slug": "magdalenas-redondas-bolsa-9-unidades",
        "description": "Magdalenas Redondas Bolsa 9 Unidades 261 Gr",
        "image": "https:\/\/cdn-consum.aktiosdigitalservices.com\/tol\/consum\/media\/product\/img\/300x300\/7414415.jpg?t=20250313081016"
    },
    {
        "id": 31065,
        "name": "Perfumador Ropa L\u00edquido Rosa FLOR",
        "price": 3.85,
        "price_kilo": 0.11,
        "slug": "perfumador-ropa-liquido-rosa",
        "description": "Perfumador Ropa L\u00edquido Rosa 36 Lv",
        "image": "https:\/\/cdn-consum.aktiosdigitalservices.com\/tol\/consum\/media\/product\/img\/300x300\/7414519.jpg?t=20250313081020"
    },
    {
        "id": 31066,
        "name": "Gnocchi RANA",
        "price": 2.61,
        "price_kilo": 6.53,
        "slug": "gnocchi",
        "description": "Gnocchi 400 Gr",
        "image": "https:\/\/cdn-consum.aktiosdigitalservices.com\/tol\/consum\/media\/product\/img\/300x300\/7414753.jpg?t=20250206100032"
    },
    {
        "id": 31068,
        "name": "Compresa Normal Alas  Dry KYREY",
        "price": 1.29,
        "price_kilo": 0.08,
        "slug": "compresa-normal-alas-dry",
        "description": "Compresa Normal Alas  Dry 16 U",
        "image": "https:\/\/cdn-consum.aktiosdigitalservices.com\/tol\/consum\/media\/product\/img\/300x300\/7388028.jpg?t=20241217081226"
    },
    {
        "id": 31069,
        "name": "Salsa Mexicana Queso Tarro CONSUM",
        "price": 1.69,
        "price_kilo": 5.63,
        "slug": "salsa-mexicana-queso-tarro",
        "description": "Salsa Mexicana Queso Tarro 300 ml",
        "image": "https:\/\/cdn-consum.aktiosdigitalservices.com\/tol\/consum\/media\/product\/img\/300x300\/7391811.jpg?t=20241221080219"
    },
    {
        "id": 31070,
        "name": "Salsa Mexicana Tarro CONSUM",
        "price": 1.69,
        "price_kilo": 5.54,
        "slug": "salsa-mexicana-tarro",
        "description": "Salsa Mexicana Tarro 305 Gr",
        "image": "https:\/\/cdn-consum.aktiosdigitalservices.com\/tol\/consum\/media\/product\/img\/300x300\/7391824.jpg?t=20241221080223"
    },
    {
        "id": 31072,
        "name": "Pila Alcalina AA Max 6+4 ENERGIZER",
        "price": 7.29,
        "price_kilo": 0.73,
        "slug": "pila-alcalina-aa-max-64",
        "description": "Pila Alcalina AA Max 6+4 10 U",
        "image": "https:\/\/cdn-consum.aktiosdigitalservices.com\/tol\/consum\/media\/product\/img\/300x300\/7408743.jpg?t=20250318080958"
    },
    {
        "id": 31090,
        "name": "Agua Natural Mineralizaci\u00f3n Muy D\u00e9bil TELENO",
        "price": 0.29,
        "price_kilo": 0.58,
        "slug": "agua-natural-mineralizacion-muy-debil",
        "description": "Agua Natural Mineralizaci\u00f3n Muy D\u00e9bil 0,5 L",
        "image": "https:\/\/cdn-consum.aktiosdigitalservices.com\/tol\/consum\/media\/product\/img\/300x300\/7412968.jpg?t=20250312092823"
    },
    {
        "id": 31092,
        "name": "Yogur Natural LA FAGEDA",
        "price": 1.88,
        "price_kilo": 3.76,
        "slug": "yogur-natural",
        "description": "Yogur Natural 4 x 125 Gr",
        "image": "https:\/\/cdn-consum.aktiosdigitalservices.com\/tol\/consum\/media\/product\/img\/300x300\/7413990.jpg?t=20250320080223"
    },
    {
        "id": 31095,
        "name": "Yogur Natural Sin Lactosa LA FAGEDA",
        "price": 2.26,
        "price_kilo": 4.52,
        "slug": "yogur-natural-sin-lactosa",
        "description": "Yogur Natural Sin Lactosa 4 x 125 Gr",
        "image": "https:\/\/cdn-consum.aktiosdigitalservices.com\/tol\/consum\/media\/product\/img\/300x300\/7414006.jpg?t=20250320080224"
    },
    {
        "id": 31096,
        "name": "Muslitos de Mar congelados VICI",
        "price": 3.29,
        "price_kilo": 6.58,
        "slug": "muslitos-de-mar-congelados",
        "description": "Muslitos de Mar congelados 500 Gr",
        "image": "https:\/\/cdn-consum.aktiosdigitalservices.com\/tol\/consum\/media\/product\/img\/300x300\/7414373.jpg?t=20250312092828"
    },
    {
        "id": 31102,
        "name": "Cheetos Rizos Bolsa CHEETOS",
        "price": 1.89,
        "price_kilo": 18.9,
        "slug": "cheetos-rizos-bolsa",
        "description": "Cheetos Rizos Bolsa 100 Gr",
        "image": "https:\/\/cdn-consum.aktiosdigitalservices.com\/tol\/consum\/media\/product\/img\/300x300\/7414964.jpg?t=20250227094448"
    },
    {
        "id": 31103,
        "name": "Chapata Cristal Aceite de Oliva 7% 3 U ",
        "price": 0.99,
        "price_kilo": 4.71,
        "slug": "chapata-cristal-aceite-de-oliva-7-3-u",
        "description": "Chapata Cristal Aceite de Oliva 7% 3 U 210 Gr",
        "image": "https:\/\/cdn-consum.aktiosdigitalservices.com\/tol\/consum\/media\/product\/img\/300x300\/7415045.jpg?t=20250228080604"
    },
    {
        "id": 31104,
        "name": "Salsa Guacamole Tarro CONSUM",
        "price": 1.69,
        "price_kilo": 5.63,
        "slug": "salsa-guacamole-tarro",
        "description": "Salsa Guacamole Tarro 300 ml",
        "image": "https:\/\/cdn-consum.aktiosdigitalservices.com\/tol\/consum\/media\/product\/img\/300x300\/7391816.jpg?t=20241221080221"
    },
    {
        "id": 31106,
        "name": "Mayonesa Original Bolsitas PRIMA",
        "price": 1.99,
        "price_kilo": 16.58,
        "slug": "mayonesa-original-bolsitas",
        "description": "Mayonesa Original Bolsitas 12 x 10 ml",
        "image": "https:\/\/cdn-consum.aktiosdigitalservices.com\/tol\/consum\/media\/product\/img\/300x300\/7412039.jpg?t=20250204081646"
    },
    {
        "id": 31108,
        "name": "Bomb\u00f3n Chocolate Kinder pack 4 FERRERO",
        "price": 3.99,
        "price_kilo": 26.25,
        "slug": "bombon-chocolate-kinder-pack-4",
        "description": "Bomb\u00f3n Chocolate Kinder pack 4 152 Gr",
        "image": "https:\/\/cdn-consum.aktiosdigitalservices.com\/tol\/consum\/media\/product\/img\/300x300\/7412992.jpg?t=20250312092823"
    },
    {
        "id": 31110,
        "name": "Tomate Frito Brik ORLANDO",
        "price": 1.95,
        "price_kilo": 2.5,
        "slug": "tomate-frito-brik",
        "description": "Tomate Frito Brik 780 Gr",
        "image": "https:\/\/cdn-consum.aktiosdigitalservices.com\/tol\/consum\/media\/product\/img\/300x300\/7413214.jpg?t=20250227094423"
    },
    {
        "id": 31127,
        "name": "Detergente C\u00e1psulas Power WIPP",
        "price": 8.2,
        "price_kilo": 0.41,
        "slug": "detergente-capsulas-power",
        "description": "Detergente C\u00e1psulas Power 20 Lv",
        "image": "https:\/\/cdn-consum.aktiosdigitalservices.com\/tol\/consum\/media\/product\/img\/300x300\/7413461.jpg?t=20250227094426"
    },
    {
        "id": 31178,
        "name": "Pipas Piponazo Original Formato Ahorro GREFUSA",
        "price": 2.35,
        "price_kilo": 12.05,
        "slug": "pipas-piponazo-original-formato-ahorro",
        "description": "Pipas Piponazo Original Formato Ahorro 195 Gr",
        "image": "https:\/\/cdn-consum.aktiosdigitalservices.com\/tol\/consum\/media\/product\/img\/300x300\/7414014.jpg?t=20250227094431"
    },
    {
        "id": 31179,
        "name": "Preparado Especial para Pastas y Arroces congelado COCINARTE",
        "price": 3.79,
        "price_kilo": 7.58,
        "slug": "preparado-especial-para-pastas-y-arroces-congelado",
        "description": "Preparado Especial para Pastas y Arroces congelado 500 Gr",
        "image": "https:\/\/cdn-consum.aktiosdigitalservices.com\/tol\/consum\/media\/product\/img\/300x300\/7414365.jpg?t=20250301080005"
    },
    {
        "id": 31181,
        "name": "Activia 0%0% con Ciruela B\u00edfidus Desnatado P-4 DANONE",
        "price": 2,
        "price_kilo": 4.17,
        "slug": "activia-00-con-ciruela-bifidus-desnatado-p-4",
        "description": "Activia 0%0% con Ciruela B\u00edfidus Desnatado P-4 4 x 120 Gr",
        "image": "https:\/\/cdn-consum.aktiosdigitalservices.com\/tol\/consum\/media\/product\/img\/300x300\/7414386.jpg?t=20250312130120"
    },
    {
        "id": 31182,
        "name": "Caramelo Masticables Air Fruits VERQUIN",
        "price": 1.99,
        "price_kilo": 15.92,
        "slug": "caramelo-masticables-air-fruits",
        "description": "Caramelo Masticables Air Fruits 125 Gr",
        "image": "https:\/\/cdn-consum.aktiosdigitalservices.com\/tol\/consum\/media\/product\/img\/300x300\/7414449.jpg?t=20250311125230"
    },
    {
        "id": 31187,
        "name": "Tortillas de Ma\u00edz y Trigo de Trigo. 8 Unidades OLD EL PASO",
        "price": 3.21,
        "price_kilo": 9.58,
        "slug": "tortillas-de-maiz-y-trigo-de-trigo-8-unidades",
        "description": "Tortillas de Ma\u00edz y Trigo de Trigo. 8 Unidades 335 Gr",
        "image": "https:\/\/cdn-consum.aktiosdigitalservices.com\/tol\/consum\/media\/product\/img\/300x300\/7414951.jpg?t=20250311134741"
    },
    {
        "id": 31189,
        "name": "Gula del Norte congelada GULA NORTE",
        "price": 5.99,
        "price_kilo": 29.95,
        "slug": "gula-del-norte-congelada",
        "description": "Gula del Norte congelada 200 Gr",
        "image": "https:\/\/cdn-consum.aktiosdigitalservices.com\/tol\/consum\/media\/product\/img\/300x300\/7414993.jpg?t=20250301080010"
    },
    {
        "id": 31190,
        "name": "Pechuga de Pollo Braseado Finas Lonchas ELPOZO",
        "price": 1.5,
        "price_kilo": 13.04,
        "slug": "pechuga-de-pollo-braseado-finas-lonchas",
        "description": "Pechuga de Pollo Braseado Finas Lonchas 115 Gr",
        "image": "https:\/\/cdn-consum.aktiosdigitalservices.com\/tol\/consum\/media\/product\/img\/300x300\/7415011.jpg?t=20250213080507"
    },
    {
        "id": 31192,
        "name": "Comida H\u00fameda para Gatos Adultos Selecci\u00f3n Pescado WHISKAS",
        "price": 2.59,
        "price_kilo": 7.62,
        "slug": "comida-humeda-para-gatos-adultos-seleccion-pescado",
        "description": "Comida H\u00fameda para Gatos Adultos Selecci\u00f3n Pescados en Gelatina 4x85g",
        "image": "https:\/\/cdn-consum.aktiosdigitalservices.com\/tol\/consum\/media\/product\/img\/300x300\/7415144.jpg?t=20250207080254"
    },
    {
        "id": 31193,
        "name": "Nachos Mexican Bolsa CONSUM",
        "price": 0.95,
        "price_kilo": 6.33,
        "slug": "nachos-mexican-bolsa",
        "description": "Nachos Mexican Bolsa 150 Gr",
        "image": "https:\/\/cdn-consum.aktiosdigitalservices.com\/tol\/consum\/media\/product\/img\/300x300\/7391832.jpg?t=20250304113613"
    },
    {
        "id": 31195,
        "name": "Sazonador para Fajitas CONSUM",
        "price": 1.19,
        "price_kilo": 3.97,
        "slug": "sazonador-para-fajitas",
        "description": "Sazonador para Fajitas 30 Gr",
        "image": "https:\/\/cdn-consum.aktiosdigitalservices.com\/tol\/consum\/media\/product\/img\/300x300\/7392244.jpg?t=20250129080127"
    },
    {
        "id": 31196,
        "name": "Tortillas de Trigo 8 Unidades CONSUM",
        "price": 0.94,
        "price_kilo": 2.94,
        "slug": "tortillas-de-trigo-8-unidades",
        "description": "Tortillas de Trigo 8 Unidades 320 Gr",
        "image": "https:\/\/cdn-consum.aktiosdigitalservices.com\/tol\/consum\/media\/product\/img\/300x300\/7392249.jpg?t=20250312092808"
    },
    {
        "id": 31197,
        "name": "Tortillas de Ma\u00edz 10 Unidades CONSUM",
        "price": 2.07,
        "price_kilo": 8.28,
        "slug": "tortillas-de-maiz-10-unidades",
        "description": "Tortillas de Ma\u00edz 10 Unidades 250 Gr",
        "image": "https:\/\/cdn-consum.aktiosdigitalservices.com\/tol\/consum\/media\/product\/img\/300x300\/7392256.jpg?t=20250311134515"
    },
    {
        "id": 31198,
        "name": "Tortillas Wrap de Trigo 6 Unidades CONSUM",
        "price": 1.51,
        "price_kilo": 4.08,
        "slug": "tortillas-wrap-de-trigo-6-unidades",
        "description": "Tortillas Wrap de Trigo 6 Unidades 370 Gr",
        "image": "https:\/\/cdn-consum.aktiosdigitalservices.com\/tol\/consum\/media\/product\/img\/300x300\/7392264.jpg?t=20250311134517"
    },
    {
        "id": 31199,
        "name": "Chocolate con Leche sin Lactosa CONSUM",
        "price": 1.79,
        "price_kilo": 17.9,
        "slug": "chocolate-con-leche-sin-lactosa",
        "description": "Chocolate con Leche sin Lactosa 100 Gr",
        "image": "https:\/\/cdn-consum.aktiosdigitalservices.com\/tol\/consum\/media\/product\/img\/300x300\/7392652.jpg?t=20250318080521"
    },
    {
        "id": 31201,
        "name": "Patatas Churrer\u00eda Bolsa CONSUM",
        "price": 1.1,
        "price_kilo": 7.33,
        "slug": "patatas-churreria-bolsa",
        "description": "Patatas Churrer\u00eda Bolsa 150 Gr",
        "image": "https:\/\/cdn-consum.aktiosdigitalservices.com\/tol\/consum\/media\/product\/img\/300x300\/7404887.jpg?t=20241217081243"
    },
    {
        "id": 31202,
        "name": "Esponja Flor KYREY",
        "price": 0.85,
        "price_kilo": 0.85,
        "slug": "esponja-flor",
        "description": "Esponja Flor 1 U",
        "image": "https:\/\/cdn-consum.aktiosdigitalservices.com\/tol\/consum\/media\/product\/img\/300x300\/7406960.jpg?t=20241217081246"
    },
    {
        "id": 31204,
        "name": "Patatas Fritas Extra Crujientes TOSFRIT",
        "price": 1.39,
        "price_kilo": 10.69,
        "slug": "patatas-fritas-extra-crujientes",
        "description": "Patatas Fritas Extra Crujientes 130 Gr",
        "image": "https:\/\/cdn-consum.aktiosdigitalservices.com\/tol\/consum\/media\/product\/img\/300x300\/7413750.jpg?t=20250318080959"
    },
    {
        "id": 31205,
        "name": "Algod\u00f3n Sanitario KYREY",
        "price": 0.95,
        "price_kilo": 9.5,
        "slug": "algodon-sanitario",
        "description": "Algod\u00f3n Sanitario 100 Gr",
        "image": "https:\/\/cdn-consum.aktiosdigitalservices.com\/tol\/consum\/media\/product\/img\/300x300\/7413763.jpg?t=20241217081254"
    },
    {
        "id": 31206,
        "name": "Proteico Natural 0%0% Plus CONSUM",
        "price": 1.59,
        "price_kilo": 3.18,
        "slug": "proteico-natural-00-plus",
        "description": "Proteico Natural 0%0% Plus 500 Gr - Refrigerado",
        "image": "https:\/\/cdn-consum.aktiosdigitalservices.com\/tol\/consum\/media\/product\/img\/300x300\/7414167.jpg?t=20250103082450"
    },
    {
        "id": 31211,
        "name": "Champ\u00fa Keratina Brasile\u00f1a OGX",
        "price": 7.99,
        "price_kilo": 2.08,
        "slug": "champu-keratina-brasilena",
        "description": "Champ\u00fa Keratina Brasile\u00f1a 385 ml",
        "image": "https:\/\/cdn-consum.aktiosdigitalservices.com\/tol\/consum\/media\/product\/img\/300x300\/7415123.jpg?t=20250313081026"
    },
    {
        "id": 31212,
        "name": "Champ\u00fa Aceite De Arg\u00e1n OGX",
        "price": 7.99,
        "price_kilo": 2.08,
        "slug": "champu-aceite-de-argan",
        "description": "Champ\u00fa Aceite De Arg\u00e1n 385 ml",
        "image": "https:\/\/cdn-consum.aktiosdigitalservices.com\/tol\/consum\/media\/product\/img\/300x300\/7415151.jpg?t=20250313081028"
    },
    {
        "id": 31213,
        "name": "Mascarilla Aceite De Arg\u00e1n OGX",
        "price": 8.99,
        "price_kilo": 3,
        "slug": "mascarilla-aceite-de-argan",
        "description": "Mascarilla Aceite De Arg\u00e1n 300 ml",
        "image": "https:\/\/cdn-consum.aktiosdigitalservices.com\/tol\/consum\/media\/product\/img\/300x300\/7415169.jpg?t=20250313081032"
    },
    {
        "id": 31216,
        "name": "2Recambios Ambientador Autom\u00e1tico Lavanda GLADE",
        "price": 5.99,
        "price_kilo": 3,
        "slug": "2recambios-ambientador-automatico-lavanda",
        "description": "2Recambios Ambientador Autom\u00e1tico Lavanda 1 U",
        "image": "https:\/\/cdn-consum.aktiosdigitalservices.com\/tol\/consum\/media\/product\/img\/300x300\/7415300.jpg?t=20250313081035"
    },
    {
        "id": 31218,
        "name": "Caramelo Extrafuerte sin Az\u00facar HALLS",
        "price": 1.95,
        "price_kilo": 30.47,
        "slug": "caramelo-extrafuerte-sin-azucar",
        "description": "Caramelo Extrafuerte sin Az\u00facar 2 x 32 Gr",
        "image": "https:\/\/cdn-consum.aktiosdigitalservices.com\/tol\/consum\/media\/product\/img\/300x300\/7415354.jpg?t=20250311125237"
    },
    {
        "id": 31220,
        "name": "Muffin Chocolate Sin GLuten, 5 Unidades SCH\u00c4R",
        "price": 3.49,
        "price_kilo": 15.51,
        "slug": "muffin-chocolate-sin-gluten-5-unidades",
        "description": "Muffin Chocolate Sin GLuten, 5 Unidades 225 Gr",
        "image": "https:\/\/cdn-consum.aktiosdigitalservices.com\/tol\/consum\/media\/product\/img\/300x300\/7415396.jpg?t=20250311112457"
    },
    {
        "id": 31221,
        "name": "Tiras de Bac\u00f3n ELPOZO",
        "price": 1.5,
        "price_kilo": 15,
        "slug": "tiras-de-bacon",
        "description": "Tiras de Bac\u00f3n 2 x 50 Gr",
        "image": "https:\/\/cdn-consum.aktiosdigitalservices.com\/tol\/consum\/media\/product\/img\/300x300\/7415417.jpg?t=20250227094502"
    },
    {
        "id": 31222,
        "name": "Fiambre de York Maxi ELPOZO",
        "price": 2.5,
        "price_kilo": 5.56,
        "slug": "fiambre-de-york-maxi",
        "description": "Fiambre de York Maxi 450 Gr",
        "image": "https:\/\/cdn-consum.aktiosdigitalservices.com\/tol\/consum\/media\/product\/img\/300x300\/7415420.jpg?t=20250213080511"
    },
    {
        "id": 31223,
        "name": "Barritas Cereales con Choco Blanco 0% Pack 6 CORNY",
        "price": 2.99,
        "price_kilo": 24.92,
        "slug": "barritas-cereales-con-choco-blanco-0-pack-6",
        "description": "Barritas Cereales con Choco Blanco 0% Pack 6 120 Gr",
        "image": "https:\/\/cdn-consum.aktiosdigitalservices.com\/tol\/consum\/media\/product\/img\/300x300\/7415425.jpg?t=20250311134746"
    },
    {
        "id": 31225,
        "name": "Ca\u00f1a Zebra 3 Unidades DULCESOL",
        "price": 1,
        "price_kilo": 6.67,
        "slug": "cana-zebra-3-unidades",
        "description": "Ca\u00f1a Zebra 3 Unidades 150 Gr",
        "image": "https:\/\/cdn-consum.aktiosdigitalservices.com\/tol\/consum\/media\/product\/img\/300x300\/7415441.jpg?t=20250311112502"
    },
    {
        "id": 31226,
        "name": "Choco Brownies 5 Unidades DULCESOL",
        "price": 1,
        "price_kilo": 8,
        "slug": "choco-brownies-5-unidades",
        "description": "Choco Brownies 5 Unidades 125 Gr",
        "image": "https:\/\/cdn-consum.aktiosdigitalservices.com\/tol\/consum\/media\/product\/img\/300x300\/7415446.jpg?t=20250311112504"
    },
    {
        "id": 31229,
        "name": "Pechuga de Pavo Lonchas Finas ELPOZO",
        "price": 1.5,
        "price_kilo": 13.04,
        "slug": "pechuga-de-pavo-lonchas-finas",
        "description": "Pechuga de Pavo Lonchas Finas 115 Gr",
        "image": "https:\/\/cdn-consum.aktiosdigitalservices.com\/tol\/consum\/media\/product\/img\/300x300\/7415599.jpg?t=20250213080517"
    },
    {
        "id": 31240,
        "name": "Champi\u00f1\u00f3n Laminado Peso Variable ",
        "price": 1.92,
        "price_kilo": 6.39,
        "slug": "champinon-laminado-peso-variable",
        "description": "Champi\u00f1\u00f3n Laminado Peso Variable",
        "image": "https:\/\/cdn-consum.aktiosdigitalservices.com\/tol\/consum\/media\/product\/img\/300x300\/7314896.jpg?t=20250321075925"
    },
    {
        "id": 31241,
        "name": "Nachos Blancos Bolsa CONSUM",
        "price": 0.9,
        "price_kilo": 6,
        "slug": "nachos-blancos-bolsa",
        "description": "Nachos Blancos Bolsa 150 Gr",
        "image": "https:\/\/cdn-consum.aktiosdigitalservices.com\/tol\/consum\/media\/product\/img\/300x300\/7391829.jpg?t=20250101082541"
    },
    {
        "id": 31242,
        "name": "Jalape\u00f1os en Rodajas Bote CONSUM",
        "price": 2.29,
        "price_kilo": 18.32,
        "slug": "jalapenos-en-rodajas-bote",
        "description": "Jalape\u00f1os en Rodajas Bote 125 Gr",
        "image": "https:\/\/cdn-consum.aktiosdigitalservices.com\/tol\/consum\/media\/product\/img\/300x300\/7392231.jpg?t=20241217081229"
    },
    {
        "id": 31243,
        "name": "Tortillas Integrales 8 Unidades CONSUM",
        "price": 1.37,
        "price_kilo": 4.28,
        "slug": "tortillas-integrales-8-unidades",
        "description": "Tortillas Integrales 8 Unidades 320 Gr",
        "image": "https:\/\/cdn-consum.aktiosdigitalservices.com\/tol\/consum\/media\/product\/img\/300x300\/7392251.jpg?t=20250311134512"
    },
    {
        "id": 31244,
        "name": "Pastillas Lavavajillas Todo en 1 CONSUM",
        "price": 2.95,
        "price_kilo": 0.1,
        "slug": "pastillas-lavavajillas-todo-en-1",
        "description": "Pastillas Lavavajillas Todo en 1 30 Do",
        "image": "https:\/\/cdn-consum.aktiosdigitalservices.com\/tol\/consum\/media\/product\/img\/300x300\/7392462.jpg?t=20241217081230"
    },
    {
        "id": 31247,
        "name": "Galleta de Jengibre MELS",
        "price": 2.29,
        "price_kilo": 7.16,
        "slug": "galleta-de-jengibre",
        "description": "Galleta de Jengibre 320 Gr",
        "image": "https:\/\/cdn-consum.aktiosdigitalservices.com\/tol\/consum\/media\/product\/img\/300x300\/7412505.jpg?t=20250312161138"
    },
    {
        "id": 31248,
        "name": "Yogur Griego Natural REINA",
        "price": 2.19,
        "price_kilo": 4.38,
        "slug": "yogur-griego-natural",
        "description": "Yogur Griego Natural 500 Gr",
        "image": "https:\/\/cdn-consum.aktiosdigitalservices.com\/tol\/consum\/media\/product\/img\/300x300\/7413326.jpg?t=20250218081045"
    },
    {
        "id": 31249,
        "name": "Crema de Cacao Original NOCILLA",
        "price": 4.99,
        "price_kilo": 8.05,
        "slug": "crema-de-cacao-original",
        "description": "Crema de Cacao Original 620 Gr",
        "image": "https:\/\/cdn-consum.aktiosdigitalservices.com\/tol\/consum\/media\/product\/img\/300x300\/7414113.jpg?t=20250313081014"
    },
    {
        "id": 31250,
        "name": "Crema de Cacao Chocoleche NOCILLA",
        "price": 4.99,
        "price_kilo": 8.05,
        "slug": "crema-de-cacao-chocoleche",
        "description": "Crema de Cacao Chocoleche 620 Gr",
        "image": "https:\/\/cdn-consum.aktiosdigitalservices.com\/tol\/consum\/media\/product\/img\/300x300\/7414118.jpg?t=20250312161142"
    },
    {
        "id": 31252,
        "name": "Ambientador Active Fresh Recambio Brisa Marina AIR WICK",
        "price": 5.99,
        "price_kilo": 5.99,
        "slug": "ambientador-active-fresh-recambio-brisa-marina",
        "description": "Ambientador Active Fresh Recambio Brisa Marina 1 U",
        "image": "https:\/\/cdn-consum.aktiosdigitalservices.com\/tol\/consum\/media\/product\/img\/300x300\/7414741.jpg?t=20250206100024"
    },
    {
        "id": 31253,
        "name": "Ambientador Active Fresh Recambio Flor de Jazm\u00edn AIR WICK",
        "price": 5.99,
        "price_kilo": 5.99,
        "slug": "ambientador-active-fresh-recambio-flor-de-jazmin",
        "description": "Ambientador Active Fresh Recambio Flor de Jazm\u00edn 1 U",
        "image": "https:\/\/cdn-consum.aktiosdigitalservices.com\/tol\/consum\/media\/product\/img\/300x300\/7414746.jpg?t=20250206100029"
    },
    {
        "id": 31255,
        "name": "Tarritos Verdura con Ternera BE PLUS",
        "price": 1.59,
        "price_kilo": 6.36,
        "slug": "tarritos-verdura-con-ternera",
        "description": "Tarritos Verdura con Ternera 250 Gr",
        "image": "https:\/\/cdn-consum.aktiosdigitalservices.com\/tol\/consum\/media\/product\/img\/300x300\/7414824.jpg?t=20250311134733"
    },
    {
        "id": 31256,
        "name": "Tarrito de Verduras Con Merluza BE PLUS",
        "price": 1.59,
        "price_kilo": 6.36,
        "slug": "tarrito-de-verduras-con-merluza",
        "description": "Tarrito de Verduras Con Merluza 250 Gr",
        "image": "https:\/\/cdn-consum.aktiosdigitalservices.com\/tol\/consum\/media\/product\/img\/300x300\/7414829.jpg?t=20250311134735"
    },
    {
        "id": 31257,
        "name": "Tarrito Pollo con Arroz BE PLUS",
        "price": 1.59,
        "price_kilo": 6.36,
        "slug": "tarrito-pollo-con-arroz",
        "description": "Tarrito Pollo con Arroz 250 Gr",
        "image": "https:\/\/cdn-consum.aktiosdigitalservices.com\/tol\/consum\/media\/product\/img\/300x300\/7414832.jpg?t=20250311134737"
    },
    {
        "id": 31259,
        "name": "Frijoles Rojos Guisados en Salsa GOYA",
        "price": 2.35,
        "price_kilo": 5.53,
        "slug": "frijoles-rojos-guisados-en-salsa",
        "description": "Frijoles Rojos Guisados en Salsa 425 Gr",
        "image": "https:\/\/cdn-consum.aktiosdigitalservices.com\/tol\/consum\/media\/product\/img\/300x300\/7414931.jpg?t=20250227094444"
    },
    {
        "id": 31260,
        "name": "Champ\u00fa Equilibrante Carb\u00f3n Magnetico OR.REMEDIES",
        "price": 2.95,
        "price_kilo": 0.99,
        "slug": "champu-equilibrante-carbon-magnetico",
        "description": "Champ\u00fa Equilibrante Carb\u00f3n Magnetico 300 ml",
        "image": "https:\/\/cdn-consum.aktiosdigitalservices.com\/tol\/consum\/media\/product\/img\/300x300\/7415024.jpg?t=20250312092828"
    },
    {
        "id": 31261,
        "name": "Champ\u00fa Biotina OGX",
        "price": 7.99,
        "price_kilo": 2.08,
        "slug": "champu-biotina",
        "description": "Champ\u00fa Biotina 385 ml",
        "image": "https:\/\/cdn-consum.aktiosdigitalservices.com\/tol\/consum\/media\/product\/img\/300x300\/7415156.jpg?t=20250313081030"
    },
    {
        "id": 31263,
        "name": "Pouche Yogur y Avena Ecol\u00f3gico SMILEAT",
        "price": 1.69,
        "price_kilo": 16.9,
        "slug": "pouche-yogur-y-avena-ecologico",
        "description": "Pouche Yogur y Avena Ecol\u00f3gico 100 Gr",
        "image": "https:\/\/cdn-consum.aktiosdigitalservices.com\/tol\/consum\/media\/product\/img\/300x300\/7415313.jpg?t=20250311112450"
    },
    {
        "id": 31265,
        "name": "Vaselina Labios Fresa Tarro SENTI-2",
        "price": 1.99,
        "price_kilo": 1.99,
        "slug": "vaselina-labios-fresa-tarro",
        "description": "Vaselina Labios Fresa Tarro 1 U",
        "image": "https:\/\/cdn-consum.aktiosdigitalservices.com\/tol\/consum\/media\/product\/img\/300x300\/7415482.jpg?t=20250213080515"
    },
    {
        "id": 31266,
        "name": "Protector Labial Aroma A Cereza LIPOSAN",
        "price": 2.89,
        "price_kilo": 2.89,
        "slug": "protector-labial-aroma-a-cereza",
        "description": "Protector Labial Aroma A Cereza 1 U",
        "image": "https:\/\/cdn-consum.aktiosdigitalservices.com\/tol\/consum\/media\/product\/img\/300x300\/7415529.jpg?t=20250206100133"
    },
    {
        "id": 31269,
        "name": "Comida H\u00fameda para Gatos Junior Selecci\u00f3n Aves WHISKAS",
        "price": 2.79,
        "price_kilo": 8.21,
        "slug": "comida-humeda-para-gatos-junior-seleccion-aves",
        "description": "Comida H\u00fameda para Gatos Junior Selecci\u00f3n Aves en Gelatina 4x85g",
        "image": "https:\/\/cdn-consum.aktiosdigitalservices.com\/tol\/consum\/media\/product\/img\/300x300\/7415557.jpg?t=20250207080258"
    },
    {
        "id": 31271,
        "name": "Desodorante Roll-On Protege&Cuida NIVEA",
        "price": 2.4,
        "price_kilo": 4.8,
        "slug": "desodorante-roll-on-protegecuida",
        "description": "Desodorante Roll-On Protege&Cuida 50 ml",
        "image": "https:\/\/cdn-consum.aktiosdigitalservices.com\/tol\/consum\/media\/product\/img\/300x300\/7415628.jpg?t=20241217081258"
    },
    {
        "id": 31272,
        "name": "Stick Labial Fresa CARMEX",
        "price": 3.99,
        "price_kilo": 93.88,
        "slug": "stick-labial-fresa",
        "description": "Stick Labial Fresa 4,25 Gr",
        "image": "https:\/\/cdn-consum.aktiosdigitalservices.com\/tol\/consum\/media\/product\/img\/300x300\/7415677.jpg?t=20250213080519"
    },
    {
        "id": 31273,
        "name": "Manzana Joya ",
        "price": 0.52,
        "price_kilo": 2.35,
        "slug": "manzana-joya",
        "description": "Manzana Joya",
        "image": "https:\/\/cdn-consum.aktiosdigitalservices.com\/tol\/consum\/media\/product\/img\/300x300\/7415701.jpg?t=20250322080040"
    },
    {
        "id": 31275,
        "name": "Cebolla Molida DUCROS",
        "price": 2.35,
        "price_kilo": 47,
        "slug": "cebolla-molida",
        "description": "Cebolla Molida 50 Gr",
        "image": "https:\/\/cdn-consum.aktiosdigitalservices.com\/tol\/consum\/media\/product\/img\/300x300\/7415768.jpg?t=20250227094507"
    },
    {
        "id": 31276,
        "name": "An\u00eds Estrellado DUCROS",
        "price": 3.49,
        "price_kilo": 34.9,
        "slug": "anis-estrellado",
        "description": "An\u00eds Estrellado 10 Gr",
        "image": "https:\/\/cdn-consum.aktiosdigitalservices.com\/tol\/consum\/media\/product\/img\/300x300\/7415771.jpg?t=20241217081258"
    },
    {
        "id": 31278,
        "name": "Ajo Picado DUCROS",
        "price": 2.55,
        "price_kilo": 49.04,
        "slug": "ajo-picado",
        "description": "Ajo Picado 52 Gr",
        "image": "https:\/\/cdn-consum.aktiosdigitalservices.com\/tol\/consum\/media\/product\/img\/300x300\/7415792.jpg?t=20241217081258"
    },
    {
        "id": 31279,
        "name": "Cerveza 0,0 Tostada Pack de 6 botellas AMSTEL ORO",
        "price": 4.95,
        "price_kilo": 3.3,
        "slug": "cerveza-00-tostada-pack-de-6-botellas",
        "description": "Cerveza 0,0 Tostada Pack de 6 botellas 6 x 0,25 L",
        "image": "https:\/\/cdn-consum.aktiosdigitalservices.com\/tol\/consum\/media\/product\/img\/300x300\/7415805.jpg?t=20250312130127"
    },
    {
        "id": 31280,
        "name": "Cerveza Artesana Rubia Botella 18\/70 RUBIA",
        "price": 1.29,
        "price_kilo": 3.91,
        "slug": "cerveza-artesana-rubia-botella",
        "description": "Cerveza Artesana Rubia Botella 0,33 L",
        "image": "https:\/\/cdn-consum.aktiosdigitalservices.com\/tol\/consum\/media\/product\/img\/300x300\/7416014.jpg?t=20250312130130"
    },
    {
        "id": 31286,
        "name": "Colonia Femenina Manzana Roja FLOR DE MAYO",
        "price": 1.7,
        "price_kilo": 6.54,
        "slug": "colonia-femenina-manzana-roja",
        "description": "Colonia Femenina Manzana Roja 26 ml",
        "image": "https:\/\/cdn-consum.aktiosdigitalservices.com\/tol\/consum\/media\/product\/img\/300x300\/7408453.jpg?t=20241217081247"
    },
    {
        "id": 31287,
        "name": "Palitos de Surimi CONSUM",
        "price": 1.95,
        "price_kilo": 4.33,
        "slug": "palitos-de-surimi",
        "description": "Palitos de Surimi 450 Gr",
        "image": "https:\/\/cdn-consum.aktiosdigitalservices.com\/tol\/consum\/media\/product\/img\/300x300\/7410509.jpg?t=20250211080347"
    },
    {
        "id": 31288,
        "name": "Taquitos de Jam\u00f3n Serrano LORIENTE",
        "price": 2.2,
        "price_kilo": 14.67,
        "slug": "taquitos-de-jamon-serrano",
        "description": "Taquitos de Jam\u00f3n Serrano 2 x 75 Gr",
        "image": "https:\/\/cdn-consum.aktiosdigitalservices.com\/tol\/consum\/media\/product\/img\/300x300\/7412419.jpg?t=20241217081253"
    },
    {
        "id": 31289,
        "name": "Barrita Proteica de Cacahuete Billion PROZIS",
        "price": 1.79,
        "price_kilo": 27.54,
        "slug": "barrita-proteica-de-cacahuete-billion",
        "description": "Barrita Proteica de Cacahuete Billion 65 Gr",
        "image": "https:\/\/cdn-consum.aktiosdigitalservices.com\/tol\/consum\/media\/product\/img\/300x300\/7414837.jpg?t=20250313081022"
    },
    {
        "id": 31290,
        "name": "Doritos Dippas Bolsa DORITOS",
        "price": 1.99,
        "price_kilo": 13.27,
        "slug": "doritos-dippas-bolsa",
        "description": "Doritos Dippas Bolsa 150 Gr",
        "image": "https:\/\/cdn-consum.aktiosdigitalservices.com\/tol\/consum\/media\/product\/img\/300x300\/7414944.jpg?t=20250313081024"
    },
    {
        "id": 31294,
        "name": "Hielo Picado Agua Mineral HIELIUM",
        "price": 1.35,
        "price_kilo": 0.68,
        "slug": "hielo-picado-agua-mineral",
        "description": "Hielo Picado Agua Mineral 2 Kg",
        "image": "https:\/\/cdn-consum.aktiosdigitalservices.com\/tol\/consum\/media\/product\/img\/300x300\/7415037.jpg?t=20241217081255"
    },
    {
        "id": 31305,
        "name": "Aluminio Albal 20CM ALBAL",
        "price": 3.29,
        "price_kilo": 0.16,
        "slug": "aluminio-albal-20cm",
        "description": "Aluminio Albal 20CM 20 M",
        "image": "https:\/\/cdn-consum.aktiosdigitalservices.com\/tol\/consum\/media\/product\/img\/300x300\/7416089.jpg?t=20250303075855"
    },
    {
        "id": 31319,
        "name": "Crema Solar FP 50+ Facial Antiedad KYREY",
        "price": 6.95,
        "price_kilo": 9.27,
        "slug": "crema-solar-fp-50-facial-antiedad",
        "description": "Crema Solar FP 50+ Facial Antiedad 75 ml",
        "image": "https:\/\/cdn-consum.aktiosdigitalservices.com\/tol\/consum\/media\/product\/img\/300x300\/7393734.jpg?t=20250204082238"
    },
    {
        "id": 31320,
        "name": "Leche Solar FP 30 KYREY",
        "price": 5.85,
        "price_kilo": 2.34,
        "slug": "leche-solar-fp-30",
        "description": "Leche Solar FP 30 250 ml",
        "image": "https:\/\/cdn-consum.aktiosdigitalservices.com\/tol\/consum\/media\/product\/img\/300x300\/7393739.jpg?t=20250312092815"
    },
    {
        "id": 31321,
        "name": "Leche Solar FP 50+ KYREY",
        "price": 6.5,
        "price_kilo": 2.6,
        "slug": "leche-solar-fp-50",
        "description": "Leche Solar FP 50+ 250 ml",
        "image": "https:\/\/cdn-consum.aktiosdigitalservices.com\/tol\/consum\/media\/product\/img\/300x300\/7393754.jpg?t=20250312092815"
    },
    {
        "id": 31322,
        "name": "Protector Solar FP 20 Spray KYREY",
        "price": 5.85,
        "price_kilo": 2.34,
        "slug": "protector-solar-fp-20-spray",
        "description": "Protector Solar FP 20 Spray 250 ml",
        "image": "https:\/\/cdn-consum.aktiosdigitalservices.com\/tol\/consum\/media\/product\/img\/300x300\/7393762.jpg?t=20250312092815"
    },
    {
        "id": 31323,
        "name": "Protector Solar FP 30 Spray KYREY",
        "price": 6,
        "price_kilo": 2.4,
        "slug": "protector-solar-fp-30-spray",
        "description": "Protector Solar FP 30 Spray 250 ml",
        "image": "https:\/\/cdn-consum.aktiosdigitalservices.com\/tol\/consum\/media\/product\/img\/300x300\/7393767.jpg?t=20250312092815"
    },
    {
        "id": 31330,
        "name": "Caf\u00e9 Colombia 18 C\u00e1psulas NESCAFE",
        "price": 5.25,
        "price_kilo": 0.29,
        "slug": "cafe-colombia-18-capsulas",
        "description": "Caf\u00e9 Colombia 18 C\u00e1psulas 18 U",
        "image": "https:\/\/cdn-consum.aktiosdigitalservices.com\/tol\/consum\/media\/product\/img\/300x300\/7414857.jpg?t=20250311112446"
    },
    {
        "id": 31340,
        "name": "Snack Fresa Pl\u00e1tano Smilitos SMILEAT",
        "price": 1.45,
        "price_kilo": 5.8,
        "slug": "snack-fresa-platano-smilitos",
        "description": "Snack Fresa Pl\u00e1tano Smilitos 25 Gr",
        "image": "https:\/\/cdn-consum.aktiosdigitalservices.com\/tol\/consum\/media\/product\/img\/300x300\/7415318.jpg?t=20250311134743"
    },
    {
        "id": 31344,
        "name": "Eyeliner L\u00edquido Negro Sharp Line REVLON",
        "price": 8.99,
        "price_kilo": 8.99,
        "slug": "eyeliner-liquido-negro-sharp-line",
        "description": "Eyeliner L\u00edquido Negro Sharp Line 1 U",
        "image": "https:\/\/cdn-consum.aktiosdigitalservices.com\/tol\/consum\/media\/product\/img\/300x300\/7415797.jpg?t=20250304114221"
    },
    {
        "id": 31347,
        "name": "M\u00e1scara So Fierce Wide REVLON",
        "price": 10.75,
        "price_kilo": 10.75,
        "slug": "mascara-so-fierce-wide",
        "description": "M\u00e1scara So Fierce Wide 1 U",
        "image": "https:\/\/cdn-consum.aktiosdigitalservices.com\/tol\/consum\/media\/product\/img\/300x300\/7415854.jpg?t=20250312092829"
    },
    {
        "id": 31348,
        "name": "M\u00e1scara So Fierce Big Bad REVLON",
        "price": 10.75,
        "price_kilo": 10.75,
        "slug": "mascara-so-fierce-big-bad",
        "description": "M\u00e1scara So Fierce Big Bad 1 U",
        "image": "https:\/\/cdn-consum.aktiosdigitalservices.com\/tol\/consum\/media\/product\/img\/300x300\/7415862.jpg?t=20250304114228"
    },
    {
        "id": 31352,
        "name": "Eyeliner Autom\u00e1tico Azul REVLON",
        "price": 8.99,
        "price_kilo": 8.99,
        "slug": "eyeliner-automatico-azul",
        "description": "Eyeliner Autom\u00e1tico Azul 1 U",
        "image": "https:\/\/cdn-consum.aktiosdigitalservices.com\/tol\/consum\/media\/product\/img\/300x300\/7415961.jpg?t=20250312092829"
    },
    {
        "id": 31353,
        "name": "Labial Rum Rum Raisin REVLON",
        "price": 12.5,
        "price_kilo": 12.5,
        "slug": "labial-rum-rum-raisin",
        "description": "Labial Rum Rum Raisin 1 U",
        "image": "https:\/\/cdn-consum.aktiosdigitalservices.com\/tol\/consum\/media\/product\/img\/300x300\/7415982.jpg?t=20250312092829"
    },
    {
        "id": 31359,
        "name": "Pizza Familiar Jam\u00f3n y Queso PALACIOS",
        "price": 3.99,
        "price_kilo": 6.88,
        "slug": "pizza-familiar-jamon-y-queso",
        "description": "Pizza Familiar Jam\u00f3n y Queso 580 Gr",
        "image": "https:\/\/cdn-consum.aktiosdigitalservices.com\/tol\/consum\/media\/product\/img\/300x300\/7416162.jpg?t=20241217081258"
    },
    {
        "id": 31361,
        "name": "Renovador Juntas CHUBB",
        "price": 3.35,
        "price_kilo": 1.68,
        "slug": "renovador-juntas",
        "description": "Renovador Juntas 200 ml",
        "image": "https:\/\/cdn-consum.aktiosdigitalservices.com\/tol\/consum\/media\/product\/img\/300x300\/7416188.jpg?t=20241217081258"
    },
    {
        "id": 31364,
        "name": "Cepillo de Lavar con Asa VIGAR",
        "price": 1.59,
        "price_kilo": 1.59,
        "slug": "cepillo-de-lavar-con-asa",
        "description": "Cepillo de Lavar con Asa 1 U",
        "image": "https:\/\/cdn-consum.aktiosdigitalservices.com\/tol\/consum\/media\/product\/img\/300x300\/7416290.jpg?t=20241217081258"
    },
    {
        "id": 31367,
        "name": "Agua Mineral con Gas Botella Pet PELLEGRINO",
        "price": 1.06,
        "price_kilo": 2.12,
        "slug": "agua-mineral-con-gas-botella-pet",
        "description": "Agua Mineral con Gas Botella Pet 0,5 L",
        "image": "https:\/\/cdn-consum.aktiosdigitalservices.com\/tol\/consum\/media\/product\/img\/300x300\/7416449.jpg?t=20250227094520"
    },
    {
        "id": 31370,
        "name": "Bolsas de Papel Bocadillo CONSUM",
        "price": 1.95,
        "price_kilo": 0.07,
        "slug": "bolsas-de-papel-bocadillo",
        "description": "Bolsas de Papel Bocadillo 30 U",
        "image": "https:\/\/cdn-consum.aktiosdigitalservices.com\/tol\/consum\/media\/product\/img\/300x300\/7406143.jpg?t=20241217081244"
    },
    {
        "id": 31386,
        "name": "Queso Fundido Lonchas S\u00e1ndwich SANABRIA",
        "price": 1.61,
        "price_kilo": 10.06,
        "slug": "queso-fundido-lonchas-sandwich",
        "description": "Queso Fundido Lonchas S\u00e1ndwich 160 Gr",
        "image": "https:\/\/cdn-consum.aktiosdigitalservices.com\/tol\/consum\/media\/product\/img\/300x300\/7416365.jpg?t=20250103082511"
    },
    {
        "id": 31387,
        "name": "Agua Mineral Natural Pet AQUABONA",
        "price": 0.59,
        "price_kilo": 1.18,
        "slug": "agua-mineral-natural-pet",
        "description": "Agua Mineral Natural Pet 0,5 L",
        "image": "https:\/\/cdn-consum.aktiosdigitalservices.com\/tol\/consum\/media\/product\/img\/300x300\/7416394.jpg?t=20250228080606"
    },
    {
        "id": 31392,
        "name": "Picos Finos Bolsa MENDEZ",
        "price": 0.84,
        "price_kilo": 3.65,
        "slug": "picos-finos-bolsa",
        "description": "Picos Finos Bolsa 230 Gr",
        "image": "https:\/\/cdn-consum.aktiosdigitalservices.com\/tol\/consum\/media\/product\/img\/300x300\/7416790.jpg?t=20250311112521"
    },
    {
        "id": 31395,
        "name": "Cereales Special K Classic KELLOGG'S",
        "price": 2.45,
        "price_kilo": 7.31,
        "slug": "cereales-special-k-classic",
        "description": "Cereales Special K Classic 335 Gr",
        "image": "https:\/\/cdn-consum.aktiosdigitalservices.com\/tol\/consum\/media\/product\/img\/300x300\/7416980.jpg?t=20250311112524"
    },
    {
        "id": 31398,
        "name": "Detergente L\u00edquido Adi\u00f3s al Separar MICOLOR",
        "price": 7.09,
        "price_kilo": 0.24,
        "slug": "detergente-liquido-adios-al-separar",
        "description": "Detergente L\u00edquido Adi\u00f3s al Separar 30 Lv",
        "image": "https:\/\/cdn-consum.aktiosdigitalservices.com\/tol\/consum\/media\/product\/img\/300x300\/7417124.jpg?t=20250204081716"
    },
    {
        "id": 31399,
        "name": "Whisky Escoc\u00e9s R.BROTHERS",
        "price": 6.15,
        "price_kilo": 8.79,
        "slug": "whisky-escoces",
        "description": "Whisky Escoc\u00e9s 0,7 L",
        "image": "https:\/\/cdn-consum.aktiosdigitalservices.com\/tol\/consum\/media\/product\/img\/300x300\/7417384.jpg?t=20250218081049"
    },
    {
        "id": 31401,
        "name": "Gu\u00eda para limpiar el h\u00edgad Carlos de Vilanova SIRIO",
        "price": 12.95,
        "price_kilo": 12.95,
        "slug": "guia-para-limpiar-el-higad-carlos-de-vilanova",
        "description": "Gu\u00eda para limpiar el h\u00edgad Carlos de Vilanova 1 U",
        "image": "https:\/\/cdn-consum.aktiosdigitalservices.com\/tol\/consum\/media\/product\/img\/300x300\/7417285.jpg?t=20250312092832"
    },
    {
        "id": 31405,
        "name": "H\u00e1bitos At\u00f3micos James Clear DIANA",
        "price": 19.9,
        "price_kilo": 19.9,
        "slug": "habitos-atomicos-james-clear",
        "description": "H\u00e1bitos At\u00f3micos James Clear 1 U",
        "image": "https:\/\/cdn-consum.aktiosdigitalservices.com\/tol\/consum\/media\/product\/img\/300x300\/7417327.jpg?t=20241217081259"
    },
    {
        "id": 31410,
        "name": "Crema Hidratante 24 Horas KYREY MEN",
        "price": 2.95,
        "price_kilo": 5.9,
        "slug": "crema-hidratante-24-horas",
        "description": "Crema Hidratante 24 Horas 50 ml",
        "image": "https:\/\/cdn-consum.aktiosdigitalservices.com\/tol\/consum\/media\/product\/img\/300x300\/7392327.jpg?t=20250318080954"
    },
    {
        "id": 31411,
        "name": "Chocolate con Leche Relleno Sabor Fresa CONSUM",
        "price": 1.19,
        "price_kilo": 11.9,
        "slug": "chocolate-con-leche-relleno-sabor-fresa",
        "description": "Chocolate con Leche Relleno Sabor Fresa 100 Gr",
        "image": "https:\/\/cdn-consum.aktiosdigitalservices.com\/tol\/consum\/media\/product\/img\/300x300\/7392657.jpg?t=20250311134522"
    },
    {
        "id": 31414,
        "name": "Spray Solar Ni\u00f1os FP50+ CONSUM KIDS",
        "price": 6.5,
        "price_kilo": 2.6,
        "slug": "spray-solar-ninos-fp50",
        "description": "Spray Solar Ni\u00f1os FP50+ 250 ml",
        "image": "https:\/\/cdn-consum.aktiosdigitalservices.com\/tol\/consum\/media\/product\/img\/300x300\/7393775.jpg?t=20250312092816"
    },
    {
        "id": 31416,
        "name": "Chocolata Leche Postres CONSUM",
        "price": 2.39,
        "price_kilo": 11.95,
        "slug": "chocolata-leche-postres",
        "description": "Chocolata Leche Postres 200 Gr",
        "image": "https:\/\/cdn-consum.aktiosdigitalservices.com\/tol\/consum\/media\/product\/img\/300x300\/7398055.jpg?t=20250311134550"
    },
    {
        "id": 31418,
        "name": "Recambio Ambientador Relax&Zen Autom\u00e1tico GLADE",
        "price": 3.59,
        "price_kilo": 3.59,
        "slug": "recambio-ambientador-relaxzen-automatico",
        "description": "Recambio Ambientador Relax&Zen Autom\u00e1tico 1 U",
        "image": "https:\/\/cdn-consum.aktiosdigitalservices.com\/tol\/consum\/media\/product\/img\/300x300\/7415297.jpg?t=20250313081033"
    },
    {
        "id": 31442,
        "name": "Detergente L\u00edquido MICOLOR",
        "price": 8.69,
        "price_kilo": 0.29,
        "slug": "detergente-liquido",
        "description": "Detergente L\u00edquido 30 Lv",
        "image": "https:\/\/cdn-consum.aktiosdigitalservices.com\/tol\/consum\/media\/product\/img\/300x300\/7417108.jpg?t=20250206100213"
    },
    {
        "id": 31443,
        "name": "Maquinilla De Afeitar Desechable 2 Hojas LEA",
        "price": 0.65,
        "price_kilo": 0.13,
        "slug": "maquinilla-de-afeitar-desechable-2-hojas",
        "description": "Maquinilla De Afeitar Desechable 2 Hojas 5 U",
        "image": "https:\/\/cdn-consum.aktiosdigitalservices.com\/tol\/consum\/media\/product\/img\/300x300\/7417132.jpg?t=20241217081259"
    },
    {
        "id": 31444,
        "name": "Crema Cara, Cuerpo Y Manos, Total Men LEA",
        "price": 2.39,
        "price_kilo": 2.39,
        "slug": "crema-cara-cuerpo-y-manos-total-men",
        "description": "Crema Cara, Cuerpo Y Manos, Total Men 100 ml",
        "image": "https:\/\/cdn-consum.aktiosdigitalservices.com\/tol\/consum\/media\/product\/img\/300x300\/7417137.jpg?t=20241217081259"
    },
    {
        "id": 31446,
        "name": "Maquinilla Afeitar 2 Hojas Desechable. Banda LEA",
        "price": 1.95,
        "price_kilo": 0.2,
        "slug": "maquinilla-afeitar-2-hojas-desechable-banda",
        "description": "Maquinilla Afeitar 2 Hojas Desechable. Banda 10 U",
        "image": "https:\/\/cdn-consum.aktiosdigitalservices.com\/tol\/consum\/media\/product\/img\/300x300\/7417181.jpg?t=20250311125247"
    },
    {
        "id": 31448,
        "name": "At\u00fan en Aceite de Oliva CALVO",
        "price": 4.15,
        "price_kilo": 26.6,
        "slug": "atun-en-aceite-de-oliva",
        "description": "At\u00fan en Aceite de Oliva 3 x 52 Gr",
        "image": "https:\/\/cdn-consum.aktiosdigitalservices.com\/tol\/consum\/media\/product\/img\/300x300\/7417491.jpg?t=20250219080517"
    },
    {
        "id": 31449,
        "name": "Refresco Naranja Florida Botell\u00edn SUNNY",
        "price": 0.9,
        "price_kilo": 2.73,
        "slug": "refresco-naranja-florida-botellin",
        "description": "Refresco Naranja Florida Botell\u00edn 0,33 L",
        "image": "https:\/\/cdn-consum.aktiosdigitalservices.com\/tol\/consum\/media\/product\/img\/300x300\/7417496.jpg?t=20250227094527"
    },
    {
        "id": 31451,
        "name": "Cerveza Tostada Pack de 6 botellas AMSTEL ORO",
        "price": 4.95,
        "price_kilo": 3.3,
        "slug": "cerveza-tostada-pack-de-6-botellas",
        "description": "Cerveza Tostada Pack de 6 botellas 6 x 0,25 L",
        "image": "https:\/\/cdn-consum.aktiosdigitalservices.com\/tol\/consum\/media\/product\/img\/300x300\/7417582.jpg?t=20250312130134"
    },
    {
        "id": 31453,
        "name": "Pa\u00f1uelos De Bolsillo Alivia FOXY",
        "price": 1.89,
        "price_kilo": 0.19,
        "slug": "panuelos-de-bolsillo-alivia",
        "description": "Pa\u00f1uelos De Bolsillo Alivia 10 U",
        "image": "https:\/\/cdn-consum.aktiosdigitalservices.com\/tol\/consum\/media\/product\/img\/300x300\/7417640.jpg?t=20241217081259"
    },
    {
        "id": 31454,
        "name": "Bebida Energ\u00e9tica Zero Hamilton Lata MONSTER",
        "price": 1.79,
        "price_kilo": 3.58,
        "slug": "bebida-energetica-zero-hamilton-lata",
        "description": "Bebida Energ\u00e9tica Zero Hamilton Lata 0,5 L",
        "image": "https:\/\/cdn-consum.aktiosdigitalservices.com\/tol\/consum\/media\/product\/img\/300x300\/7417645.jpg?t=20250320080237"
    },
    {
        "id": 31462,
        "name": "Extratierno de Pechuga Pollo CONSUM",
        "price": 3.51,
        "price_kilo": 9.99,
        "slug": "extratierno-de-pechuga-pollo",
        "description": "Extratierno de Pechuga Pollo",
        "image": "https:\/\/cdn-consum.aktiosdigitalservices.com\/tol\/consum\/media\/product\/img\/300x300\/7416969.jpg?t=20250318080626"
    },
    {
        "id": 31463,
        "name": "Tempura Verduras CONSUM",
        "price": 2.69,
        "price_kilo": 6.73,
        "slug": "tempura-verduras",
        "description": "Tempura Verduras 400 Gr",
        "image": "https:\/\/cdn-consum.aktiosdigitalservices.com\/tol\/consum\/media\/product\/img\/300x300\/7408763.jpg?t=20250206095736"
    },
    {
        "id": 31478,
        "name": "Esponja Extrasuave Beb\u00e9 CONSUM KIDS",
        "price": 0.9,
        "price_kilo": 0.9,
        "slug": "esponja-extrasuave-bebe",
        "description": "Esponja Extrasuave Beb\u00e9 1 U",
        "image": "https:\/\/cdn-consum.aktiosdigitalservices.com\/tol\/consum\/media\/product\/img\/300x300\/7406965.jpg?t=20241217081246"
    },
    {
        "id": 31480,
        "name": "Perfumador Ropa L\u00edquido Azul FLOR",
        "price": 3.85,
        "price_kilo": 0.11,
        "slug": "perfumador-ropa-liquido-azul",
        "description": "Perfumador Ropa L\u00edquido Azul 36 Lv",
        "image": "https:\/\/cdn-consum.aktiosdigitalservices.com\/tol\/consum\/media\/product\/img\/300x300\/7414464.jpg?t=20250313081018"
    },
    {
        "id": 31481,
        "name": "Champ\u00fa Anticaida PILEXIL",
        "price": 19.45,
        "price_kilo": 3.89,
        "slug": "champu-anticaida",
        "description": "Champ\u00fa Anticaida 500 ml",
        "image": "https:\/\/cdn-consum.aktiosdigitalservices.com\/tol\/consum\/media\/product\/img\/300x300\/7415474.jpg?t=20250218081047"
    },
    {
        "id": 31484,
        "name": "Higi\u00e9nico Acolchado SCOTTEX",
        "price": 2.99,
        "price_kilo": 0.37,
        "slug": "higienico-acolchado",
        "description": "Higi\u00e9nico Acolchado 8 U",
        "image": "https:\/\/cdn-consum.aktiosdigitalservices.com\/tol\/consum\/media\/product\/img\/300x300\/7415714.jpg?t=20250312130126"
    },
    {
        "id": 31505,
        "name": "Vino Verde Region Vinho Verde AZEVEDO",
        "price": 5.99,
        "price_kilo": 7.99,
        "slug": "vino-verde-region-vinho-verde",
        "description": "Vino Verde Region Vinho Verde 0,75 L",
        "image": "https:\/\/cdn-consum.aktiosdigitalservices.com\/tol\/consum\/media\/product\/img\/300x300\/7416337.jpg?t=20250312092829"
    },
    {
        "id": 31506,
        "name": "Recambio Insecticida El\u00e9ctrico RAID",
        "price": 7.49,
        "price_kilo": 3.75,
        "slug": "recambio-insecticida-electrico",
        "description": "Recambio Insecticida El\u00e9ctrico 2 U",
        "image": "https:\/\/cdn-consum.aktiosdigitalservices.com\/tol\/consum\/media\/product\/img\/300x300\/7416493.jpg?t=20250320080230"
    },
    {
        "id": 31508,
        "name": "Horchata Chufa Pack de 3 MERCADER",
        "price": 1.29,
        "price_kilo": 2.15,
        "slug": "horchata-chufa-pack-de-3",
        "description": "Horchata Chufa Pack de 3 3 x 200 ml",
        "image": "https:\/\/cdn-consum.aktiosdigitalservices.com\/tol\/consum\/media\/product\/img\/300x300\/7416782.jpg?t=20250320080233"
    },
    {
        "id": 31510,
        "name": "Horchata Chufi Fresca CHUFI",
        "price": 2.55,
        "price_kilo": 3.4,
        "slug": "horchata-chufi-fresca",
        "description": "Horchata Chufi Fresca 750 ml",
        "image": "https:\/\/cdn-consum.aktiosdigitalservices.com\/tol\/consum\/media\/product\/img\/300x300\/7416923.jpg?t=20250318081002"
    },
    {
        "id": 31511,
        "name": "Cereales Special K Chocolate Negro KELLOGG'S",
        "price": 3.59,
        "price_kilo": 11.05,
        "slug": "cereales-special-k-chocolate-negro",
        "description": "Cereales Special K Chocolate Negro 325 Gr",
        "image": "https:\/\/cdn-consum.aktiosdigitalservices.com\/tol\/consum\/media\/product\/img\/300x300\/7416998.jpg?t=20250311112526"
    },
    {
        "id": 31512,
        "name": "Insecticida Casa Jard\u00edn Rosas CASA JARDIN",
        "price": 3.99,
        "price_kilo": 0.67,
        "slug": "insecticida-casa-jardin-rosas",
        "description": "Insecticida Casa Jard\u00edn Rosas 600 ml",
        "image": "https:\/\/cdn-consum.aktiosdigitalservices.com\/tol\/consum\/media\/product\/img\/300x300\/7417210.jpg?t=20250320080235"
    },
    {
        "id": 31513,
        "name": "Insecticida L\u00edquido Multiusos EBOG\u00d3N",
        "price": 2.75,
        "price_kilo": 0.55,
        "slug": "insecticida-liquido-multiusos",
        "description": "Insecticida L\u00edquido Multiusos 500 ml",
        "image": "https:\/\/cdn-consum.aktiosdigitalservices.com\/tol\/consum\/media\/product\/img\/300x300\/7417215.jpg?t=20241217081259"
    },
    {
        "id": 31514,
        "name": "Salsa Sabor Casero Bocabajo CALV\u00c9",
        "price": 2.35,
        "price_kilo": 5.47,
        "slug": "salsa-sabor-casero-bocabajo",
        "description": "Salsa Sabor Casero Bocabajo 430 ml",
        "image": "https:\/\/cdn-consum.aktiosdigitalservices.com\/tol\/consum\/media\/product\/img\/300x300\/7417228.jpg?t=20250313081038"
    },
    {
        "id": 31517,
        "name": "Galleta Tosta Rica CUETARA",
        "price": 3.99,
        "price_kilo": 5.25,
        "slug": "galleta-tosta-rica",
        "description": "Galleta Tosta Rica 760 Gr",
        "image": "https:\/\/cdn-consum.aktiosdigitalservices.com\/tol\/consum\/media\/product\/img\/300x300\/7417376.jpg?t=20250311134749"
    },
    {
        "id": 31518,
        "name": "Gusanitos de Ma\u00edz Bolsa RISI",
        "price": 1.4,
        "price_kilo": 13.33,
        "slug": "gusanitos-de-maiz-bolsa",
        "description": "Gusanitos de Ma\u00edz Bolsa 105 Gr",
        "image": "https:\/\/cdn-consum.aktiosdigitalservices.com\/tol\/consum\/media\/product\/img\/300x300\/7417488.jpg?t=20250227094525"
    },
    {
        "id": 31519,
        "name": "Refresco Blue Frutas del Bosque SUNNY",
        "price": 0.9,
        "price_kilo": 2.73,
        "slug": "refresco-blue-frutas-del-bosque",
        "description": "Refresco Blue Frutas del Bosque 0,33 L",
        "image": "https:\/\/cdn-consum.aktiosdigitalservices.com\/tol\/consum\/media\/product\/img\/300x300\/7417504.jpg?t=20250227094528"
    },
    {
        "id": 31522,
        "name": "Burgo de Arias Protein Plus BURGO ARIAS",
        "price": 3.19,
        "price_kilo": 15.19,
        "slug": "burgo-de-arias-protein-plus",
        "description": "Burgo de Arias Protein Plus 3 x 70 Gr",
        "image": "https:\/\/cdn-consum.aktiosdigitalservices.com\/tol\/consum\/media\/product\/img\/300x300\/7417665.jpg?t=20250227094536"
    },
    {
        "id": 31523,
        "name": "Red Velvet ",
        "price": 9.19,
        "price_kilo": 14.7,
        "slug": "red-velvet",
        "description": "Red Velvet 625 Gr",
        "image": "https:\/\/cdn-consum.aktiosdigitalservices.com\/tol\/consum\/media\/product\/img\/300x300\/7417707.jpg?t=20250101082811"
    },
    {
        "id": 31524,
        "name": "Triskys Aros de Ma\u00edz RISI",
        "price": 1.55,
        "price_kilo": 11.48,
        "slug": "triskys-aros-de-maiz",
        "description": "Triskys Aros de Ma\u00edz 135 Gr",
        "image": "https:\/\/cdn-consum.aktiosdigitalservices.com\/tol\/consum\/media\/product\/img\/300x300\/7417744.jpg?t=20250320080239"
    },
    {
        "id": 31525,
        "name": "Risketos Sabor Queso RISI",
        "price": 1.6,
        "price_kilo": 11.85,
        "slug": "risketos-sabor-queso",
        "description": "Risketos Sabor Queso 135 Gr",
        "image": "https:\/\/cdn-consum.aktiosdigitalservices.com\/tol\/consum\/media\/product\/img\/300x300\/7417749.jpg?t=20250313081040"
    },
    {
        "id": 31526,
        "name": "Kit Kat Dark NESTLE",
        "price": 2.69,
        "price_kilo": 21.61,
        "slug": "kit-kat-dark",
        "description": "Kit Kat Dark 3 x 41,5 Gr",
        "image": "https:\/\/cdn-consum.aktiosdigitalservices.com\/tol\/consum\/media\/product\/img\/300x300\/7417769.jpg?t=20250311134751"
    },
    {
        "id": 31528,
        "name": "Galleta Tosta Rica Oceanix CUETARA",
        "price": 3.99,
        "price_kilo": 9.98,
        "slug": "galleta-tosta-rica-oceanix",
        "description": "Galleta Tosta Rica Oceanix 400 Gr",
        "image": "https:\/\/cdn-consum.aktiosdigitalservices.com\/tol\/consum\/media\/product\/img\/300x300\/7417780.jpg?t=20250312092832"
    },
    {
        "id": 31529,
        "name": "Caramelo sin Az\u00facar Sabor Extra Fuerte PECTOL",
        "price": 0.75,
        "price_kilo": 2.42,
        "slug": "caramelo-sin-azucar-sabor-extra-fuerte",
        "description": "Caramelo sin Az\u00facar Sabor Extra Fuerte 31 Gr",
        "image": "https:\/\/cdn-consum.aktiosdigitalservices.com\/tol\/consum\/media\/product\/img\/300x300\/7417801.jpg?t=20250311125253"
    },
    {
        "id": 31532,
        "name": "Vino Blanco D.O. Valencia HUELLA",
        "price": 6.99,
        "price_kilo": 9.32,
        "slug": "vino-blanco-do-valencia",
        "description": "Vino Blanco D.O. Valencia 0,75 L",
        "image": "https:\/\/cdn-consum.aktiosdigitalservices.com\/tol\/consum\/media\/product\/img\/300x300\/7417848.jpg?t=20250311125254"
    },
    {
        "id": 31533,
        "name": "Vino Tinto Garnacha D.O. Valencia HUELLA",
        "price": 6.99,
        "price_kilo": 9.32,
        "slug": "vino-tinto-garnacha-do-valencia",
        "description": "Vino Tinto Garnacha D.O. Valencia 0,75 L",
        "image": "https:\/\/cdn-consum.aktiosdigitalservices.com\/tol\/consum\/media\/product\/img\/300x300\/7417850.jpg?t=20250312092832"
    },
    {
        "id": 31535,
        "name": "Agua de Colonia NENUCO",
        "price": 2.85,
        "price_kilo": 0.57,
        "slug": "agua-de-colonia",
        "description": "Agua de Colonia 500 ml",
        "image": "https:\/\/cdn-consum.aktiosdigitalservices.com\/tol\/consum\/media\/product\/img\/300x300\/7417988.jpg?t=20250313081042"
    },
    {
        "id": 31536,
        "name": "Crema De D\u00eda Splendor BELLA AURORA",
        "price": 19.5,
        "price_kilo": 65,
        "slug": "crema-de-dia-splendor",
        "description": "Crema De D\u00eda Splendor 30 ml",
        "image": "https:\/\/cdn-consum.aktiosdigitalservices.com\/tol\/consum\/media\/product\/img\/300x300\/7418114.jpg?t=20250312092832"
    },
    {
        "id": 31537,
        "name": "Laca Normal KYREY",
        "price": 2,
        "price_kilo": 0.5,
        "slug": "laca-normal",
        "description": "Laca Normal 400 ml",
        "image": "https:\/\/cdn-consum.aktiosdigitalservices.com\/tol\/consum\/media\/product\/img\/300x300\/7402928.jpg?t=20241217081241"
    },
    {
        "id": 31539,
        "name": "Yogur Griego con Nueces Azucarado CONSUM",
        "price": 1.5,
        "price_kilo": 3,
        "slug": "yogur-griego-con-nueces-azucarado",
        "description": "Yogur Griego con Nueces Azucarado 4 x 125 Gr",
        "image": "https:\/\/cdn-consum.aktiosdigitalservices.com\/tol\/consum\/media\/product\/img\/300x300\/7406437.jpg?t=20241223080500"
    },
    {
        "id": 31540,
        "name": "Yogur Griego con Lim\u00f3n Azucarado CONSUM",
        "price": 1.2,
        "price_kilo": 2.4,
        "slug": "yogur-griego-con-limon-azucarado",
        "description": "Yogur Griego con Lim\u00f3n Azucarado 4 x 125 Gr",
        "image": "https:\/\/cdn-consum.aktiosdigitalservices.com\/tol\/consum\/media\/product\/img\/300x300\/7406440.jpg?t=20250312130104"
    },
    {
        "id": 31559,
        "name": "Cacahuete a la Miel y Sal Bolsa EAGLE",
        "price": 1.85,
        "price_kilo": 20.56,
        "slug": "cacahuete-a-la-miel-y-sal-bolsa",
        "description": "Cacahuete a la Miel y Sal Bolsa 90 Gr",
        "image": "https:\/\/cdn-consum.aktiosdigitalservices.com\/tol\/consum\/media\/product\/img\/300x300\/7417793.jpg?t=20250206100247"
    },
    {
        "id": 31561,
        "name": "Leche Hidratante NENUCO",
        "price": 3.99,
        "price_kilo": 0.8,
        "slug": "leche-hidratante",
        "description": "Leche Hidratante 500 ml",
        "image": "https:\/\/cdn-consum.aktiosdigitalservices.com\/tol\/consum\/media\/product\/img\/300x300\/7417991.jpg?t=20250313081044"
    },
    {
        "id": 31562,
        "name": "Champ\u00fa Suave NENUCO",
        "price": 3.99,
        "price_kilo": 0.8,
        "slug": "champu-suave",
        "description": "Champ\u00fa Suave 500 ml",
        "image": "https:\/\/cdn-consum.aktiosdigitalservices.com\/tol\/consum\/media\/product\/img\/300x300\/7418007.jpg?t=20250313081045"
    },
    {
        "id": 31563,
        "name": "Jab\u00f3n L\u00edquido Ultrasuave NENUCO",
        "price": 2.95,
        "price_kilo": 0.45,
        "slug": "jabon-liquido-ultrasuave",
        "description": "Jab\u00f3n L\u00edquido Ultrasuave 650 ml",
        "image": "https:\/\/cdn-consum.aktiosdigitalservices.com\/tol\/consum\/media\/product\/img\/300x300\/7418015.jpg?t=20250313081047"
    },
    {
        "id": 31565,
        "name": "Actimel L\u00edquido 0%0% Natural pack 6 DANONE",
        "price": 3.79,
        "price_kilo": 6.32,
        "slug": "actimel-liquido-00-natural-pack-6",
        "description": "Actimel L\u00edquido 0% 0% Natural pack 6 x 100 Gr",
        "image": "https:\/\/cdn-consum.aktiosdigitalservices.com\/tol\/consum\/media\/product\/img\/300x300\/7418197.jpg?t=20250312130140"
    },
    {
        "id": 31582,
        "name": "Ambientador Flor Fresa y Nata THE FRUIT C",
        "price": 3.99,
        "price_kilo": 3.99,
        "slug": "ambientador-flor-fresa-y-nata",
        "description": "Ambientador Flor Fresa y Nata 1 U",
        "image": "https:\/\/cdn-consum.aktiosdigitalservices.com\/tol\/consum\/media\/product\/img\/300x300\/7418531.jpg?t=20241217081304"
    },
    {
        "id": 31583,
        "name": "Ambientador Coche Fresa y Nata THE FRUIT C",
        "price": 1.99,
        "price_kilo": 1.99,
        "slug": "ambientador-coche-fresa-y-nata",
        "description": "Ambientador Coche Fresa y Nata 1 U",
        "image": "https:\/\/cdn-consum.aktiosdigitalservices.com\/tol\/consum\/media\/product\/img\/300x300\/7418551.jpg?t=20241217081304"
    },
    {
        "id": 31584,
        "name": "Detergente Advanced C\u00e1psulas COLON",
        "price": 4.65,
        "price_kilo": 0.39,
        "slug": "detergente-advanced-capsulas",
        "description": "Detergente Advanced C\u00e1psulas 12 Lv",
        "image": "https:\/\/cdn-consum.aktiosdigitalservices.com\/tol\/consum\/media\/product\/img\/300x300\/7418564.jpg?t=20250313081049"
    },
    {
        "id": 31589,
        "name": "Infusi\u00f3n C\u00farcuma Canela y Vainilla 20Bolsita POMPADOUR",
        "price": 2.79,
        "price_kilo": 0.14,
        "slug": "infusion-curcuma-canela-y-vainilla-20bolsita",
        "description": "Infusi\u00f3n C\u00farcuma Canela y Vainilla 20Bolsita 20 U",
        "image": "https:\/\/cdn-consum.aktiosdigitalservices.com\/tol\/consum\/media\/product\/img\/300x300\/7418742.jpg?t=20250311134755"
    },
    {
        "id": 31590,
        "name": "Cerveza Lata E.GALICIA",
        "price": 0.89,
        "price_kilo": 2.7,
        "slug": "cerveza-lata",
        "description": "Cerveza Lata 0,33 L",
        "image": "https:\/\/cdn-consum.aktiosdigitalservices.com\/tol\/consum\/media\/product\/img\/300x300\/7418783.jpg?t=20250110080305"
    },
    {
        "id": 31591,
        "name": "Pan Rustic Burger 4 Unidades DULCESOL",
        "price": 1.18,
        "price_kilo": 3.93,
        "slug": "pan-rustic-burger-4-unidades",
        "description": "Pan Rustic Burger 4 Unidades 300 Gr",
        "image": "https:\/\/cdn-consum.aktiosdigitalservices.com\/tol\/consum\/media\/product\/img\/300x300\/7418916.jpg?t=20250311112601"
    },
    {
        "id": 31592,
        "name": "Gel de Ducha + Champ\u00fa Sport KYREY",
        "price": 1.2,
        "price_kilo": 0.6,
        "slug": "gel-de-ducha-champu-sport",
        "description": "Gel de Ducha + Champ\u00fa Sport 200 ml",
        "image": "https:\/\/cdn-consum.aktiosdigitalservices.com\/tol\/consum\/media\/product\/img\/300x300\/7392785.jpg?t=20250312092813"
    },
    {
        "id": 31593,
        "name": "Desmaquillante Con Aloe Ojos y Labios KYREY",
        "price": 2.65,
        "price_kilo": 1.33,
        "slug": "desmaquillante-con-aloe-ojos-y-labios",
        "description": "Desmaquillante Con Aloe Ojos y Labios 200 ml",
        "image": "https:\/\/cdn-consum.aktiosdigitalservices.com\/tol\/consum\/media\/product\/img\/300x300\/7406122.jpg?t=20241217081244"
    },
    {
        "id": 31594,
        "name": "Esponja Rizo KYREY",
        "price": 1.3,
        "price_kilo": 0.65,
        "slug": "esponja-rizo",
        "description": "Esponja Rizo 2 U",
        "image": "https:\/\/cdn-consum.aktiosdigitalservices.com\/tol\/consum\/media\/product\/img\/300x300\/7406978.jpg?t=20241217081246"
    },
    {
        "id": 31596,
        "name": "Jarra Filtrante con 1 Filtro AQUANATUR",
        "price": 19.9,
        "price_kilo": 19.9,
        "slug": "jarra-filtrante-con-1-filtro",
        "description": "Jarra Filtrante con 1 Filtro 1 U",
        "image": "https:\/\/cdn-consum.aktiosdigitalservices.com\/tol\/consum\/media\/product\/img\/300x300\/7414852.jpg?t=20241217081255"
    },
    {
        "id": 31597,
        "name": "Cartuchos de Filtrado Set AQUANATUR",
        "price": 9.99,
        "price_kilo": 5,
        "slug": "cartuchos-de-filtrado-set",
        "description": "Cartuchos de Filtrado Set 2 U",
        "image": "https:\/\/cdn-consum.aktiosdigitalservices.com\/tol\/consum\/media\/product\/img\/300x300\/7414860.jpg?t=20241217081255"
    },
    {
        "id": 31599,
        "name": "Colonia V&L Femenina Apasionada V&L",
        "price": 12.95,
        "price_kilo": 8.63,
        "slug": "colonia-vl-femenina-apasionada",
        "description": "Colonia V&L Femenina Apasionada 150 ml",
        "image": "https:\/\/cdn-consum.aktiosdigitalservices.com\/tol\/consum\/media\/product\/img\/300x300\/7416597.jpg?t=20250312092829"
    },
    {
        "id": 31609,
        "name": "Aceite Corporal Aloe Vera VITARELLE",
        "price": 2.99,
        "price_kilo": 0.75,
        "slug": "aceite-corporal-aloe-vera",
        "description": "Aceite Corporal Aloe Vera 400 ml",
        "image": "https:\/\/cdn-consum.aktiosdigitalservices.com\/tol\/consum\/media\/product\/img\/300x300\/7417830.jpg?t=20241217081300"
    },
    {
        "id": 31613,
        "name": "Body Milk Rosa Mosqueta VITARELLE",
        "price": 2.99,
        "price_kilo": 0.75,
        "slug": "body-milk-rosa-mosqueta",
        "description": "Body Milk Rosa Mosqueta 400 ml",
        "image": "https:\/\/cdn-consum.aktiosdigitalservices.com\/tol\/consum\/media\/product\/img\/300x300\/7418002.jpg?t=20241217081300"
    },
    {
        "id": 31614,
        "name": "Body Milk Almendras Dulces VITARELLE",
        "price": 2.99,
        "price_kilo": 0.75,
        "slug": "body-milk-almendras-dulces",
        "description": "Body Milk Almendras Dulces 400 ml",
        "image": "https:\/\/cdn-consum.aktiosdigitalservices.com\/tol\/consum\/media\/product\/img\/300x300\/7418023.jpg?t=20241217081300"
    },
    {
        "id": 31618,
        "name": "S\u00e9rum facial exfoliante Suave uso nocturno THE RANGE",
        "price": 5.99,
        "price_kilo": 19.97,
        "slug": "serum-facial-exfoliante-suave-uso-nocturno",
        "description": "S\u00e9rum facial exfoliante Suave uso nocturno 30 ml",
        "image": "https:\/\/cdn-consum.aktiosdigitalservices.com\/tol\/consum\/media\/product\/img\/300x300\/7418119.jpg?t=20250312092832"
    },
    {
        "id": 31619,
        "name": "S\u00e9rum Exfoliante profundo uso nocturno THE RANGE",
        "price": 5.99,
        "price_kilo": 19.97,
        "slug": "serum-exfoliante-profundo-uso-nocturno",
        "description": "S\u00e9rum Exfoliante profundo uso nocturno 30 ml",
        "image": "https:\/\/cdn-consum.aktiosdigitalservices.com\/tol\/consum\/media\/product\/img\/300x300\/7418135.jpg?t=20250312092832"
    },
    {
        "id": 31620,
        "name": "S\u00e9rum facial tensor THE RANGE",
        "price": 5.99,
        "price_kilo": 19.97,
        "slug": "serum-facial-tensor",
        "description": "S\u00e9rum facial tensor 30 ml",
        "image": "https:\/\/cdn-consum.aktiosdigitalservices.com\/tol\/consum\/media\/product\/img\/300x300\/7418150.jpg?t=20250108081229"
    },
    {
        "id": 31621,
        "name": "S\u00e9rum facial antiarrugas THE RANGE",
        "price": 5.99,
        "price_kilo": 19.97,
        "slug": "serum-facial-antiarrugas",
        "description": "S\u00e9rum facial antiarrugas 30 ml",
        "image": "https:\/\/cdn-consum.aktiosdigitalservices.com\/tol\/consum\/media\/product\/img\/300x300\/7418163.jpg?t=20250312092833"
    },
    {
        "id": 31622,
        "name": "S\u00e9rum facial antiedad THE RANGE",
        "price": 5.99,
        "price_kilo": 19.97,
        "slug": "serum-facial-antiedad",
        "description": "S\u00e9rum facial antiedad 30 ml",
        "image": "https:\/\/cdn-consum.aktiosdigitalservices.com\/tol\/consum\/media\/product\/img\/300x300\/7418168.jpg?t=20250312092833"
    },
    {
        "id": 31624,
        "name": "S\u00e9rum facial antioxidante THE RANGE",
        "price": 5.99,
        "price_kilo": 19.97,
        "slug": "serum-facial-antioxidante",
        "description": "S\u00e9rum facial antioxidante 30 ml",
        "image": "https:\/\/cdn-consum.aktiosdigitalservices.com\/tol\/consum\/media\/product\/img\/300x300\/7418176.jpg?t=20250312092833"
    },
    {
        "id": 31625,
        "name": "S\u00e9rum facial hidratante THE RANGE",
        "price": 5.99,
        "price_kilo": 19.97,
        "slug": "serum-facial-hidratante",
        "description": "S\u00e9rum facial hidratante 30 ml",
        "image": "https:\/\/cdn-consum.aktiosdigitalservices.com\/tol\/consum\/media\/product\/img\/300x300\/7418184.jpg?t=20250312092833"
    },
    {
        "id": 31626,
        "name": "Crema Age Perfect D\u00eda SPF30 L'OREAL",
        "price": 9.99,
        "price_kilo": 19.98,
        "slug": "crema-age-perfect-dia-spf30",
        "description": "Crema Age Perfect D\u00eda SPF30 50 ml",
        "image": "https:\/\/cdn-consum.aktiosdigitalservices.com\/tol\/consum\/media\/product\/img\/300x300\/7418291.jpg?t=20250206100257"
    },
    {
        "id": 31631,
        "name": "Desmaquillante Ojos Ecol\u00f3gico FEEL FREE",
        "price": 3.99,
        "price_kilo": 3.99,
        "slug": "desmaquillante-ojos-ecologico",
        "description": "Desmaquillante Ojos Ecol\u00f3gico 100 ml",
        "image": "https:\/\/cdn-consum.aktiosdigitalservices.com\/tol\/consum\/media\/product\/img\/300x300\/7418379.jpg?t=20250312092833"
    },
    {
        "id": 31633,
        "name": "Salchicha Bratwurst PICKEN",
        "price": 3.89,
        "price_kilo": 12.97,
        "slug": "salchicha-bratwurst",
        "description": "Salchicha Bratwurst 300 Gr",
        "image": "https:\/\/cdn-consum.aktiosdigitalservices.com\/tol\/consum\/media\/product\/img\/300x300\/7418515.jpg?t=20241217081304"
    },
    {
        "id": 31634,
        "name": "S\u00e9rum Cellular \u00c1cido Hialur\u00f3nico NIVEA",
        "price": 17.99,
        "price_kilo": 59.97,
        "slug": "serum-cellular-acido-hialuronico",
        "description": "S\u00e9rum Cellular \u00c1cido Hialur\u00f3nico 30 ml",
        "image": "https:\/\/cdn-consum.aktiosdigitalservices.com\/tol\/consum\/media\/product\/img\/300x300\/7418523.jpg?t=20250312092833"
    },
    {
        "id": 31635,
        "name": "Salchicha Frankfurt PICKEN",
        "price": 3.85,
        "price_kilo": 12.83,
        "slug": "salchicha-frankfurt",
        "description": "Salchicha Frankfurt 300 Gr",
        "image": "https:\/\/cdn-consum.aktiosdigitalservices.com\/tol\/consum\/media\/product\/img\/300x300\/7418528.jpg?t=20241217081304"
    },
    {
        "id": 31638,
        "name": "Tabletas Limpiadoras Acci\u00f3n Desinfectante POLIDENT",
        "price": 4.95,
        "price_kilo": 0.17,
        "slug": "tabletas-limpiadoras-accion-desinfectante",
        "description": "Tabletas Limpiadoras Acci\u00f3n Desinfectante 30 U",
        "image": "https:\/\/cdn-consum.aktiosdigitalservices.com\/tol\/consum\/media\/product\/img\/300x300\/7418593.jpg?t=20250206100304"
    },
    {
        "id": 31640,
        "name": "Vino Blanco Verdejo V.T. Castilla La Mancha FAUSTINO",
        "price": 3.79,
        "price_kilo": 5.05,
        "slug": "vino-blanco-verdejo-vt-castilla-la-mancha",
        "description": "Vino Blanco Verdejo V.T. Castilla La Mancha 0,75 L",
        "image": "https:\/\/cdn-consum.aktiosdigitalservices.com\/tol\/consum\/media\/product\/img\/300x300\/7418718.jpg?t=20250311125256"
    },
    {
        "id": 31641,
        "name": "Taco Barra Fresa DAMEL",
        "price": 1.05,
        "price_kilo": 7.78,
        "slug": "taco-barra-fresa",
        "description": "Taco Barra Fresa 135 Gr",
        "image": "https:\/\/cdn-consum.aktiosdigitalservices.com\/tol\/consum\/media\/product\/img\/300x300\/7418788.jpg?t=20250311125258"
    },
    {
        "id": 31642,
        "name": "Spaguetti Pika DAMEL",
        "price": 1.1,
        "price_kilo": 5.5,
        "slug": "spaguetti-pika",
        "description": "Spaguetti Pika 200 Gr",
        "image": "https:\/\/cdn-consum.aktiosdigitalservices.com\/tol\/consum\/media\/product\/img\/300x300\/7418791.jpg?t=20250311125301"
    },
    {
        "id": 31648,
        "name": "Pan Tostado Prote\u00ednas MAS PROTEIN",
        "price": 2.35,
        "price_kilo": 11.75,
        "slug": "pan-tostado-proteinas",
        "description": "Pan Tostado Prote\u00ednas 200 Gr",
        "image": "https:\/\/cdn-consum.aktiosdigitalservices.com\/tol\/consum\/media\/product\/img\/300x300\/7418999.jpg?t=20250312092833"
    },
    {
        "id": 31649,
        "name": "Mejillones 20\/30 Piezas CABO PE\u00d1AS",
        "price": 1.95,
        "price_kilo": 28.26,
        "slug": "mejillones-20-30-piezas",
        "description": "Mejillones 20\/30 Piezas 69 Gr",
        "image": "https:\/\/cdn-consum.aktiosdigitalservices.com\/tol\/consum\/media\/product\/img\/300x300\/7419059.jpg?t=20250206100323"
    },
    {
        "id": 31650,
        "name": "Salsa para Pizza Lata MUTTI",
        "price": 2.75,
        "price_kilo": 6.88,
        "slug": "salsa-para-pizza-lata",
        "description": "Salsa para Pizza Lata 400 Gr",
        "image": "https:\/\/cdn-consum.aktiosdigitalservices.com\/tol\/consum\/media\/product\/img\/300x300\/7419161.jpg?t=20241217081307"
    },
    {
        "id": 31691,
        "name": "Guante Crin Exfoliante KYREY",
        "price": 2.15,
        "price_kilo": 2.15,
        "slug": "guante-crin-exfoliante",
        "description": "Guante Crin Exfoliante 1 U",
        "image": "https:\/\/cdn-consum.aktiosdigitalservices.com\/tol\/consum\/media\/product\/img\/300x300\/7406999.jpg?t=20241217081246"
    },
    {
        "id": 31692,
        "name": "Crema Multiprop\u00f3sito HIMALAYA",
        "price": 2.25,
        "price_kilo": 11.25,
        "slug": "crema-multiproposito",
        "description": "Crema Multiprop\u00f3sito 20 Gr",
        "image": "https:\/\/cdn-consum.aktiosdigitalservices.com\/tol\/consum\/media\/product\/img\/300x300\/7414873.jpg?t=20250312092828"
    },
    {
        "id": 31696,
        "name": "Lenteja Parda Roja CONSUM",
        "price": 1.69,
        "price_kilo": 1.69,
        "slug": "lenteja-parda-roja",
        "description": "Lenteja Parda Roja 1 Kg",
        "image": "https:\/\/cdn-consum.aktiosdigitalservices.com\/tol\/consum\/media\/product\/img\/300x300\/7415029.jpg?t=20250311112448"
    },
    {
        "id": 31697,
        "name": "Pasta de Lenteja Roja ROMERO",
        "price": 1.73,
        "price_kilo": 6.92,
        "slug": "pasta-de-lenteja-roja",
        "description": "Pasta de Lenteja Roja 250 Gr",
        "image": "https:\/\/cdn-consum.aktiosdigitalservices.com\/tol\/consum\/media\/product\/img\/300x300\/7417186.jpg?t=20250319080005"
    },
    {
        "id": 31698,
        "name": "Carne de Mejillon Cocido 250grs MARINES",
        "price": 2.95,
        "price_kilo": 11.8,
        "slug": "carne-de-mejillon-cocido-250grs",
        "description": "Carne de Mejillon Cocido 250grs 250 Gr",
        "image": "https:\/\/cdn-consum.aktiosdigitalservices.com\/tol\/consum\/media\/product\/img\/300x300\/7417652.jpg?t=20250318080628"
    },
    {
        "id": 31713,
        "name": "Bonito en Aceite de Oliva CONSORCIO",
        "price": 6.45,
        "price_kilo": 33.07,
        "slug": "bonito-en-aceite-de-oliva",
        "description": "Bonito en Aceite de Oliva 195 Gr",
        "image": "https:\/\/cdn-consum.aktiosdigitalservices.com\/tol\/consum\/media\/product\/img\/300x300\/7419042.jpg?t=20250313081051"
    },
    {
        "id": 31715,
        "name": "Mejillones de Chile en Escabeche CABO PE\u00d1AS",
        "price": 2.99,
        "price_kilo": 15.74,
        "slug": "mejillones-de-chile-en-escabeche",
        "description": "Mejillones de Chile en Escabeche 2 x 95 Gr",
        "image": "https:\/\/cdn-consum.aktiosdigitalservices.com\/tol\/consum\/media\/product\/img\/300x300\/7419096.jpg?t=20250206100326"
    },
    {
        "id": 31718,
        "name": "Alubia Negrita Paquete LUENGO",
        "price": 1.56,
        "price_kilo": 3.12,
        "slug": "alubia-negrita-paquete",
        "description": "Alubia Negrita Paquete 500 Gr",
        "image": "https:\/\/cdn-consum.aktiosdigitalservices.com\/tol\/consum\/media\/product\/img\/300x300\/7419141.jpg?t=20250103082533"
    },
    {
        "id": 31719,
        "name": "Lenteja R\u00e1pida Paquete LUENGO",
        "price": 2.03,
        "price_kilo": 4.06,
        "slug": "lenteja-rapida-paquete",
        "description": "Lenteja R\u00e1pida Paquete 500 Gr",
        "image": "https:\/\/cdn-consum.aktiosdigitalservices.com\/tol\/consum\/media\/product\/img\/300x300\/7419146.jpg?t=20250311134758"
    },
    {
        "id": 31720,
        "name": "Carrillera en Salsa con Patatas y Setas CARRETILLA",
        "price": 4.99,
        "price_kilo": 16.63,
        "slug": "carrillera-en-salsa-con-patatas-y-setas",
        "description": "Carrillera en Salsa con Patatas y Setas 300 Gr",
        "image": "https:\/\/cdn-consum.aktiosdigitalservices.com\/tol\/consum\/media\/product\/img\/300x300\/7419182.jpg?t=20250227094555"
    },
    {
        "id": 31724,
        "name": "Spray Especial Freidora de Aire LA ESPA\u00d1OLA",
        "price": 2.61,
        "price_kilo": 13.05,
        "slug": "spray-especial-freidora-de-aire",
        "description": "Spray Especial Freidora de Aire 200 ml",
        "image": "https:\/\/cdn-consum.aktiosdigitalservices.com\/tol\/consum\/media\/product\/img\/300x300\/7419240.jpg?t=20250313081056"
    },
    {
        "id": 31725,
        "name": "Champ\u00fa en Seco NELLY",
        "price": 1.55,
        "price_kilo": 2.07,
        "slug": "champu-en-seco",
        "description": "Champ\u00fa en Seco 75 ml",
        "image": "https:\/\/cdn-consum.aktiosdigitalservices.com\/tol\/consum\/media\/product\/img\/300x300\/7419252.jpg?t=20241217081307"
    },
    {
        "id": 31726,
        "name": "Champ\u00fa Cebolla & Biotina ANIAN",
        "price": 2.99,
        "price_kilo": 0.75,
        "slug": "champu-cebolla-biotina",
        "description": "Champ\u00fa Cebolla & Biotina 400 ml",
        "image": "https:\/\/cdn-consum.aktiosdigitalservices.com\/tol\/consum\/media\/product\/img\/300x300\/7419286.jpg?t=20250312092833"
    },
    {
        "id": 31727,
        "name": "Cereales Kit Kat NESTLE",
        "price": 3.99,
        "price_kilo": 12.09,
        "slug": "cereales-kit-kat",
        "description": "Cereales Kit Kat 330 Gr",
        "image": "https:\/\/cdn-consum.aktiosdigitalservices.com\/tol\/consum\/media\/product\/img\/300x300\/7419294.jpg?t=20250311112605"
    },
    {
        "id": 31729,
        "name": "Detergente L\u00edquido Limpio & Liso WIPP",
        "price": 12.19,
        "price_kilo": 0.35,
        "slug": "detergente-liquido-limpio-liso",
        "description": "Detergente L\u00edquido Limpio & Liso 35 Lv",
        "image": "https:\/\/cdn-consum.aktiosdigitalservices.com\/tol\/consum\/media\/product\/img\/300x300\/7419364.jpg?t=20250206100338"
    },
    {
        "id": 31730,
        "name": "Detergente L\u00edquido WIPP",
        "price": 9.99,
        "price_kilo": 0.29,
        "slug": "detergente-liquido",
        "description": "Detergente L\u00edquido 35 Lv",
        "image": "https:\/\/cdn-consum.aktiosdigitalservices.com\/tol\/consum\/media\/product\/img\/300x300\/7419372.jpg?t=20250227094600"
    },
    {
        "id": 31731,
        "name": "Detergente L\u00edquido Higiene&Antiolores WIPP",
        "price": 9.99,
        "price_kilo": 0.29,
        "slug": "detergente-liquido-higieneantiolores",
        "description": "Detergente L\u00edquido Higiene&Antiolores 35 Lv",
        "image": "https:\/\/cdn-consum.aktiosdigitalservices.com\/tol\/consum\/media\/product\/img\/300x300\/7419377.jpg?t=20250227094602"
    },
    {
        "id": 31739,
        "name": "Limpiador Ba\u00f1os Desinfectante CONSUM",
        "price": 1.55,
        "price_kilo": 2.07,
        "slug": "limpiador-banos-desinfectante",
        "description": "Limpiador Ba\u00f1os Desinfectante 750 ml",
        "image": "https:\/\/cdn-consum.aktiosdigitalservices.com\/tol\/consum\/media\/product\/img\/300x300\/7374960.jpg?t=20250312092806"
    },
    {
        "id": 31740,
        "name": "Cono Kinder Bueno White FERRERO",
        "price": 4.99,
        "price_kilo": 20.12,
        "slug": "cono-kinder-bueno-white",
        "description": "Cono Kinder Bueno White 248 Gr",
        "image": "https:\/\/cdn-consum.aktiosdigitalservices.com\/tol\/consum\/media\/product\/img\/300x300\/7407393.jpg?t=20250318080558"
    },
    {
        "id": 31741,
        "name": "Pasta de Trigo Sarraceno Alforf\u00f3n ROMERO",
        "price": 1.73,
        "price_kilo": 6.92,
        "slug": "pasta-de-trigo-sarraceno-alforfon",
        "description": "Pasta de Trigo Sarraceno Alforf\u00f3n 250 Gr",
        "image": "https:\/\/cdn-consum.aktiosdigitalservices.com\/tol\/consum\/media\/product\/img\/300x300\/7417194.jpg?t=20250319080007"
    },
    {
        "id": 31744,
        "name": "Patatas Cheesy Cheese PRINGLES",
        "price": 2.6,
        "price_kilo": 15.76,
        "slug": "patatas-cheesy-cheese",
        "description": "Patatas Cheesy Cheese 165 Gr",
        "image": "https:\/\/cdn-consum.aktiosdigitalservices.com\/tol\/consum\/media\/product\/img\/300x300\/7417512.jpg?t=20250227094530"
    },
    {
        "id": 31747,
        "name": "Gel Zero Hidratante SANEX",
        "price": 3.75,
        "price_kilo": 0.63,
        "slug": "gel-zero-hidratante",
        "description": "Gel Zero Hidratante 600 ml",
        "image": "https:\/\/cdn-consum.aktiosdigitalservices.com\/tol\/consum\/media\/product\/img\/300x300\/7417629.jpg?t=20250312161153"
    },
    {
        "id": 31752,
        "name": "Caf\u00e9 Espresso Chocolat C\u00e1psulas L'OR",
        "price": 4.39,
        "price_kilo": 0.44,
        "slug": "cafe-espresso-chocolat-capsulas",
        "description": "Caf\u00e9 Espresso Chocolat C\u00e1psulas 10 U",
        "image": "https:\/\/cdn-consum.aktiosdigitalservices.com\/tol\/consum\/media\/product\/img\/300x300\/7417678.jpg?t=20250311112535"
    },
    {
        "id": 31753,
        "name": "Caf\u00e9 Espresso Caramel C\u00e1psulas L'OR",
        "price": 4.39,
        "price_kilo": 0.44,
        "slug": "cafe-espresso-caramel-capsulas",
        "description": "Caf\u00e9 Espresso Caramel C\u00e1psulas 10 U",
        "image": "https:\/\/cdn-consum.aktiosdigitalservices.com\/tol\/consum\/media\/product\/img\/300x300\/7417681.jpg?t=20250311112537"
    },
    {
        "id": 31756,
        "name": "Allioli extra suave CHOVI",
        "price": 1.25,
        "price_kilo": 8.33,
        "slug": "allioli-extra-suave",
        "description": "Allioli extra suave 150 ml",
        "image": "https:\/\/cdn-consum.aktiosdigitalservices.com\/tol\/consum\/media\/product\/img\/300x300\/7418098.jpg?t=20250204081719"
    },
    {
        "id": 31757,
        "name": "Choricitos Picantes CONSUM",
        "price": 2.35,
        "price_kilo": 9.39,
        "slug": "choricitos-picantes",
        "description": "Choricitos Picantes",
        "image": "https:\/\/cdn-consum.aktiosdigitalservices.com\/tol\/consum\/media\/product\/img\/300x300\/7418148.jpg?t=20241217081301"
    },
    {
        "id": 31761,
        "name": "Ambientador Coche Mel\u00f3n THE FRUIT C",
        "price": 1.99,
        "price_kilo": 1.99,
        "slug": "ambientador-coche-melon",
        "description": "Ambientador Coche Mel\u00f3n 1 U",
        "image": "https:\/\/cdn-consum.aktiosdigitalservices.com\/tol\/consum\/media\/product\/img\/300x300\/7418549.jpg?t=20241217081304"
    },
    {
        "id": 31774,
        "name": "Cava Rose D.O. Cava CODORNIU",
        "price": 6.95,
        "price_kilo": 9.27,
        "slug": "cava-rose-do-cava",
        "description": "Cava Rose D.O. Cava 0,75 L",
        "image": "https:\/\/cdn-consum.aktiosdigitalservices.com\/tol\/consum\/media\/product\/img\/300x300\/7419323.jpg?t=20250312092833"
    },
    {
        "id": 31776,
        "name": "Crema Hidratante Sensitive FP15 NIVEA MEN",
        "price": 9.19,
        "price_kilo": 12.25,
        "slug": "crema-hidratante-sensitive-fp15",
        "description": "Crema Hidratante Sensitive FP15 75 ml",
        "image": "https:\/\/cdn-consum.aktiosdigitalservices.com\/tol\/consum\/media\/product\/img\/300x300\/7419349.jpg?t=20250102081012"
    },
    {
        "id": 31778,
        "name": "Limpiamuebles Spray PRONTO",
        "price": 2.9,
        "price_kilo": 1.16,
        "slug": "limpiamuebles-spray",
        "description": "Limpiamuebles Spray 250 ml",
        "image": "https:\/\/cdn-consum.aktiosdigitalservices.com\/tol\/consum\/media\/product\/img\/300x300\/7419489.jpg?t=20241219081129"
    },
    {
        "id": 31779,
        "name": "Queso de Cabra Tierno Lonchas SANABRIA",
        "price": 3.07,
        "price_kilo": 19.19,
        "slug": "queso-de-cabra-tierno-lonchas",
        "description": "Queso de Cabra Tierno Lonchas 160 Gr",
        "image": "https:\/\/cdn-consum.aktiosdigitalservices.com\/tol\/consum\/media\/product\/img\/300x300\/7419567.jpg?t=20250103082540"
    },
    {
        "id": 31781,
        "name": "Estofado de A\u00f1ojo CONSUM",
        "price": 6.92,
        "price_kilo": 17.3,
        "slug": "estofado-de-anojo",
        "description": "Estofado de A\u00f1ojo",
        "image": "https:\/\/cdn-consum.aktiosdigitalservices.com\/tol\/consum\/media\/product\/img\/300x300\/7419620.jpg?t=20250114084635"
    },
    {
        "id": 31782,
        "name": "Laca Extra Fuerte S3",
        "price": 3.49,
        "price_kilo": 0.87,
        "slug": "laca-extra-fuerte",
        "description": "Laca Extra Fuerte 400 ml",
        "image": "https:\/\/cdn-consum.aktiosdigitalservices.com\/tol\/consum\/media\/product\/img\/300x300\/7420131.jpg?t=20250312130146"
    },
    {
        "id": 31783,
        "name": "Laca Cabellos Te\u00f1idos S3",
        "price": 3.49,
        "price_kilo": 0.87,
        "slug": "laca-cabellos-tenidos",
        "description": "Laca Cabellos Te\u00f1idos 400 ml",
        "image": "https:\/\/cdn-consum.aktiosdigitalservices.com\/tol\/consum\/media\/product\/img\/300x300\/7420136.jpg?t=20250312130149"
    },
    {
        "id": 31785,
        "name": "Pan Pay\u00e9s sin Gluten ",
        "price": 2.45,
        "price_kilo": 9.8,
        "slug": "pan-payes-sin-gluten",
        "description": "Pan Pay\u00e9s sin Gluten 250 Gr",
        "image": "https:\/\/cdn-consum.aktiosdigitalservices.com\/tol\/consum\/media\/product\/img\/300x300\/7420628.jpg?t=20250228080626"
    },
    {
        "id": 31788,
        "name": "Compresa Noche Alas Soft KYREY",
        "price": 1.15,
        "price_kilo": 0.12,
        "slug": "compresa-noche-alas-soft",
        "description": "Compresa Noche Alas Soft 10 U",
        "image": "https:\/\/cdn-consum.aktiosdigitalservices.com\/tol\/consum\/media\/product\/img\/300x300\/7388051.jpg?t=20250206095131"
    },
    {
        "id": 31789,
        "name": "Gel de Ba\u00f1o Activit Protector LACTOVIT",
        "price": 2.75,
        "price_kilo": 0.5,
        "slug": "gel-de-bano-activit-protector",
        "description": "Gel de Ba\u00f1o Activit Protector 550 ml",
        "image": "https:\/\/cdn-consum.aktiosdigitalservices.com\/tol\/consum\/media\/product\/img\/300x300\/7415826.jpg?t=20250312161144"
    },
    {
        "id": 31790,
        "name": "Gel de Ba\u00f1o Lactourea Reparador LACTOVIT",
        "price": 2.85,
        "price_kilo": 0.52,
        "slug": "gel-de-bano-lactourea-reparador",
        "description": "Gel de Ba\u00f1o Lactourea Reparador 550 ml",
        "image": "https:\/\/cdn-consum.aktiosdigitalservices.com\/tol\/consum\/media\/product\/img\/300x300\/7415834.jpg?t=20250312161146"
    },
    {
        "id": 31791,
        "name": "Gel de Ba\u00f1o Nutritivo XXL LACTOVIT",
        "price": 2.95,
        "price_kilo": 0.39,
        "slug": "gel-de-bano-nutritivo-xxl",
        "description": "Gel de Ba\u00f1o Nutritivo XXL 750 ml",
        "image": "https:\/\/cdn-consum.aktiosdigitalservices.com\/tol\/consum\/media\/product\/img\/300x300\/7415839.jpg?t=20250314121655"
    },
    {
        "id": 31792,
        "name": "Gel Cuidado Experto PRO HYDRATE SANEX",
        "price": 3.65,
        "price_kilo": 0.61,
        "slug": "gel-cuidado-experto-pro-hydrate",
        "description": "Gel Cuidado Experto PRO HYDRATE 600 ml",
        "image": "https:\/\/cdn-consum.aktiosdigitalservices.com\/tol\/consum\/media\/product\/img\/300x300\/7417624.jpg?t=20250312161151"
    },
    {
        "id": 31793,
        "name": "Smoothie Frutos Rojos FRUTAE",
        "price": 0.99,
        "price_kilo": 3.96,
        "slug": "smoothie-frutos-rojos",
        "description": "Smoothie Frutos Rojos 250 ml",
        "image": "https:\/\/cdn-consum.aktiosdigitalservices.com\/tol\/consum\/media\/product\/img\/300x300\/7418080.jpg?t=20250218081051"
    },
    {
        "id": 31794,
        "name": "Smoothie Mango y Coco FRUTAE",
        "price": 0.99,
        "price_kilo": 3.96,
        "slug": "smoothie-mango-y-coco",
        "description": "Smoothie Mango y Coco 250 ml",
        "image": "https:\/\/cdn-consum.aktiosdigitalservices.com\/tol\/consum\/media\/product\/img\/300x300\/7418093.jpg?t=20250227094539"
    },
    {
        "id": 31797,
        "name": "Gel Recambio Zero Hidratante SANEX",
        "price": 3.99,
        "price_kilo": 0.42,
        "slug": "gel-recambio-zero-hidratante",
        "description": "Gel Recambio Zero Hidratante 950 ml",
        "image": "https:\/\/cdn-consum.aktiosdigitalservices.com\/tol\/consum\/media\/product\/img\/300x300\/7418143.jpg?t=20241217081301"
    },
    {
        "id": 31799,
        "name": "T\u00f3nico \u00c1cido Glic\u00f3lico THE RANGE",
        "price": 3.99,
        "price_kilo": 3.99,
        "slug": "tonico-acido-glicolico",
        "description": "T\u00f3nico \u00c1cido Glic\u00f3lico 100 ml",
        "image": "https:\/\/cdn-consum.aktiosdigitalservices.com\/tol\/consum\/media\/product\/img\/300x300\/7418569.jpg?t=20250312092833"
    },
    {
        "id": 31800,
        "name": "Gel Limpiador Iluminador BHA + \u00c1cido Glic\u00f3lico THE RANGE",
        "price": 3.99,
        "price_kilo": 3.99,
        "slug": "gel-limpiador-iluminador-bha-acido-glicolico",
        "description": "Gel Limpiador Iluminador BHA + \u00c1cido Glic\u00f3lico 100 ml",
        "image": "https:\/\/cdn-consum.aktiosdigitalservices.com\/tol\/consum\/media\/product\/img\/300x300\/7418572.jpg?t=20250205080653"
    },
    {
        "id": 31801,
        "name": "P\u00e9talos de Paleta de Cebo Ib\u00e9rica BOADAS",
        "price": 4.25,
        "price_kilo": 53.13,
        "slug": "petalos-de-paleta-de-cebo-iberica",
        "description": "P\u00e9talos de Paleta de Cebo Ib\u00e9rica 80 Gr",
        "image": "https:\/\/cdn-consum.aktiosdigitalservices.com\/tol\/consum\/media\/product\/img\/300x300\/7418601.jpg?t=20250319080009"
    },
    {
        "id": 31803,
        "name": "Desodorante Spray Indigo NIKE",
        "price": 2.25,
        "price_kilo": 1.13,
        "slug": "desodorante-spray-indigo",
        "description": "Desodorante Spray Indigo 200 ml",
        "image": "https:\/\/cdn-consum.aktiosdigitalservices.com\/tol\/consum\/media\/product\/img\/300x300\/7419083.jpg?t=20250313081054"
    },
    {
        "id": 31805,
        "name": "Desodorante Spray Aloe Vera REXONA",
        "price": 2.79,
        "price_kilo": 1.4,
        "slug": "desodorante-spray-aloe-vera",
        "description": "Desodorante Spray Aloe Vera 200 ml",
        "image": "https:\/\/cdn-consum.aktiosdigitalservices.com\/tol\/consum\/media\/product\/img\/300x300\/7419351.jpg?t=20250312161203"
    },
    {
        "id": 31806,
        "name": "Desodorante Spray Bergamot AXE",
        "price": 3.69,
        "price_kilo": 2.46,
        "slug": "desodorante-spray-bergamot",
        "description": "Desodorante Spray Bergamot 150 ml",
        "image": "https:\/\/cdn-consum.aktiosdigitalservices.com\/tol\/consum\/media\/product\/img\/300x300\/7419356.jpg?t=20250312161205"
    },
    {
        "id": 31807,
        "name": "Desodorante Spray Men Clean Comfort DOVE",
        "price": 3.59,
        "price_kilo": 2.39,
        "slug": "desodorante-spray-men-clean-comfort",
        "description": "Desodorante Spray Men Clean Comfort 150 ml",
        "image": "https:\/\/cdn-consum.aktiosdigitalservices.com\/tol\/consum\/media\/product\/img\/300x300\/7419385.jpg?t=20250227094604"
    },
    {
        "id": 31808,
        "name": "Desodorante Roll-on Invisible DOVE",
        "price": 2.55,
        "price_kilo": 5.1,
        "slug": "desodorante-roll-on-invisible",
        "description": "Desodorante Roll-on Invisible 50 ml",
        "image": "https:\/\/cdn-consum.aktiosdigitalservices.com\/tol\/consum\/media\/product\/img\/300x300\/7419398.jpg?t=20250312161207"
    },
    {
        "id": 31809,
        "name": "Desodorante Roll-on Original DOVE",
        "price": 2.49,
        "price_kilo": 4.98,
        "slug": "desodorante-roll-on-original",
        "description": "Desodorante Roll-on Original 50 ml",
        "image": "https:\/\/cdn-consum.aktiosdigitalservices.com\/tol\/consum\/media\/product\/img\/300x300\/7419419.jpg?t=20250312161211"
    },
    {
        "id": 31810,
        "name": "Desodorante Spray Original DOVE",
        "price": 2.95,
        "price_kilo": 1.48,
        "slug": "desodorante-spray-original",
        "description": "Desodorante Spray Original 200 ml",
        "image": "https:\/\/cdn-consum.aktiosdigitalservices.com\/tol\/consum\/media\/product\/img\/300x300\/7419422.jpg?t=20250312161213"
    },
    {
        "id": 31815,
        "name": "Salsa Sriracha TABASCO",
        "price": 5.89,
        "price_kilo": 23.01,
        "slug": "salsa-sriracha",
        "description": "Salsa Sriracha 256 ml",
        "image": "https:\/\/cdn-consum.aktiosdigitalservices.com\/tol\/consum\/media\/product\/img\/300x300\/7419562.jpg?t=20241217081307"
    },
    {
        "id": 31822,
        "name": "Taco Barra Regaliz Negro DAMEL",
        "price": 1.05,
        "price_kilo": 7.78,
        "slug": "taco-barra-regaliz-negro",
        "description": "Taco Barra Regaliz Negro 135 Gr",
        "image": "https:\/\/cdn-consum.aktiosdigitalservices.com\/tol\/consum\/media\/product\/img\/300x300\/7420342.jpg?t=20250311125306"
    },
    {
        "id": 31824,
        "name": "Bandas Depilatorias Bikini Piel Normal VEET",
        "price": 5.19,
        "price_kilo": 5.19,
        "slug": "bandas-depilatorias-bikini-piel-normal",
        "description": "Bandas Depilatorias Bikini Piel Normal 1 U",
        "image": "https:\/\/cdn-consum.aktiosdigitalservices.com\/tol\/consum\/media\/product\/img\/300x300\/7420354.jpg?t=20250313081059"
    },
    {
        "id": 31825,
        "name": "Colorinas Regaliz DAMEL",
        "price": 1.05,
        "price_kilo": 11.67,
        "slug": "colorinas-regaliz",
        "description": "Colorinas Regaliz 90 Gr",
        "image": "https:\/\/cdn-consum.aktiosdigitalservices.com\/tol\/consum\/media\/product\/img\/300x300\/7420441.jpg?t=20250311125308"
    },
    {
        "id": 31827,
        "name": "Galleta Petit Dor\u00e9 FAM.BISCUITS",
        "price": 1.25,
        "price_kilo": 2.98,
        "slug": "galleta-petit-dore",
        "description": "Galleta Petit Dor\u00e9 420 Gr",
        "image": "https:\/\/cdn-consum.aktiosdigitalservices.com\/tol\/consum\/media\/product\/img\/300x300\/7420503.jpg?t=20250311134800"
    },
    {
        "id": 31828,
        "name": "Palomitas de Chocolate Bolsa RISI",
        "price": 1.4,
        "price_kilo": 14,
        "slug": "palomitas-de-chocolate-bolsa",
        "description": "Palomitas de Chocolate Bolsa 100 Gr",
        "image": "https:\/\/cdn-consum.aktiosdigitalservices.com\/tol\/consum\/media\/product\/img\/300x300\/7420508.jpg?t=20250312161216"
    },
    {
        "id": 31830,
        "name": "Fideos Vermicellis de Arroz TIGER KHAN",
        "price": 2.39,
        "price_kilo": 9.56,
        "slug": "fideos-vermicellis-de-arroz",
        "description": "Fideos Vermicellis de Arroz 250 Gr",
        "image": "https:\/\/cdn-consum.aktiosdigitalservices.com\/tol\/consum\/media\/product\/img\/300x300\/7420565.jpg?t=20250227094637"
    },
    {
        "id": 31831,
        "name": "Salsa Agripicante con Chili Dulce TIGER KHAN",
        "price": 2.95,
        "price_kilo": 9.83,
        "slug": "salsa-agripicante-con-chili-dulce",
        "description": "Salsa Agripicante con Chili Dulce 300 ml",
        "image": "https:\/\/cdn-consum.aktiosdigitalservices.com\/tol\/consum\/media\/product\/img\/300x300\/7420607.jpg?t=20241217081309"
    },
    {
        "id": 31832,
        "name": "Aceite de S\u00e9samo Botella TIGER KHAN",
        "price": 4.03,
        "price_kilo": 20.15,
        "slug": "aceite-de-sesamo-botella",
        "description": "Aceite de S\u00e9samo Botella 200 ml",
        "image": "https:\/\/cdn-consum.aktiosdigitalservices.com\/tol\/consum\/media\/product\/img\/300x300\/7420610.jpg?t=20250314121701"
    },
    {
        "id": 31833,
        "name": "Sriracha Mayo Botella FLYING DRAGO",
        "price": 3.29,
        "price_kilo": 16.45,
        "slug": "sriracha-mayo-botella",
        "description": "Sriracha Mayo Botella 200 ml",
        "image": "https:\/\/cdn-consum.aktiosdigitalservices.com\/tol\/consum\/media\/product\/img\/300x300\/7420623.jpg?t=20250318080642"
    },
    {
        "id": 31834,
        "name": "Puleva Buenas Noches Brik PULEVA",
        "price": 1.39,
        "price_kilo": 1.39,
        "slug": "puleva-buenas-noches-brik",
        "description": "Puleva Buenas Noches Brik 1 L",
        "image": "https:\/\/cdn-consum.aktiosdigitalservices.com\/tol\/consum\/media\/product\/img\/300x300\/7420636.jpg?t=20250311112625"
    },
    {
        "id": 31835,
        "name": "Fideos Asi\u00e1ticos Udon Paquete TIGER KHAN",
        "price": 2.67,
        "price_kilo": 8.9,
        "slug": "fideos-asiaticos-udon-paquete",
        "description": "Fideos Asi\u00e1ticos Udon Paquete 300 Gr",
        "image": "https:\/\/cdn-consum.aktiosdigitalservices.com\/tol\/consum\/media\/product\/img\/300x300\/7420649.jpg?t=20250103082551"
    },
    {
        "id": 31837,
        "name": "Snack Fuet Extra CASADEMONT",
        "price": 1.95,
        "price_kilo": 21.67,
        "slug": "snack-fuet-extra",
        "description": "Snack Fuet Extra 90 Gr",
        "image": "https:\/\/cdn-consum.aktiosdigitalservices.com\/tol\/consum\/media\/product\/img\/300x300\/7420839.jpg?t=20241217081309"
    },
    {
        "id": 31840,
        "name": "Gel Higiene \u00cdntima PH Balance VAGISIL",
        "price": 10.99,
        "price_kilo": 2.2,
        "slug": "gel-higiene-intima-ph-balance",
        "description": "Gel Higiene \u00cdntima PH Balance 500 ml",
        "image": "https:\/\/cdn-consum.aktiosdigitalservices.com\/tol\/consum\/media\/product\/img\/300x300\/7421068.jpg?t=20250109105743"
    },
    {
        "id": 31841,
        "name": "Gel Higiene \u00cdntima Sensitive VAGISIL",
        "price": 10.99,
        "price_kilo": 2.2,
        "slug": "gel-higiene-intima-sensitive",
        "description": "Gel Higiene \u00cdntima Sensitive 500 ml",
        "image": "https:\/\/cdn-consum.aktiosdigitalservices.com\/tol\/consum\/media\/product\/img\/300x300\/7421089.jpg?t=20250312092834"
    },
    {
        "id": 31846,
        "name": "Compresa Normal Alas Soft KYREY",
        "price": 1.39,
        "price_kilo": 0.1,
        "slug": "compresa-normal-alas-soft",
        "description": "Compresa Normal Alas Soft 14 U",
        "image": "https:\/\/cdn-consum.aktiosdigitalservices.com\/tol\/consum\/media\/product\/img\/300x300\/7388044.jpg?t=20250227093915"
    },
    {
        "id": 31848,
        "name": "Bebida L\u00e1ctea 0%0% Prote\u00edna Sabor Vainilla CONSUM",
        "price": 1.75,
        "price_kilo": 5.3,
        "slug": "bebida-lactea-00-proteina-sabor-vainilla",
        "description": "Bebida L\u00e1ctea 0%0% Prote\u00edna Sabor Vainilla 330 ml",
        "image": "https:\/\/cdn-consum.aktiosdigitalservices.com\/tol\/consum\/media\/product\/img\/300x300\/7397529.jpg?t=20250206095420"
    },
    {
        "id": 31849,
        "name": "Abrillantador Lavavajillas CONSUM",
        "price": 1.2,
        "price_kilo": 0.16,
        "slug": "abrillantador-lavavajillas",
        "description": "Abrillantador Lavavajillas 750 ml",
        "image": "https:\/\/cdn-consum.aktiosdigitalservices.com\/tol\/consum\/media\/product\/img\/300x300\/7407489.jpg?t=20250312092820"
    },
    {
        "id": 31850,
        "name": "Chocolate Blanco Postres CONSUM",
        "price": 2.25,
        "price_kilo": 11.25,
        "slug": "chocolate-blanco-postres",
        "description": "Chocolate Blanco Postres 200 Gr",
        "image": "https:\/\/cdn-consum.aktiosdigitalservices.com\/tol\/consum\/media\/product\/img\/300x300\/7411010.jpg?t=20250312092822"
    },
    {
        "id": 31851,
        "name": "Hummus con aceitunas CONSUM",
        "price": 1.49,
        "price_kilo": 7.45,
        "slug": "hummus-con-aceitunas",
        "description": "Hummus con aceitunas 200 Gr",
        "image": "https:\/\/cdn-consum.aktiosdigitalservices.com\/tol\/consum\/media\/product\/img\/300x300\/7414134.jpg?t=20241224080724"
    },
    {
        "id": 31852,
        "name": "Hummus Mexican CONSUM",
        "price": 1.49,
        "price_kilo": 7.45,
        "slug": "hummus-mexican",
        "description": "Hummus Mexican 200 Gr",
        "image": "https:\/\/cdn-consum.aktiosdigitalservices.com\/tol\/consum\/media\/product\/img\/300x300\/7414139.jpg?t=20241217081255"
    },
    {
        "id": 31853,
        "name": "Aceite de Oliva Virgen Extra Cristal CONSUM",
        "price": 2.39,
        "price_kilo": 9.56,
        "slug": "aceite-de-oliva-virgen-extra-cristal",
        "description": "Aceite de Oliva Virgen Extra Cristal 250 ml",
        "image": "https:\/\/cdn-consum.aktiosdigitalservices.com\/tol\/consum\/media\/product\/img\/300x300\/7414782.jpg?t=20250311125233"
    },
    {
        "id": 31854,
        "name": "Borrador Ojos 3 Fair MAYBELLINE",
        "price": 9.99,
        "price_kilo": 9.99,
        "slug": "borrador-ojos-3-fair",
        "description": "Borrador Ojos 3 Fair 1 U",
        "image": "https:\/\/cdn-consum.aktiosdigitalservices.com\/tol\/consum\/media\/product\/img\/300x300\/7415615.jpg?t=20250312092828"
    },
    {
        "id": 31855,
        "name": "Borrador de Ojos Neutro MAYBELLINE",
        "price": 9.99,
        "price_kilo": 9.99,
        "slug": "borrador-de-ojos-neutro",
        "description": "Borrador de Ojos Neutro 1 U",
        "image": "https:\/\/cdn-consum.aktiosdigitalservices.com\/tol\/consum\/media\/product\/img\/300x300\/7415636.jpg?t=20250319080000"
    },
    {
        "id": 31856,
        "name": "Borrador de Ojos Caramelo MAYBELLINE",
        "price": 9.99,
        "price_kilo": 9.99,
        "slug": "borrador-de-ojos-caramelo",
        "description": "Borrador de Ojos Caramelo 1 U",
        "image": "https:\/\/cdn-consum.aktiosdigitalservices.com\/tol\/consum\/media\/product\/img\/300x300\/7415649.jpg?t=20250312092829"
    },
    {
        "id": 31857,
        "name": "Queso Manchego Viejo D.O.P Cu\u00f1a CONSUM",
        "price": 5.5,
        "price_kilo": 22,
        "slug": "queso-manchego-viejo-dop-cuna",
        "description": "Queso Manchego Viejo D.O.P Cu\u00f1a 250 Gr",
        "image": "https:\/\/cdn-consum.aktiosdigitalservices.com\/tol\/consum\/media\/product\/img\/300x300\/7415664.jpg?t=20250227094504"
    },
    {
        "id": 31858,
        "name": "Bebida Energ\u00e9tica Lata Ultra Gold Zero MONSTER",
        "price": 1.79,
        "price_kilo": 3.58,
        "slug": "bebida-energetica-lata-ultra-gold-zero",
        "description": "Bebida Energ\u00e9tica Lata Ultra Gold Zero 0,5 L",
        "image": "https:\/\/cdn-consum.aktiosdigitalservices.com\/tol\/consum\/media\/product\/img\/300x300\/7416402.jpg?t=20250320080227"
    },
    {
        "id": 31859,
        "name": "S\u00e9rum Revitalift Clinical 12% Vitamina C L'OREAL",
        "price": 23.99,
        "price_kilo": 79.97,
        "slug": "serum-revitalift-clinical-12-vitamina-c",
        "description": "S\u00e9rum Revitalift Clinical 12% Vitamina C 30 ml",
        "image": "https:\/\/cdn-consum.aktiosdigitalservices.com\/tol\/consum\/media\/product\/img\/300x300\/7418049.jpg?t=20250312161154"
    },
    {
        "id": 31860,
        "name": "Toallita Limpieza y Fresc Pack 3 Unidades CONSUM KIDS",
        "price": 3,
        "price_kilo": 0.01,
        "slug": "toallita-limpieza-y-fresc-pack-3-unidades",
        "description": "Toallita Limpieza y Fresc Pack 3 Unidades 3 x 80 U",
        "image": "https:\/\/cdn-consum.aktiosdigitalservices.com\/tol\/consum\/media\/product\/img\/300x300\/7418056.jpg?t=20250312092832"
    },
    {
        "id": 31861,
        "name": "Crema D\u00eda Revitalift FP50 Clinical L'OREAL",
        "price": 17.9,
        "price_kilo": 35.8,
        "slug": "crema-dia-revitalift-fp50-clinical",
        "description": "Crema D\u00eda Revitalift FP50 Clinical 50 ml",
        "image": "https:\/\/cdn-consum.aktiosdigitalservices.com\/tol\/consum\/media\/product\/img\/300x300\/7418069.jpg?t=20250312161156"
    },
    {
        "id": 31862,
        "name": "Crema Revitalift Filler Water Cream L'OREAL",
        "price": 22.9,
        "price_kilo": 45.8,
        "slug": "crema-revitalift-filler-water-cream",
        "description": "Crema Revitalift Filler Water Cream 50 ml",
        "image": "https:\/\/cdn-consum.aktiosdigitalservices.com\/tol\/consum\/media\/product\/img\/300x300\/7418296.jpg?t=20250312161159"
    },
    {
        "id": 31863,
        "name": "Crema Noche Filler Rellenadora Anti-Edad L'OREAL",
        "price": 19.9,
        "price_kilo": 39.8,
        "slug": "crema-noche-filler-rellenadora-anti-edad",
        "description": "Crema Noche Filler Rellenadora Anti-Edad 50 ml",
        "image": "https:\/\/cdn-consum.aktiosdigitalservices.com\/tol\/consum\/media\/product\/img\/300x300\/7418304.jpg?t=20250312161200"
    },
    {
        "id": 31864,
        "name": "S\u00e9rum Imperfecciones AHA+BHA+Carb\u00f3n GARNIER",
        "price": 12.99,
        "price_kilo": 43.3,
        "slug": "serum-imperfecciones-ahabhacarbon",
        "description": "S\u00e9rum Imperfecciones AHA+BHA+Carb\u00f3n 30 ml",
        "image": "https:\/\/cdn-consum.aktiosdigitalservices.com\/tol\/consum\/media\/product\/img\/300x300\/7418309.jpg?t=20250312092833"
    },
    {
        "id": 31867,
        "name": "Desodorante Spray Invisible DOVE",
        "price": 3.05,
        "price_kilo": 1.53,
        "slug": "desodorante-spray-invisible",
        "description": "Desodorante Spray Invisible 200 ml",
        "image": "https:\/\/cdn-consum.aktiosdigitalservices.com\/tol\/consum\/media\/product\/img\/300x300\/7419406.jpg?t=20250312161209"
    },
    {
        "id": 31901,
        "name": "Caramelo Lim\u00f3n Melisa RICOLA",
        "price": 0.99,
        "price_kilo": 3.14,
        "slug": "caramelo-limon-melisa",
        "description": "Caramelo Lim\u00f3n Melisa 31,5 Gr",
        "image": "https:\/\/cdn-consum.aktiosdigitalservices.com\/tol\/consum\/media\/product\/img\/300x300\/7420474.jpg?t=20250311125311"
    },
    {
        "id": 31903,
        "name": "Caramelo Hierbas Suizas RICOLA",
        "price": 0.99,
        "price_kilo": 3.14,
        "slug": "caramelo-hierbas-suizas",
        "description": "Caramelo Hierbas Suizas 31,5 Gr",
        "image": "https:\/\/cdn-consum.aktiosdigitalservices.com\/tol\/consum\/media\/product\/img\/300x300\/7420495.jpg?t=20250311125313"
    },
    {
        "id": 31904,
        "name": "Vinagre de Arroz Botella TIGER KHAN",
        "price": 2.29,
        "price_kilo": 11.45,
        "slug": "vinagre-de-arroz-botella",
        "description": "Vinagre de Arroz Botella 200 ml",
        "image": "https:\/\/cdn-consum.aktiosdigitalservices.com\/tol\/consum\/media\/product\/img\/300x300\/7420594.jpg?t=20241217081309"
    },
    {
        "id": 31905,
        "name": "Bizcocho Tradicional de Zanahoria ",
        "price": 2.89,
        "price_kilo": 9.63,
        "slug": "bizcocho-tradicional-de-zanahoria",
        "description": "Bizcocho Tradicional de Zanahoria 300 Gr",
        "image": "https:\/\/cdn-consum.aktiosdigitalservices.com\/tol\/consum\/media\/product\/img\/300x300\/7420631.jpg?t=20250218081100"
    },
    {
        "id": 31906,
        "name": "Pan de Gamba Bolsa ZANUY",
        "price": 1.35,
        "price_kilo": 27,
        "slug": "pan-de-gamba-bolsa",
        "description": "Pan de Gamba Bolsa 50 Gr",
        "image": "https:\/\/cdn-consum.aktiosdigitalservices.com\/tol\/consum\/media\/product\/img\/300x300\/7420664.jpg?t=20250312092833"
    },
    {
        "id": 31908,
        "name": "Salsa Ligeresa LIGERESA",
        "price": 1.55,
        "price_kilo": 7.38,
        "slug": "salsa-ligeresa",
        "description": "Salsa Ligeresa 210 ml",
        "image": "https:\/\/cdn-consum.aktiosdigitalservices.com\/tol\/consum\/media\/product\/img\/300x300\/7420680.jpg?t=20250220081009"
    },
    {
        "id": 31910,
        "name": "Vino Rosado Palido Tierra de Castilla A.MERCIER",
        "price": 2.69,
        "price_kilo": 3.59,
        "slug": "vino-rosado-palido-tierra-de-castilla",
        "description": "Vino Rosado Palido Tierra de Castilla 0,75 L",
        "image": "https:\/\/cdn-consum.aktiosdigitalservices.com\/tol\/consum\/media\/product\/img\/300x300\/7420847.jpg?t=20250311125320"
    },
    {
        "id": 31912,
        "name": "Pan Original WASA",
        "price": 2.26,
        "price_kilo": 11.02,
        "slug": "pan-original",
        "description": "Pan Original 205 Gr",
        "image": "https:\/\/cdn-consum.aktiosdigitalservices.com\/tol\/consum\/media\/product\/img\/300x300\/7420938.jpg?t=20250312092833"
    },
    {
        "id": 31914,
        "name": "Chopped de Pavo sin Lactosa CAMPOFR\u00cdO",
        "price": 1,
        "price_kilo": 10.53,
        "slug": "chopped-de-pavo-sin-lactosa",
        "description": "Chopped de Pavo sin Lactosa 95 Gr",
        "image": "https:\/\/cdn-consum.aktiosdigitalservices.com\/tol\/consum\/media\/product\/img\/300x300\/7421084.jpg?t=20241217081309"
    },
    {
        "id": 31915,
        "name": "Labial N\u00ba325 Matte Ink MAYBELLINE",
        "price": 8.95,
        "price_kilo": 8.95,
        "slug": "labial-n325-matte-ink",
        "description": "Labial N\u00ba325 Matte Ink 1 U",
        "image": "https:\/\/cdn-consum.aktiosdigitalservices.com\/tol\/consum\/media\/product\/img\/300x300\/7421092.jpg?t=20250204082243"
    },
    {
        "id": 31916,
        "name": "Labial N\u00ba620 SuperStay MAYBELLINE",
        "price": 9.99,
        "price_kilo": 9.99,
        "slug": "labial-n620-superstay",
        "description": "Labial N\u00ba620 SuperStay 1 U",
        "image": "https:\/\/cdn-consum.aktiosdigitalservices.com\/tol\/consum\/media\/product\/img\/300x300\/7421118.jpg?t=20241217081309"
    },
    {
        "id": 31917,
        "name": "M\u00e1scara Sky High Waterproof MAYBELLINE",
        "price": 11.99,
        "price_kilo": 11.99,
        "slug": "mascara-sky-high-waterproof",
        "description": "M\u00e1scara Sky High Waterproof 1 U",
        "image": "https:\/\/cdn-consum.aktiosdigitalservices.com\/tol\/consum\/media\/product\/img\/300x300\/7421139.jpg?t=20250227094640"
    },
    {
        "id": 31919,
        "name": "M\u00e1scara Falsies Surreal Efecto Extensiones MAYBELLINE",
        "price": 13.99,
        "price_kilo": 13.99,
        "slug": "mascara-falsies-surreal-efecto-extensiones",
        "description": "M\u00e1scara Falsies Surreal Efecto Extensiones 1 U",
        "image": "https:\/\/cdn-consum.aktiosdigitalservices.com\/tol\/consum\/media\/product\/img\/300x300\/7421162.jpg?t=20250227094644"
    },
    {
        "id": 31920,
        "name": "Sardinillas en Tomate 6\/10 Piezas CABO PE\u00d1AS",
        "price": 1.35,
        "price_kilo": 24.11,
        "slug": "sardinillas-en-tomate-6-10-piezas",
        "description": "Sardinillas en Tomate 6\/10 Piezas 56 Gr",
        "image": "https:\/\/cdn-consum.aktiosdigitalservices.com\/tol\/consum\/media\/product\/img\/300x300\/7421204.jpg?t=20241217081309"
    },
    {
        "id": 31921,
        "name": "Tattoo Liner Ink Pen MAYBELLINE",
        "price": 8.99,
        "price_kilo": 8.99,
        "slug": "tattoo-liner-ink-pen",
        "description": "Tattoo Liner Ink Pen 1 U",
        "image": "https:\/\/cdn-consum.aktiosdigitalservices.com\/tol\/consum\/media\/product\/img\/300x300\/7421209.jpg?t=20250227094646"
    },
    {
        "id": 31923,
        "name": "Cheese Burguer BROOKLYN",
        "price": 2.62,
        "price_kilo": 12.48,
        "slug": "cheese-burguer",
        "description": "Cheese Burguer 210 Gr",
        "image": "https:\/\/cdn-consum.aktiosdigitalservices.com\/tol\/consum\/media\/product\/img\/300x300\/7421241.jpg?t=20250314121703"
    },
    {
        "id": 31924,
        "name": "Polvos SuperStay N\u00ba40 MAYBELLINE",
        "price": 14.99,
        "price_kilo": 14.99,
        "slug": "polvos-superstay-n40",
        "description": "Polvos SuperStay N\u00ba40 1 U",
        "image": "https:\/\/cdn-consum.aktiosdigitalservices.com\/tol\/consum\/media\/product\/img\/300x300\/7421258.jpg?t=20250312092834"
    },
    {
        "id": 31926,
        "name": "Polvos SuperStay N\u00ba10 MAYBELLINE",
        "price": 14.99,
        "price_kilo": 14.99,
        "slug": "polvos-superstay-n10",
        "description": "Polvos SuperStay N\u00ba10 1 U",
        "image": "https:\/\/cdn-consum.aktiosdigitalservices.com\/tol\/consum\/media\/product\/img\/300x300\/7421274.jpg?t=20250312092834"
    },
    {
        "id": 31927,
        "name": "Polvos SuperStay N\u00ba03 MAYBELLINE",
        "price": 14.99,
        "price_kilo": 14.99,
        "slug": "polvos-superstay-n03",
        "description": "Polvos SuperStay N\u00ba03 1 U",
        "image": "https:\/\/cdn-consum.aktiosdigitalservices.com\/tol\/consum\/media\/product\/img\/300x300\/7421279.jpg?t=20241217081310"
    },
    {
        "id": 31928,
        "name": "Maquillaje Mate n\u00ba130 Fit Me MAYBELLINE",
        "price": 7,
        "price_kilo": 7,
        "slug": "maquillaje-mate-n130-fit-me",
        "description": "Maquillaje Mate n\u00ba130 Fit Me 1 U",
        "image": "https:\/\/cdn-consum.aktiosdigitalservices.com\/tol\/consum\/media\/product\/img\/300x300\/7421282.jpg?t=20241217081310"
    },
    {
        "id": 31929,
        "name": "Maquillaje Mate N\u00ba120 Fit Me MAYBELLINE",
        "price": 7,
        "price_kilo": 7,
        "slug": "maquillaje-mate-n120-fit-me",
        "description": "Maquillaje Mate N\u00ba120 Fit Me 1 U",
        "image": "https:\/\/cdn-consum.aktiosdigitalservices.com\/tol\/consum\/media\/product\/img\/300x300\/7421287.jpg?t=20250312092834"
    },
    {
        "id": 31930,
        "name": "Maquillaje Mate N\u00ba115 Fit Me MAYBELLINE",
        "price": 7,
        "price_kilo": 7,
        "slug": "maquillaje-mate-n115-fit-me",
        "description": "Maquillaje Mate N\u00ba115 Fit Me 1 U",
        "image": "https:\/\/cdn-consum.aktiosdigitalservices.com\/tol\/consum\/media\/product\/img\/300x300\/7421290.jpg?t=20241217081310"
    },
    {
        "id": 31931,
        "name": "Maquillaje Mate N\u00ba220 Fit Me MAYBELLINE",
        "price": 7,
        "price_kilo": 7,
        "slug": "maquillaje-mate-n220-fit-me",
        "description": "Maquillaje Mate N\u00ba220 Fit Me 1 U",
        "image": "https:\/\/cdn-consum.aktiosdigitalservices.com\/tol\/consum\/media\/product\/img\/300x300\/7421295.jpg?t=20250312092834"
    },
    {
        "id": 31932,
        "name": "Maquillaje Mate N\u00ba112 Fit Me MAYBELLINE",
        "price": 7,
        "price_kilo": 7,
        "slug": "maquillaje-mate-n112-fit-me",
        "description": "Maquillaje Mate N\u00ba112 Fit Me 1 U",
        "image": "https:\/\/cdn-consum.aktiosdigitalservices.com\/tol\/consum\/media\/product\/img\/300x300\/7421308.jpg?t=20250312092834"
    },
    {
        "id": 31933,
        "name": "Maquillaje Mate N\u00ba110 Fit Me MAYBELLINE",
        "price": 7,
        "price_kilo": 7,
        "slug": "maquillaje-mate-n110-fit-me",
        "description": "Maquillaje Mate N\u00ba110 Fit Me 1 U",
        "image": "https:\/\/cdn-consum.aktiosdigitalservices.com\/tol\/consum\/media\/product\/img\/300x300\/7421324.jpg?t=20250312092834"
    },
    {
        "id": 31934,
        "name": "Toallitas Infantiles Cara y Manos BREVIA",
        "price": 0.95,
        "price_kilo": 0.04,
        "slug": "toallitas-infantiles-cara-y-manos",
        "description": "Toallitas Infantiles Cara y Manos 20 U",
        "image": "https:\/\/cdn-consum.aktiosdigitalservices.com\/tol\/consum\/media\/product\/img\/300x300\/7421332.jpg?t=20250227094651"
    },
    {
        "id": 31936,
        "name": "Labial Vinyl N\u00ba110 MAYBELLINE",
        "price": 11.25,
        "price_kilo": 11.25,
        "slug": "labial-vinyl-n110",
        "description": "Labial Vinyl N\u00ba110 1 U",
        "image": "https:\/\/cdn-consum.aktiosdigitalservices.com\/tol\/consum\/media\/product\/img\/300x300\/7421352.jpg?t=20241217081310"
    },
    {
        "id": 31937,
        "name": "Labial Vinyl N\u00ba125 MAYBELLINE",
        "price": 11.25,
        "price_kilo": 11.25,
        "slug": "labial-vinyl-n125",
        "description": "Labial Vinyl N\u00ba125 1 U",
        "image": "https:\/\/cdn-consum.aktiosdigitalservices.com\/tol\/consum\/media\/product\/img\/300x300\/7421365.jpg?t=20250312092834"
    },
    {
        "id": 31938,
        "name": "Labial Vinyl N\u00ba105 MAYBELLINE",
        "price": 11.25,
        "price_kilo": 11.25,
        "slug": "labial-vinyl-n105",
        "description": "Labial Vinyl N\u00ba105 1 U",
        "image": "https:\/\/cdn-consum.aktiosdigitalservices.com\/tol\/consum\/media\/product\/img\/300x300\/7421373.jpg?t=20250312092834"
    },
    {
        "id": 31940,
        "name": "Labial Vinyl N\u00ba100 MAYBELLINE",
        "price": 11.25,
        "price_kilo": 11.25,
        "slug": "labial-vinyl-n100",
        "description": "Labial Vinyl N\u00ba100 1 U",
        "image": "https:\/\/cdn-consum.aktiosdigitalservices.com\/tol\/consum\/media\/product\/img\/300x300\/7421381.jpg?t=20250312092834"
    },
    {
        "id": 31942,
        "name": "L\u00e1piz Cejas Xpress Brow N\u00ba06 Black Brown MAYBELLINE",
        "price": 3.99,
        "price_kilo": 3.99,
        "slug": "lapiz-cejas-xpress-brow-n06-black-brown",
        "description": "L\u00e1piz Cejas Xpress Brow N\u00ba06 Black Brown 1 U",
        "image": "https:\/\/cdn-consum.aktiosdigitalservices.com\/tol\/consum\/media\/product\/img\/300x300\/7421399.jpg?t=20250227094653"
    },
    {
        "id": 31943,
        "name": "Queso Rallado Pecorino Romano DOP ELITALY",
        "price": 2.07,
        "price_kilo": 34.5,
        "slug": "queso-rallado-pecorino-romano-dop",
        "description": "Queso Rallado Pecorino Romano DOP 60 Gr",
        "image": "https:\/\/cdn-consum.aktiosdigitalservices.com\/tol\/consum\/media\/product\/img\/300x300\/7421456.jpg?t=20250103082554"
    },
    {
        "id": 31944,
        "name": "L\u00e1piz Cejas Xpress Brow N\u00ba05 Deep Brown MAYBELLINE",
        "price": 3.99,
        "price_kilo": 3.99,
        "slug": "lapiz-cejas-xpress-brow-n05-deep-brown",
        "description": "L\u00e1piz Cejas Xpress Brow N\u00ba05 Deep Brown 1 U",
        "image": "https:\/\/cdn-consum.aktiosdigitalservices.com\/tol\/consum\/media\/product\/img\/300x300\/7421464.jpg?t=20250312092834"
    },
    {
        "id": 31945,
        "name": "L\u00e1piz Cejas Xpress Brow N\u00ba04 Medium Brown MAYBELLINE",
        "price": 3.99,
        "price_kilo": 3.99,
        "slug": "lapiz-cejas-xpress-brow-n04-medium-brown",
        "description": "L\u00e1piz Cejas Xpress Brow N\u00ba04 Medium Brown 1 U",
        "image": "https:\/\/cdn-consum.aktiosdigitalservices.com\/tol\/consum\/media\/product\/img\/300x300\/7421469.jpg?t=20250312092834"
    },
    {
        "id": 31946,
        "name": "Bizcocho sin Az\u00facares A\u00f1adidos ",
        "price": 2.25,
        "price_kilo": 11.25,
        "slug": "bizcocho-sin-azucares-anadidos",
        "description": "Bizcocho sin Az\u00facares A\u00f1adidos 200 Gr",
        "image": "https:\/\/cdn-consum.aktiosdigitalservices.com\/tol\/consum\/media\/product\/img\/300x300\/7421605.jpg?t=20241217081310"
    },
    {
        "id": 31951,
        "name": "Menestra de la Huerta FINDUS",
        "price": 4.99,
        "price_kilo": 7.68,
        "slug": "menestra-de-la-huerta",
        "description": "Menestra de la Huerta 650 Gr",
        "image": "https:\/\/cdn-consum.aktiosdigitalservices.com\/tol\/consum\/media\/product\/img\/300x300\/7422652.jpg?t=20250227094707"
    },
    {
        "id": 31952,
        "name": "Manopla Rizo KYREY",
        "price": 1.3,
        "price_kilo": 1.3,
        "slug": "manopla-rizo",
        "description": "Manopla Rizo 1 U",
        "image": "https:\/\/cdn-consum.aktiosdigitalservices.com\/tol\/consum\/media\/product\/img\/300x300\/7407000.jpg?t=20250204082239"
    },
    {
        "id": 31953,
        "name": "Palomitas Gouda CONSUM",
        "price": 2.99,
        "price_kilo": 7.48,
        "slug": "palomitas-gouda",
        "description": "Palomitas Gouda 400 Gr",
        "image": "https:\/\/cdn-consum.aktiosdigitalservices.com\/tol\/consum\/media\/product\/img\/300x300\/7411390.jpg?t=20250227094340"
    },
    {
        "id": 31954,
        "name": "Quitaesmalte Hidratante KYREY",
        "price": 0.99,
        "price_kilo": 0.5,
        "slug": "quitaesmalte-hidratante",
        "description": "Quitaesmalte Hidratante 200 ml",
        "image": "https:\/\/cdn-consum.aktiosdigitalservices.com\/tol\/consum\/media\/product\/img\/300x300\/7413032.jpg?t=20241217081254"
    },
    {
        "id": 31955,
        "name": "Aceite de Oliva Virgen Extra CONSUM",
        "price": 3.75,
        "price_kilo": 7.5,
        "slug": "aceite-de-oliva-virgen-extra",
        "description": "Aceite de Oliva Virgen Extra 500 ml",
        "image": "https:\/\/cdn-consum.aktiosdigitalservices.com\/tol\/consum\/media\/product\/img\/300x300\/7414787.jpg?t=20250311125235"
    },
    {
        "id": 31958,
        "name": "Barritas Roedores Verduras y Frutas BIOZOO",
        "price": 1.95,
        "price_kilo": 17.41,
        "slug": "barritas-roedores-verduras-y-frutas",
        "description": "Barritas Roedores Verduras y Frutas 112 Gr",
        "image": "https:\/\/cdn-consum.aktiosdigitalservices.com\/tol\/consum\/media\/product\/img\/300x300\/7416423.jpg?t=20241217081258"
    },
    {
        "id": 31960,
        "name": "Sal Lavavajillas Granulada DELTASAL",
        "price": 1.19,
        "price_kilo": 0.6,
        "slug": "sal-lavavajillas-granulada",
        "description": "Sal Lavavajillas Granulada 2 Kg",
        "image": "https:\/\/cdn-consum.aktiosdigitalservices.com\/tol\/consum\/media\/product\/img\/300x300\/7418692.jpg?t=20241217081306"
    },
    {
        "id": 31963,
        "name": "Desodorante Spray Go Fresh DOVE",
        "price": 3.05,
        "price_kilo": 1.53,
        "slug": "desodorante-spray-go-fresh",
        "description": "Desodorante Spray Go Fresh 200 ml",
        "image": "https:\/\/cdn-consum.aktiosdigitalservices.com\/tol\/consum\/media\/product\/img\/300x300\/7419393.jpg?t=20250227094605"
    },
    {
        "id": 31964,
        "name": "Lavavajillas M\u00e1quina Ultimate FINISH",
        "price": 9.99,
        "price_kilo": 0.31,
        "slug": "lavavajillas-maquina-ultimate",
        "description": "Lavavajillas M\u00e1quina Ultimate 32 U",
        "image": "https:\/\/cdn-consum.aktiosdigitalservices.com\/tol\/consum\/media\/product\/img\/300x300\/7419815.jpg?t=20250227094616"
    },
    {
        "id": 31967,
        "name": "Cake Lotus Biscoff ",
        "price": 9.49,
        "price_kilo": 22.87,
        "slug": "cake-lotus-biscoff",
        "description": "Cake Lotus Biscoff 415 Gr",
        "image": "https:\/\/cdn-consum.aktiosdigitalservices.com\/tol\/consum\/media\/product\/img\/300x300\/7420599.jpg?t=20250131080005"
    },
    {
        "id": 31968,
        "name": "Salsa de Ostras Botella TIGER KHAN",
        "price": 2.89,
        "price_kilo": 9.63,
        "slug": "salsa-de-ostras-botella",
        "description": "Salsa de Ostras Botella 300 ml",
        "image": "https:\/\/cdn-consum.aktiosdigitalservices.com\/tol\/consum\/media\/product\/img\/300x300\/7420602.jpg?t=20250318080639"
    },
    {
        "id": 31970,
        "name": "Surtido de Pat\u00e9s Pack de 4 IBERITOS",
        "price": 1.35,
        "price_kilo": 14.67,
        "slug": "surtido-de-pates-pack-de-4",
        "description": "Surtido de Pat\u00e9s Pack de 4 4 x 23 Gr",
        "image": "https:\/\/cdn-consum.aktiosdigitalservices.com\/tol\/consum\/media\/product\/img\/300x300\/7420672.jpg?t=20250131080007"
    },
    {
        "id": 31971,
        "name": "Salsa Ligeresa LIGERESA",
        "price": 2.35,
        "price_kilo": 5.53,
        "slug": "salsa-ligeresa",
        "description": "Salsa Ligeresa 425 ml",
        "image": "https:\/\/cdn-consum.aktiosdigitalservices.com\/tol\/consum\/media\/product\/img\/300x300\/7420693.jpg?t=20250206100442"
    },
    {
        "id": 31972,
        "name": "Rigatoni Paquete GAROFALO",
        "price": 1.79,
        "price_kilo": 3.58,
        "slug": "rigatoni-paquete",
        "description": "Rigatoni Paquete 500 Gr",
        "image": "https:\/\/cdn-consum.aktiosdigitalservices.com\/tol\/consum\/media\/product\/img\/300x300\/7421027.jpg?t=20250313081104"
    },
    {
        "id": 31973,
        "name": "Eyeliner Hyper Easy Negro Mate MAYBELLINE",
        "price": 7.99,
        "price_kilo": 7.99,
        "slug": "eyeliner-hyper-easy-negro-mate",
        "description": "Eyeliner Hyper Easy Negro Mate 1 U",
        "image": "https:\/\/cdn-consum.aktiosdigitalservices.com\/tol\/consum\/media\/product\/img\/300x300\/7421217.jpg?t=20250227094647"
    },
    {
        "id": 31978,
        "name": "Cerveza Botella Pack de 6 EST.DAMM",
        "price": 3.59,
        "price_kilo": 2.4,
        "slug": "cerveza-botella-pack-de-6",
        "description": "Cerveza Botella Pack de 6 6 x 0,25 L",
        "image": "https:\/\/cdn-consum.aktiosdigitalservices.com\/tol\/consum\/media\/product\/img\/300x300\/7421837.jpg?t=20250312130155"
    },
    {
        "id": 31979,
        "name": "Men\u00fa Tortugas Dr.Wu con Gammarus TETRA",
        "price": 2.95,
        "price_kilo": 11.8,
        "slug": "menu-tortugas-drwu-con-gammarus",
        "description": "Men\u00fa Tortugas Dr.Wu con Gammarus 250 ml",
        "image": "https:\/\/cdn-consum.aktiosdigitalservices.com\/tol\/consum\/media\/product\/img\/300x300\/7421993.jpg?t=20241217081310"
    },
    {
        "id": 31980,
        "name": "Men\u00fa Tortugas Dr.Wu en Sticks TETRA",
        "price": 4.8,
        "price_kilo": 19.2,
        "slug": "menu-tortugas-drwu-en-sticks",
        "description": "Men\u00fa Tortugas Dr.Wu en Sticks 250 ml",
        "image": "https:\/\/cdn-consum.aktiosdigitalservices.com\/tol\/consum\/media\/product\/img\/300x300\/7421998.jpg?t=20250304115804"
    },
    {
        "id": 31981,
        "name": "Emmental Franc\u00e9s Cu\u00f1a ENTREMONT",
        "price": 3.01,
        "price_kilo": 13.68,
        "slug": "emmental-frances-cuna",
        "description": "Emmental Franc\u00e9s Cu\u00f1a 220 Gr",
        "image": "https:\/\/cdn-consum.aktiosdigitalservices.com\/tol\/consum\/media\/product\/img\/300x300\/7422020.jpg?t=20250109105804"
    },
    {
        "id": 31982,
        "name": "Caramelo sin Az\u00facar Sabor Cappuccino WERTHERS",
        "price": 2.29,
        "price_kilo": 25.44,
        "slug": "caramelo-sin-azucar-sabor-cappuccino",
        "description": "Caramelo sin Az\u00facar Sabor Cappuccino 90 Gr",
        "image": "https:\/\/cdn-consum.aktiosdigitalservices.com\/tol\/consum\/media\/product\/img\/300x300\/7422087.jpg?t=20250312161224"
    },
    {
        "id": 31985,
        "name": "Arroz Inflado Choco Sin Gluten CERID\u00c9S",
        "price": 2.39,
        "price_kilo": 4.78,
        "slug": "arroz-inflado-choco-sin-gluten",
        "description": "Arroz Inflado Choco Sin Gluten 500 Gr",
        "image": "https:\/\/cdn-consum.aktiosdigitalservices.com\/tol\/consum\/media\/product\/img\/300x300\/7422629.jpg?t=20250311112645"
    },
    {
        "id": 31986,
        "name": "Cereales Choco Chips Sin Gluten CERID\u00c9S",
        "price": 1.99,
        "price_kilo": 3.98,
        "slug": "cereales-choco-chips-sin-gluten",
        "description": "Cereales Choco Chips Sin Gluten 500 Gr",
        "image": "https:\/\/cdn-consum.aktiosdigitalservices.com\/tol\/consum\/media\/product\/img\/300x300\/7422632.jpg?t=20250312092834"
    },
    {
        "id": 31994,
        "name": "Cereales Crispy Minis Chocolate WEETABIX",
        "price": 4.19,
        "price_kilo": 8.38,
        "slug": "cereales-crispy-minis-chocolate",
        "description": "Cereales Crispy Minis Chocolate 500 Gr",
        "image": "https:\/\/cdn-consum.aktiosdigitalservices.com\/tol\/consum\/media\/product\/img\/300x300\/7422780.jpg?t=20250311112650"
    },
    {
        "id": 31995,
        "name": "La Gula del Norte con Gambas GULA NORTE",
        "price": 3.59,
        "price_kilo": 27.61,
        "slug": "la-gula-del-norte-con-gambas",
        "description": "La Gula del Norte con Gambas 130 Gr",
        "image": "https:\/\/cdn-consum.aktiosdigitalservices.com\/tol\/consum\/media\/product\/img\/300x300\/7422884.jpg?t=20250227094711"
    },
    {
        "id": 31997,
        "name": "Limpiador Concentrado LAS 3 BRUJAS",
        "price": 2.85,
        "price_kilo": 2.85,
        "slug": "limpiador-concentrado",
        "description": "Limpiador Concentrado 1 L",
        "image": "https:\/\/cdn-consum.aktiosdigitalservices.com\/tol\/consum\/media\/product\/img\/300x300\/7422897.jpg?t=20241217081311"
    },
    {
        "id": 31998,
        "name": "Filete Pechuga de Pollo Empanado NATURAVIA",
        "price": 4.35,
        "price_kilo": 8.69,
        "slug": "filete-pechuga-de-pollo-empanado",
        "description": "Filete Pechuga de Pollo Empanado",
        "image": "https:\/\/cdn-consum.aktiosdigitalservices.com\/tol\/consum\/media\/product\/img\/300x300\/7422447.jpg?t=20241217081310"
    },
    {
        "id": 31999,
        "name": "Solomillo Pollo Empanado NATURAVIA",
        "price": 4.78,
        "price_kilo": 9.55,
        "slug": "solomillo-pollo-empanado",
        "description": "Solomillo Pollo Empanado",
        "image": "https:\/\/cdn-consum.aktiosdigitalservices.com\/tol\/consum\/media\/product\/img\/300x300\/7422462.jpg?t=20250218081107"
    },
    {
        "id": 32000,
        "name": "Alas Crunchy Chicken NATURAVIA",
        "price": 3.3,
        "price_kilo": 6.59,
        "slug": "alas-crunchy-chicken",
        "description": "Alas Crunchy Chicken",
        "image": "https:\/\/cdn-consum.aktiosdigitalservices.com\/tol\/consum\/media\/product\/img\/300x300\/7422483.jpg?t=20250318080650"
    },
    {
        "id": 32002,
        "name": "Almendra Tostada Sin Sal Bolsa CONSUM",
        "price": 3.25,
        "price_kilo": 16.25,
        "slug": "almendra-tostada-sin-sal-bolsa",
        "description": "Almendra Tostada Sin Sal Bolsa 200 Gr",
        "image": "https:\/\/cdn-consum.aktiosdigitalservices.com\/tol\/consum\/media\/product\/img\/300x300\/7410348.jpg?t=20250221080145"
    },
    {
        "id": 32003,
        "name": "Tarrina Stawberry Cheesecake CONSUM",
        "price": 3.15,
        "price_kilo": 9,
        "slug": "tarrina-stawberry-cheesecake",
        "description": "Tarrina Stawberry Cheesecake 350 Gr",
        "image": "https:\/\/cdn-consum.aktiosdigitalservices.com\/tol\/consum\/media\/product\/img\/300x300\/7412455.jpg?t=20250304115754"
    },
    {
        "id": 32007,
        "name": "Desodorante Roll-on Zero DOVE",
        "price": 3.05,
        "price_kilo": 6.1,
        "slug": "desodorante-roll-on-zero",
        "description": "Desodorante Roll-on Zero 50 ml",
        "image": "https:\/\/cdn-consum.aktiosdigitalservices.com\/tol\/consum\/media\/product\/img\/300x300\/7419369.jpg?t=20250206100340"
    },
    {
        "id": 32008,
        "name": "Bebida Energ\u00e9tica Baya de Junio Lata RED BULL",
        "price": 1,
        "price_kilo": 4,
        "slug": "bebida-energetica-baya-de-junio-lata",
        "description": "Bebida Energ\u00e9tica Baya de Junio Lata 0,25 L",
        "image": "https:\/\/cdn-consum.aktiosdigitalservices.com\/tol\/consum\/media\/product\/img\/300x300\/7419732.jpg?t=20250319080014"
    },
    {
        "id": 32018,
        "name": "Paletilla de Cordero ",
        "price": 23.95,
        "price_kilo": 23.95,
        "slug": "paletilla-de-cordero",
        "description": "Paletilla de Cordero",
        "image": "https:\/\/cdn-consum.aktiosdigitalservices.com\/tol\/consum\/media\/product\/img\/300x300\/7420529.jpg?t=20250322080042"
    },
    {
        "id": 32019,
        "name": "Chuletillas de Cordero ",
        "price": 2.32,
        "price_kilo": 28.99,
        "slug": "chuletillas-de-cordero",
        "description": "Chuletillas de Cordero",
        "image": "https:\/\/cdn-consum.aktiosdigitalservices.com\/tol\/consum\/media\/product\/img\/300x300\/7420532.jpg?t=20250322080044"
    },
    {
        "id": 32020,
        "name": "Chuletas de Pierna ",
        "price": 2.18,
        "price_kilo": 20.7,
        "slug": "chuletas-de-pierna",
        "description": "Chuletas de Pierna",
        "image": "https:\/\/cdn-consum.aktiosdigitalservices.com\/tol\/consum\/media\/product\/img\/300x300\/7420979.jpg?t=20250318081003"
    },
    {
        "id": 32021,
        "name": "Chuletas de Paletilla ",
        "price": 1.45,
        "price_kilo": 24.25,
        "slug": "chuletas-de-paletilla",
        "description": "Chuletas de Paletilla",
        "image": "https:\/\/cdn-consum.aktiosdigitalservices.com\/tol\/consum\/media\/product\/img\/300x300\/7420987.jpg?t=20250312092833"
    },
    {
        "id": 32023,
        "name": "Rulo de Cabra 100% G.BAQUERO",
        "price": 16.9,
        "price_kilo": 16.9,
        "slug": "rulo-de-cabra-100",
        "description": "Rulo de Cabra 100%",
        "image": "https:\/\/cdn-consum.aktiosdigitalservices.com\/tol\/consum\/media\/product\/img\/300x300\/7421584.jpg?t=20250121080826"
    },
    {
        "id": 32028,
        "name": "Colonia N\u00ba16 Flor Ex\u00f3tica Aguas Intensas V&L V&L",
        "price": 13.95,
        "price_kilo": 93,
        "slug": "colonia-n16-flor-exotica-aguas-intensas-vl",
        "description": "Colonia N\u00ba16 Flor Ex\u00f3tica Aguas Intensas V&L 150 ml",
        "image": "https:\/\/cdn-consum.aktiosdigitalservices.com\/tol\/consum\/media\/product\/img\/300x300\/7421642.jpg?t=20250312092834"
    },
    {
        "id": 32030,
        "name": "Filipino Chocolate Blanco + 35g Gratis ARTIACH",
        "price": 1.9,
        "price_kilo": 14.84,
        "slug": "filipino-chocolate-blanco-35g-gratis",
        "description": "Filipino Chocolate Blanco + 35g Gratis 128 Gr",
        "image": "https:\/\/cdn-consum.aktiosdigitalservices.com\/tol\/consum\/media\/product\/img\/300x300\/7422025.jpg?t=20250311112638"
    },
    {
        "id": 32031,
        "name": "Filipino Chocolate Negro + 35g Gratis ARTIACH",
        "price": 1.9,
        "price_kilo": 14.84,
        "slug": "filipino-chocolate-negro-35g-gratis",
        "description": "Filipino Chocolate Negro + 35g Gratis 128 Gr",
        "image": "https:\/\/cdn-consum.aktiosdigitalservices.com\/tol\/consum\/media\/product\/img\/300x300\/7422033.jpg?t=20250311112640"
    },
    {
        "id": 32032,
        "name": "Aceite de Oliva Virgen Extra Cristal FINCA BADENE",
        "price": 5.99,
        "price_kilo": 11.98,
        "slug": "aceite-de-oliva-virgen-extra-cristal",
        "description": "Aceite de Oliva Virgen Extra Cristal 500 ml",
        "image": "https:\/\/cdn-consum.aktiosdigitalservices.com\/tol\/consum\/media\/product\/img\/300x300\/7422038.jpg?t=20250211080412"
    },
    {
        "id": 32033,
        "name": "Aceite de Oliva Virgen Extra AIRES",
        "price": 7.85,
        "price_kilo": 7.85,
        "slug": "aceite-de-oliva-virgen-extra",
        "description": "Aceite de Oliva Virgen Extra 1 L",
        "image": "https:\/\/cdn-consum.aktiosdigitalservices.com\/tol\/consum\/media\/product\/img\/300x300\/7422041.jpg?t=20250313081106"
    },
    {
        "id": 32037,
        "name": "Men\u00fa Peces Tropicales Dr. Wo TETRA",
        "price": 3.1,
        "price_kilo": 12.4,
        "slug": "menu-peces-tropicales-dr-wo",
        "description": "Men\u00fa Peces Tropicales Dr. Wo 250 ml",
        "image": "https:\/\/cdn-consum.aktiosdigitalservices.com\/tol\/consum\/media\/product\/img\/300x300\/7422504.jpg?t=20250312092834"
    },
    {
        "id": 32039,
        "name": "Cerveza Holandesa Lata HEINEKEN",
        "price": 1.49,
        "price_kilo": 2.98,
        "slug": "cerveza-holandesa-lata",
        "description": "Cerveza Holandesa Lata 0,5 L",
        "image": "https:\/\/cdn-consum.aktiosdigitalservices.com\/tol\/consum\/media\/product\/img\/300x300\/7422850.jpg?t=20250228080631"
    },
    {
        "id": 32040,
        "name": "Cerveza Lata EL \u00c1GUILA",
        "price": 1.25,
        "price_kilo": 2.5,
        "slug": "cerveza-lata",
        "description": "Cerveza Lata 0,5 L",
        "image": "https:\/\/cdn-consum.aktiosdigitalservices.com\/tol\/consum\/media\/product\/img\/300x300\/7422855.jpg?t=20250228080632"
    },
    {
        "id": 32041,
        "name": "Cerveza sin Filtrar Lata EL \u00c1GUILA",
        "price": 1.49,
        "price_kilo": 2.98,
        "slug": "cerveza-sin-filtrar-lata",
        "description": "Cerveza sin Filtrar Lata 0,5 L",
        "image": "https:\/\/cdn-consum.aktiosdigitalservices.com\/tol\/consum\/media\/product\/img\/300x300\/7422863.jpg?t=20250228080633"
    },
    {
        "id": 32043,
        "name": "Classic Filet Pack 2 unidades GARDEN GOURM",
        "price": 3.79,
        "price_kilo": 25.27,
        "slug": "classic-filet-pack-2-unidades",
        "description": "Classic Filet Pack 2 unidades 150 Gr",
        "image": "https:\/\/cdn-consum.aktiosdigitalservices.com\/tol\/consum\/media\/product\/img\/300x300\/7422876.jpg?t=20250109105820"
    },
    {
        "id": 32048,
        "name": "Cerveza Ros\u00e9 Lata MAHOU",
        "price": 0.76,
        "price_kilo": 2.3,
        "slug": "cerveza-rose-lata",
        "description": "Cerveza Ros\u00e9 Lata 0,33 L",
        "image": "https:\/\/cdn-consum.aktiosdigitalservices.com\/tol\/consum\/media\/product\/img\/300x300\/7423002.jpg?t=20250312130202"
    },
    {
        "id": 32050,
        "name": "Tellinas Congeladas MARINES",
        "price": 4.95,
        "price_kilo": 19.8,
        "slug": "tellinas-congeladas",
        "description": "Tellinas Congeladas 250 Gr",
        "image": "https:\/\/cdn-consum.aktiosdigitalservices.com\/tol\/consum\/media\/product\/img\/300x300\/7423023.jpg?t=20250318080653"
    },
    {
        "id": 32051,
        "name": "Champ\u00fa Anticaspa Mentol ANIAN",
        "price": 2.99,
        "price_kilo": 0.75,
        "slug": "champu-anticaspa-mentol",
        "description": "Champ\u00fa Anticaspa Mentol 400 ml",
        "image": "https:\/\/cdn-consum.aktiosdigitalservices.com\/tol\/consum\/media\/product\/img\/300x300\/7423056.jpg?t=20250213080538"
    },
    {
        "id": 32052,
        "name": "Champ\u00fa Anticaspa Cl\u00e1sico ANIAN",
        "price": 2.99,
        "price_kilo": 0.75,
        "slug": "champu-anticaspa-clasico",
        "description": "Champ\u00fa Anticaspa Cl\u00e1sico 400 ml",
        "image": "https:\/\/cdn-consum.aktiosdigitalservices.com\/tol\/consum\/media\/product\/img\/300x300\/7423064.jpg?t=20250213080539"
    },
    {
        "id": 32057,
        "name": "Detergente En Polvo DIXAN",
        "price": 4.25,
        "price_kilo": 0.35,
        "slug": "detergente-en-polvo",
        "description": "Detergente En Polvo 12 Lv",
        "image": "https:\/\/cdn-consum.aktiosdigitalservices.com\/tol\/consum\/media\/product\/img\/300x300\/7423254.jpg?t=20250204081757"
    },
    {
        "id": 32058,
        "name": "Detergente L\u00edquido DIXAN",
        "price": 14.65,
        "price_kilo": 0.2,
        "slug": "detergente-liquido",
        "description": "Detergente L\u00edquido 72 Lv",
        "image": "https:\/\/cdn-consum.aktiosdigitalservices.com\/tol\/consum\/media\/product\/img\/300x300\/7423259.jpg?t=20250227094718"
    },
    {
        "id": 32059,
        "name": "Detergente L\u00edquido Adi\u00f3s Al Separar DIXAN",
        "price": 8.79,
        "price_kilo": 0.22,
        "slug": "detergente-liquido-adios-al-separar",
        "description": "Detergente L\u00edquido Adi\u00f3s Al Separar 40 Lv",
        "image": "https:\/\/cdn-consum.aktiosdigitalservices.com\/tol\/consum\/media\/product\/img\/300x300\/7423262.jpg?t=20250312161238"
    },
    {
        "id": 32060,
        "name": "Filete Extra A\u00f1ojo ",
        "price": 4.5,
        "price_kilo": 22.5,
        "slug": "filete-extra-anojo",
        "description": "Filete Extra A\u00f1ojo",
        "image": "https:\/\/cdn-consum.aktiosdigitalservices.com\/tol\/consum\/media\/product\/img\/300x300\/7423346.jpg?t=20250320080251"
    },
    {
        "id": 32063,
        "name": "Combinado Whisky Cola Lata COCA-COLA",
        "price": 2.75,
        "price_kilo": 8.33,
        "slug": "combinado-whisky-cola-lata",
        "description": "Combinado Whisky Cola Lata 0,33 L",
        "image": "https:\/\/cdn-consum.aktiosdigitalservices.com\/tol\/consum\/media\/product\/img\/300x300\/7423361.jpg?t=20250109105842"
    },
    {
        "id": 32064,
        "name": "Batido de Cacao Energy Botell\u00edn Pack de 4 COLA CAO",
        "price": 2.65,
        "price_kilo": 3.52,
        "slug": "batido-de-cacao-energy-botellin-pack-de-4",
        "description": "Batido de Cacao Energy Botell\u00edn Pack de 4 4 x 188 ml",
        "image": "https:\/\/cdn-consum.aktiosdigitalservices.com\/tol\/consum\/media\/product\/img\/300x300\/7423366.jpg?t=20250311112705"
    },
    {
        "id": 32066,
        "name": "Cordero al Tajo Cuartos ",
        "price": 62.12,
        "price_kilo": 20.5,
        "slug": "cordero-al-tajo-cuartos",
        "description": "Cordero al Tajo Cuartos",
        "image": "https:\/\/cdn-consum.aktiosdigitalservices.com\/tol\/consum\/media\/product\/img\/300x300\/7420581.jpg?t=20250108081720"
    },
    {
        "id": 32067,
        "name": "Lentejas R\u00e1pidas Paquete CONSUM",
        "price": 2.28,
        "price_kilo": 2.28,
        "slug": "lentejas-rapidas-paquete",
        "description": "Lentejas R\u00e1pidas Paquete 1 Kg",
        "image": "https:\/\/cdn-consum.aktiosdigitalservices.com\/tol\/consum\/media\/product\/img\/300x300\/7415040.jpg?t=20250103082504"
    },
    {
        "id": 32068,
        "name": "Miel Naranjo Dosificador CONSUM",
        "price": 4.05,
        "price_kilo": 8.1,
        "slug": "miel-naranjo-dosificador",
        "description": "Miel Naranjo Dosificador 500 Gr",
        "image": "https:\/\/cdn-consum.aktiosdigitalservices.com\/tol\/consum\/media\/product\/img\/300x300\/7416071.jpg?t=20250311112512"
    },
    {
        "id": 32070,
        "name": "Crema D\u00eda Jelly Aloe Hialur\u00f3nico GARNIER",
        "price": 12.99,
        "price_kilo": 25.98,
        "slug": "crema-dia-jelly-aloe-hialuronico",
        "description": "Crema D\u00eda Jelly Aloe Hialur\u00f3nico 50 ml",
        "image": "https:\/\/cdn-consum.aktiosdigitalservices.com\/tol\/consum\/media\/product\/img\/300x300\/7417439.jpg?t=20241217081259"
    },
    {
        "id": 32071,
        "name": "Limonada FRUTAE",
        "price": 0.99,
        "price_kilo": 3,
        "slug": "limonada",
        "description": "Limonada 330 ml",
        "image": "https:\/\/cdn-consum.aktiosdigitalservices.com\/tol\/consum\/media\/product\/img\/300x300\/7418072.jpg?t=20250312092832"
    },
    {
        "id": 32110,
        "name": "Patatas Fritas Gourmet Bolsa LOLITA",
        "price": 1.79,
        "price_kilo": 11.93,
        "slug": "patatas-fritas-gourmet-bolsa",
        "description": "Patatas Fritas Gourmet Bolsa 150 Gr",
        "image": "https:\/\/cdn-consum.aktiosdigitalservices.com\/tol\/consum\/media\/product\/img\/300x300\/7419484.jpg?t=20250109105706"
    },
    {
        "id": 32155,
        "name": "Salsa Soja Baja en Sal y Sin Gluten TIGER KHAN",
        "price": 1.69,
        "price_kilo": 11.27,
        "slug": "salsa-soja-baja-en-sal-y-sin-gluten",
        "description": "Salsa Soja Baja en Sal y Sin Gluten 150 ml",
        "image": "https:\/\/cdn-consum.aktiosdigitalservices.com\/tol\/consum\/media\/product\/img\/300x300\/7420540.jpg?t=20250227094635"
    },
    {
        "id": 32157,
        "name": "M\u00e1scara Falsies Surreal Waterproof MAYBELLINE",
        "price": 13.99,
        "price_kilo": 13.99,
        "slug": "mascara-falsies-surreal-waterproof",
        "description": "M\u00e1scara Falsies Surreal Waterproof 1 U",
        "image": "https:\/\/cdn-consum.aktiosdigitalservices.com\/tol\/consum\/media\/product\/img\/300x300\/7421154.jpg?t=20250312092834"
    },
    {
        "id": 32158,
        "name": "Tattoo Liner Gris Smokey MAYBELLINE",
        "price": 7.49,
        "price_kilo": 7.49,
        "slug": "tattoo-liner-gris-smokey",
        "description": "Tattoo Liner Gris Smokey 1 U",
        "image": "https:\/\/cdn-consum.aktiosdigitalservices.com\/tol\/consum\/media\/product\/img\/300x300\/7421188.jpg?t=20250312092834"
    },
    {
        "id": 32162,
        "name": "L\u00e1piz Cejas Xpress Brow N\u00ba03 Soft Brown MAYBELLINE",
        "price": 3.99,
        "price_kilo": 3.99,
        "slug": "lapiz-cejas-xpress-brow-n03-soft-brown",
        "description": "L\u00e1piz Cejas Xpress Brow N\u00ba03 Soft Brown 1 U",
        "image": "https:\/\/cdn-consum.aktiosdigitalservices.com\/tol\/consum\/media\/product\/img\/300x300\/7421472.jpg?t=20250312092834"
    },
    {
        "id": 32163,
        "name": "L\u00e1piz Cejas Xpress Brow N\u00ba02 Blonde MAYBELLINE",
        "price": 3.99,
        "price_kilo": 3.99,
        "slug": "lapiz-cejas-xpress-brow-n02-blonde",
        "description": "L\u00e1piz Cejas Xpress Brow N\u00ba02 Blonde 1 U",
        "image": "https:\/\/cdn-consum.aktiosdigitalservices.com\/tol\/consum\/media\/product\/img\/300x300\/7421480.jpg?t=20250312092834"
    },
    {
        "id": 32166,
        "name": "Sticks de Galleta Cubiertas de Chocolate MILKA",
        "price": 1.99,
        "price_kilo": 17.77,
        "slug": "sticks-de-galleta-cubiertas-de-chocolate",
        "description": "Sticks de Galleta Cubiertas de Chocolate 112 Gr",
        "image": "https:\/\/cdn-consum.aktiosdigitalservices.com\/tol\/consum\/media\/product\/img\/300x300\/7421717.jpg?t=20250311112631"
    },
    {
        "id": 32167,
        "name": "Men\u00fa para Peces de Agua Fria Dr. Wu TETRA",
        "price": 2.5,
        "price_kilo": 10,
        "slug": "menu-para-peces-de-agua-fria-dr-wu",
        "description": "Men\u00fa para Peces de Agua Fria Dr. Wu 250 ml",
        "image": "https:\/\/cdn-consum.aktiosdigitalservices.com\/tol\/consum\/media\/product\/img\/300x300\/7422496.jpg?t=20250225080414"
    },
    {
        "id": 32168,
        "name": "Vino Tinto Garnacha D.O. Utiel Requena NEBLA",
        "price": 3.99,
        "price_kilo": 5.32,
        "slug": "vino-tinto-garnacha-do-utiel-requena",
        "description": "Vino Tinto Garnacha D.O. Utiel Requena 0,75 L",
        "image": "https:\/\/cdn-consum.aktiosdigitalservices.com\/tol\/consum\/media\/product\/img\/300x300\/7422801.jpg?t=20250320080244"
    },
    {
        "id": 32169,
        "name": "Vino Blanco Chardonnay D.O. Utiel Requena NEBLA",
        "price": 3.99,
        "price_kilo": 5.32,
        "slug": "vino-blanco-chardonnay-do-utiel-requena",
        "description": "Vino Blanco Chardonnay D.O. Utiel Requena 0,75 L",
        "image": "https:\/\/cdn-consum.aktiosdigitalservices.com\/tol\/consum\/media\/product\/img\/300x300\/7422806.jpg?t=20250320080245"
    },
    {
        "id": 32171,
        "name": "Licor de Manzana Verde sin Alcohol CALIBRE 38",
        "price": 2.8,
        "price_kilo": 4,
        "slug": "licor-de-manzana-verde-sin-alcohol",
        "description": "Licor de Manzana Verde sin Alcohol 0,7 L",
        "image": "https:\/\/cdn-consum.aktiosdigitalservices.com\/tol\/consum\/media\/product\/img\/300x300\/7422843.jpg?t=20250213080534"
    },
    {
        "id": 32172,
        "name": "Licor de Mora sin Alcohol CALIBRE 38",
        "price": 2.8,
        "price_kilo": 4,
        "slug": "licor-de-mora-sin-alcohol",
        "description": "Licor de Mora sin Alcohol 0,7 L",
        "image": "https:\/\/cdn-consum.aktiosdigitalservices.com\/tol\/consum\/media\/product\/img\/300x300\/7422848.jpg?t=20250312092835"
    },
    {
        "id": 32175,
        "name": "T\u00f3nica Mediterr\u00e1nea Botella de Cristal FEVER TREE",
        "price": 1.62,
        "price_kilo": 8.1,
        "slug": "tonica-mediterranea-botella-de-cristal",
        "description": "T\u00f3nica Mediterr\u00e1nea Botella de Cristal 0,2 L",
        "image": "https:\/\/cdn-consum.aktiosdigitalservices.com\/tol\/consum\/media\/product\/img\/300x300\/7423044.jpg?t=20250320080247"
    },
    {
        "id": 32176,
        "name": "T\u00f3nica Indian Botella de Cristal FEVER TREE",
        "price": 1.62,
        "price_kilo": 8.1,
        "slug": "tonica-indian-botella-de-cristal",
        "description": "T\u00f3nica Indian Botella de Cristal 0,2 L",
        "image": "https:\/\/cdn-consum.aktiosdigitalservices.com\/tol\/consum\/media\/product\/img\/300x300\/7423051.jpg?t=20250320080250"
    },
    {
        "id": 32178,
        "name": "Galleta Napolitana CUETARA",
        "price": 2.79,
        "price_kilo": 6.55,
        "slug": "galleta-napolitana",
        "description": "Galleta Napolitana 426 Gr",
        "image": "https:\/\/cdn-consum.aktiosdigitalservices.com\/tol\/consum\/media\/product\/img\/300x300\/7423168.jpg?t=20250311134813"
    },
    {
        "id": 32179,
        "name": "Queso Tierno Mezcla Mini GRANJA LUZ",
        "price": 8.27,
        "price_kilo": 8.27,
        "slug": "queso-tierno-mezcla-mini",
        "description": "Queso Tierno Mezcla Mini",
        "image": "https:\/\/cdn-consum.aktiosdigitalservices.com\/tol\/consum\/media\/product\/img\/300x300\/7423189.jpg?t=20250319080024"
    },
    {
        "id": 32180,
        "name": "Caf\u00e9 Descafeinado Doypack NESCAFE",
        "price": 3.2,
        "price_kilo": 42.67,
        "slug": "cafe-descafeinado-doypack",
        "description": "Caf\u00e9 Descafeinado Doypack 75 Gr",
        "image": "https:\/\/cdn-consum.aktiosdigitalservices.com\/tol\/consum\/media\/product\/img\/300x300\/7423275.jpg?t=20250311134816"
    },
    {
        "id": 32181,
        "name": "Caf\u00e9 Natural Doypack NESCAFE",
        "price": 3.2,
        "price_kilo": 42.67,
        "slug": "cafe-natural-doypack",
        "description": "Caf\u00e9 Natural Doypack 75 Gr",
        "image": "https:\/\/cdn-consum.aktiosdigitalservices.com\/tol\/consum\/media\/product\/img\/300x300\/7423288.jpg?t=20250311134818"
    },
    {
        "id": 32183,
        "name": "Pasta Junior Fresa Fluor + Calcio  Tubo LACER",
        "price": 4.75,
        "price_kilo": 6.33,
        "slug": "pasta-junior-fresa-fluor-calcio-tubo",
        "description": "Pasta Junior Fresa Fluor + Calcio  Tubo 75 ml",
        "image": "https:\/\/cdn-consum.aktiosdigitalservices.com\/tol\/consum\/media\/product\/img\/300x300\/7423408.jpg?t=20250227094719"
    },
    {
        "id": 32191,
        "name": "Vodka y Lim\u00f3n ICE Lata SMIRNOFF",
        "price": 1.79,
        "price_kilo": 7.16,
        "slug": "vodka-y-limon-ice-lata",
        "description": "Vodka y Lim\u00f3n ICE Lata 0,25 L",
        "image": "https:\/\/cdn-consum.aktiosdigitalservices.com\/tol\/consum\/media\/product\/img\/300x300\/7423622.jpg?t=20250312092835"
    },
    {
        "id": 32192,
        "name": "Cachaza 51",
        "price": 14.75,
        "price_kilo": 21.07,
        "slug": "cachaza",
        "description": "Cachaza 0,7 L",
        "image": "https:\/\/cdn-consum.aktiosdigitalservices.com\/tol\/consum\/media\/product\/img\/300x300\/7423627.jpg?t=20250312092835"
    },
    {
        "id": 32201,
        "name": "Chirla Malla Peso Aproximado 350g ",
        "price": 3.05,
        "price_kilo": 8.71,
        "slug": "chirla-malla-peso-aproximado-350g",
        "description": "Chirla Malla Peso Aproximado 350g 0,35 Kg",
        "image": "https:\/\/cdn-consum.aktiosdigitalservices.com\/tol\/consum\/media\/product\/img\/300x300\/7423593.jpg?t=20250318080656"
    },
    {
        "id": 32202,
        "name": "Ossobuco de A\u00f1ojo ",
        "price": 6.2,
        "price_kilo": 15.5,
        "slug": "ossobuco-de-anojo",
        "description": "Ossobuco de A\u00f1ojo",
        "image": "https:\/\/cdn-consum.aktiosdigitalservices.com\/tol\/consum\/media\/product\/img\/300x300\/917914.jpg?t=20250322075716"
    },
    {
        "id": 32204,
        "name": "Filete Tierno de Ternera Gallega ",
        "price": 2.98,
        "price_kilo": 19.95,
        "slug": "filete-tierno-de-ternera-gallega",
        "description": "Filete Tierno de Ternera Gallega",
        "image": "https:\/\/cdn-consum.aktiosdigitalservices.com\/tol\/consum\/media\/product\/img\/300x300\/7238277.jpg?t=20250321075853"
    },
    {
        "id": 32229,
        "name": "S\u00e1ndwich Vainilla Cookies Vegano x4 CONSUM",
        "price": 2.99,
        "price_kilo": 10.99,
        "slug": "sandwich-vainilla-cookies-vegano-x4",
        "description": "S\u00e1ndwich Vainilla Cookies Vegano x4 272 Gr",
        "image": "https:\/\/cdn-consum.aktiosdigitalservices.com\/tol\/consum\/media\/product\/img\/300x300\/7412476.jpg?t=20250315075913"
    },
    {
        "id": 32230,
        "name": "Bomb\u00f3n Avellana Cacao Pack de 4 CONSUM",
        "price": 1.99,
        "price_kilo": 9.75,
        "slug": "bombon-avellana-cacao-pack-de-4",
        "description": "Bomb\u00f3n Avellana Cacao Pack de 4 204 Gr",
        "image": "https:\/\/cdn-consum.aktiosdigitalservices.com\/tol\/consum\/media\/product\/img\/300x300\/7413300.jpg?t=20250312130117"
    },
    {
        "id": 32232,
        "name": "Miel Romero Dosificador CONSUM",
        "price": 4.75,
        "price_kilo": 9.5,
        "slug": "miel-romero-dosificador",
        "description": "Miel Romero Dosificador 500 Gr",
        "image": "https:\/\/cdn-consum.aktiosdigitalservices.com\/tol\/consum\/media\/product\/img\/300x300\/7416068.jpg?t=20250311112510"
    },
    {
        "id": 32233,
        "name": "Gel Natural Prebiotic Atopiderm SANEX",
        "price": 3.99,
        "price_kilo": 0.67,
        "slug": "gel-natural-prebiotic-atopiderm",
        "description": "Gel Natural Prebiotic Atopiderm 600 ml",
        "image": "https:\/\/cdn-consum.aktiosdigitalservices.com\/tol\/consum\/media\/product\/img\/300x300\/7418122.jpg?t=20250227094541"
    },
    {
        "id": 32234,
        "name": "Caff\u00e8 Latte Espresso NESCAFE",
        "price": 1.25,
        "price_kilo": 6.1,
        "slug": "caffe-latte-espresso",
        "description": "Caff\u00e8 Latte Espresso 205 ml",
        "image": "https:\/\/cdn-consum.aktiosdigitalservices.com\/tol\/consum\/media\/product\/img\/300x300\/7418622.jpg?t=20250312130141"
    },
    {
        "id": 32235,
        "name": "Caff\u00e8 Latte Cappuccino Descafeinado NESCAFE",
        "price": 1.25,
        "price_kilo": 6.1,
        "slug": "caffe-latte-cappuccino-descafeinado",
        "description": "Caff\u00e8 Latte Cappuccino Descafeinado 205 ml",
        "image": "https:\/\/cdn-consum.aktiosdigitalservices.com\/tol\/consum\/media\/product\/img\/300x300\/7418635.jpg?t=20250227094545"
    },
    {
        "id": 32250,
        "name": "Pasta Filo JR",
        "price": 2.69,
        "price_kilo": 10.76,
        "slug": "pasta-filo",
        "description": "Pasta Filo 250 Gr",
        "image": "https:\/\/cdn-consum.aktiosdigitalservices.com\/tol\/consum\/media\/product\/img\/300x300\/7422744.jpg?t=20250109105814"
    },
    {
        "id": 32256,
        "name": "Burger Pollo y Verduras CONSUM",
        "price": 2.65,
        "price_kilo": 11.04,
        "slug": "burger-pollo-y-verduras",
        "description": "Burger Pollo y Verduras 240 Gr",
        "image": "https:\/\/cdn-consum.aktiosdigitalservices.com\/tol\/consum\/media\/product\/img\/300x300\/7422830.jpg?t=20241217081311"
    },
    {
        "id": 32262,
        "name": "Queso Curado Mezcla Mini GRANJA LUZ",
        "price": 9.84,
        "price_kilo": 10.92,
        "slug": "queso-curado-mezcla-mini",
        "description": "Queso Curado Mezcla Mini",
        "image": "https:\/\/cdn-consum.aktiosdigitalservices.com\/tol\/consum\/media\/product\/img\/300x300\/7423197.jpg?t=20250319080025"
    },
    {
        "id": 32263,
        "name": "Detergente C\u00e1psulas Trio Caps DIXAN",
        "price": 8.79,
        "price_kilo": 0.37,
        "slug": "detergente-capsulas-trio-caps",
        "description": "Detergente C\u00e1psulas Trio Caps 24 Lv",
        "image": "https:\/\/cdn-consum.aktiosdigitalservices.com\/tol\/consum\/media\/product\/img\/300x300\/7423226.jpg?t=20250227094716"
    },
    {
        "id": 32265,
        "name": "Empanada Redonda Tomate, At\u00fan y Huevo ",
        "price": 3.99,
        "price_kilo": 9.5,
        "slug": "empanada-redonda-tomate-atun-y-huevo",
        "description": "Empanada Redonda Tomate, At\u00fan y Huevo 420 Gr",
        "image": "https:\/\/cdn-consum.aktiosdigitalservices.com\/tol\/consum\/media\/product\/img\/300x300\/7423379.jpg?t=20250322080047"
    },
    {
        "id": 32266,
        "name": "Pasta Enc\u00edas Delicadas Duplo LACER",
        "price": 12.75,
        "price_kilo": 5.1,
        "slug": "pasta-encias-delicadas-duplo",
        "description": "Pasta Enc\u00edas Delicadas Duplo 250 ml",
        "image": "https:\/\/cdn-consum.aktiosdigitalservices.com\/tol\/consum\/media\/product\/img\/300x300\/7423387.jpg?t=20250218081416"
    },
    {
        "id": 32267,
        "name": "Pasta Triple Acci\u00f3n Duplo LACER",
        "price": 13.95,
        "price_kilo": 5.58,
        "slug": "pasta-triple-accion-duplo",
        "description": "Pasta Triple Acci\u00f3n Duplo 250 ml",
        "image": "https:\/\/cdn-consum.aktiosdigitalservices.com\/tol\/consum\/media\/product\/img\/300x300\/7423395.jpg?t=20250218081116"
    },
    {
        "id": 32268,
        "name": "Nescaf\u00e9 Latte Cappuccin Caf\u00e9 NESCAFE",
        "price": 1.25,
        "price_kilo": 6.1,
        "slug": "nescafe-latte-cappuccin-cafe",
        "description": "Nescaf\u00e9 Latte Cappuccin Caf\u00e9 205 ml",
        "image": "https:\/\/cdn-consum.aktiosdigitalservices.com\/tol\/consum\/media\/product\/img\/300x300\/7423432.jpg?t=20250312130207"
    },
    {
        "id": 32270,
        "name": "Base de Tarta 3 Capas GENOISE",
        "price": 2.85,
        "price_kilo": 8.14,
        "slug": "base-de-tarta-3-capas",
        "description": "Base de Tarta 3 Capas 350 Gr",
        "image": "https:\/\/cdn-consum.aktiosdigitalservices.com\/tol\/consum\/media\/product\/img\/300x300\/7423502.jpg?t=20250312161241"
    },
    {
        "id": 32271,
        "name": "Cepillo Duplo Cuidado Delicado SENSODYNE",
        "price": 2.99,
        "price_kilo": 1.5,
        "slug": "cepillo-duplo-cuidado-delicado",
        "description": "Cepillo Duplo Cuidado Delicado 2 U",
        "image": "https:\/\/cdn-consum.aktiosdigitalservices.com\/tol\/consum\/media\/product\/img\/300x300\/7423515.jpg?t=20250227094726"
    },
    {
        "id": 32273,
        "name": "Salmorreta Alicantina PUNTA ALJIBE",
        "price": 4.99,
        "price_kilo": 41.58,
        "slug": "salmorreta-alicantina",
        "description": "Salmorreta Alicantina 120 Gr",
        "image": "https:\/\/cdn-consum.aktiosdigitalservices.com\/tol\/consum\/media\/product\/img\/300x300\/7423577.jpg?t=20250313081107"
    },
    {
        "id": 32274,
        "name": "Jam\u00f3n Bellota 100% Ib\u00e9rico Cortado a Cuchillo MONTARAZ",
        "price": 13.4,
        "price_kilo": 167.5,
        "slug": "jamon-bellota-100-iberico-cortado-a-cuchillo",
        "description": "Jam\u00f3n Bellota 100% Ib\u00e9rico Cortado a Cuchillo 80 Gr",
        "image": "https:\/\/cdn-consum.aktiosdigitalservices.com\/tol\/consum\/media\/product\/img\/300x300\/7423668.jpg?t=20250312092835"
    },
    {
        "id": 32284,
        "name": "Plantilla Memory Work Talla 40-45 ACHUCHONAS",
        "price": 7.99,
        "price_kilo": 7.99,
        "slug": "plantilla-memory-work-talla-40-45",
        "description": "Plantilla Memory Work Talla 40-45 1 U",
        "image": "https:\/\/cdn-consum.aktiosdigitalservices.com\/tol\/consum\/media\/product\/img\/300x300\/7423846.jpg?t=20250116080530"
    },
    {
        "id": 32285,
        "name": "Dados de Jam\u00f3n Cocido SERRANO",
        "price": 1.65,
        "price_kilo": 11,
        "slug": "dados-de-jamon-cocido",
        "description": "Dados de Jam\u00f3n Cocido 150 Gr",
        "image": "https:\/\/cdn-consum.aktiosdigitalservices.com\/tol\/consum\/media\/product\/img\/300x300\/7423887.jpg?t=20241217081313"
    },
    {
        "id": 32286,
        "name": "Leche Desnatada Botella ASTURIANA",
        "price": 2.2,
        "price_kilo": 1,
        "slug": "leche-desnatada-botella",
        "description": "Leche Desnatada Botella 2,2 L",
        "image": "https:\/\/cdn-consum.aktiosdigitalservices.com\/tol\/consum\/media\/product\/img\/300x300\/7423960.jpg?t=20250311112718"
    },
    {
        "id": 32287,
        "name": "Perlas de Salm\u00f3n SPHERIKA",
        "price": 5.25,
        "price_kilo": 52.5,
        "slug": "perlas-de-salmon",
        "description": "Perlas de Salm\u00f3n 100 Gr",
        "image": "https:\/\/cdn-consum.aktiosdigitalservices.com\/tol\/consum\/media\/product\/img\/300x300\/7423973.jpg?t=20250206100553"
    },
    {
        "id": 32288,
        "name": "Perlas de Arenque MSC SPHERIKA",
        "price": 3.65,
        "price_kilo": 73,
        "slug": "perlas-de-arenque-msc",
        "description": "Perlas de Arenque MSC 50 Gr",
        "image": "https:\/\/cdn-consum.aktiosdigitalservices.com\/tol\/consum\/media\/product\/img\/300x300\/7423978.jpg?t=20250312161245"
    },
    {
        "id": 32294,
        "name": "Limpiador Calzado Deportivo CONSUM",
        "price": 1.45,
        "price_kilo": 2.9,
        "slug": "limpiador-calzado-deportivo",
        "description": "Limpiador Calzado Deportivo 50 ml",
        "image": "https:\/\/cdn-consum.aktiosdigitalservices.com\/tol\/consum\/media\/product\/img\/300x300\/7397714.jpg?t=20241217081237"
    },
    {
        "id": 32295,
        "name": "Esponja Suave Hipoalerg\u00e9nica KYREY",
        "price": 1.3,
        "price_kilo": 0.65,
        "slug": "esponja-suave-hipoalergenica",
        "description": "Esponja Suave Hipoalerg\u00e9nica 2 U",
        "image": "https:\/\/cdn-consum.aktiosdigitalservices.com\/tol\/consum\/media\/product\/img\/300x300\/7398340.jpg?t=20250313080939"
    },
    {
        "id": 32296,
        "name": "Caf\u00e9 Intenso 20 C\u00e1psulas CONSUM",
        "price": 3.65,
        "price_kilo": 0.18,
        "slug": "cafe-intenso-20-capsulas",
        "description": "Caf\u00e9 Intenso 20 C\u00e1psulas 20 U",
        "image": "https:\/\/cdn-consum.aktiosdigitalservices.com\/tol\/consum\/media\/product\/img\/300x300\/7407690.jpg?t=20250312092820"
    },
    {
        "id": 32297,
        "name": " Caf\u00e9 Extra Intenso 20 C\u00e1psulas CONSUM",
        "price": 3.65,
        "price_kilo": 0.18,
        "slug": "-cafe-extra-intenso-20-capsulas",
        "description": " Caf\u00e9 Extra Intenso 20 C\u00e1psulas 20 U",
        "image": "https:\/\/cdn-consum.aktiosdigitalservices.com\/tol\/consum\/media\/product\/img\/300x300\/7407695.jpg?t=20250311112243"
    },
    {
        "id": 32298,
        "name": "Caf\u00e9 Ristretto 20 c\u00e1psulas CONSUM",
        "price": 3.65,
        "price_kilo": 0.18,
        "slug": "cafe-ristretto-20-capsulas",
        "description": "Caf\u00e9 Ristretto 20 c\u00e1psulas 20 U",
        "image": "https:\/\/cdn-consum.aktiosdigitalservices.com\/tol\/consum\/media\/product\/img\/300x300\/7407703.jpg?t=20250311112245"
    },
    {
        "id": 32299,
        "name": "Caf\u00e9 Colombia 20 C\u00e1psulas CONSUM",
        "price": 3.65,
        "price_kilo": 0.18,
        "slug": "cafe-colombia-20-capsulas",
        "description": "Caf\u00e9 Colombia 20 C\u00e1psulas 20 U",
        "image": "https:\/\/cdn-consum.aktiosdigitalservices.com\/tol\/consum\/media\/product\/img\/300x300\/7407708.jpg?t=20250311112247"
    },
    {
        "id": 32300,
        "name": "Pistacho Tostado con C\u00e1scara y sin Sal CONSUM",
        "price": 3.55,
        "price_kilo": 14.2,
        "slug": "pistacho-tostado-con-cascara-y-sin-sal",
        "description": "Pistacho Tostado con C\u00e1scara y sin Sal 250 Gr",
        "image": "https:\/\/cdn-consum.aktiosdigitalservices.com\/tol\/consum\/media\/product\/img\/300x300\/7410061.jpg?t=20250311112318"
    },
    {
        "id": 32301,
        "name": "Aceite de Oliva Intenso CONSUM",
        "price": 13.39,
        "price_kilo": 4.46,
        "slug": "aceite-de-oliva-intenso",
        "description": "Aceite de Oliva Intenso 3 L",
        "image": "https:\/\/cdn-consum.aktiosdigitalservices.com\/tol\/consum\/media\/product\/img\/300x300\/7414803.jpg?t=20250311112432"
    },
    {
        "id": 32302,
        "name": "Aceite de Oliva Suave CONSUM",
        "price": 13.39,
        "price_kilo": 4.46,
        "slug": "aceite-de-oliva-suave",
        "description": "Aceite de Oliva Suave 3 L",
        "image": "https:\/\/cdn-consum.aktiosdigitalservices.com\/tol\/consum\/media\/product\/img\/300x300\/7414808.jpg?t=20250311112434"
    },
    {
        "id": 32309,
        "name": "Barra Maxi ",
        "price": 1.79,
        "price_kilo": 4.07,
        "slug": "barra-maxi",
        "description": "Barra Maxi 440 Gr",
        "image": "https:\/\/cdn-consum.aktiosdigitalservices.com\/tol\/consum\/media\/product\/img\/300x300\/7418945.jpg?t=20250318080631"
    },
    {
        "id": 32313,
        "name": "Colgador Wc Serenidad BREF",
        "price": 2.85,
        "price_kilo": 1.43,
        "slug": "colgador-wc-serenidad",
        "description": "Colgador Wc Serenidad 2 U",
        "image": "https:\/\/cdn-consum.aktiosdigitalservices.com\/tol\/consum\/media\/product\/img\/300x300\/7421233.jpg?t=20250312161222"
    },
    {
        "id": 32314,
        "name": "Colgador WC Armon\u00eda BREF",
        "price": 2.2,
        "price_kilo": 2.2,
        "slug": "colgador-wc-armonia",
        "description": "Colgador WC Armon\u00eda 1 U",
        "image": "https:\/\/cdn-consum.aktiosdigitalservices.com\/tol\/consum\/media\/product\/img\/300x300\/7421238.jpg?t=20250311112629"
    },
    {
        "id": 32319,
        "name": "Vino Blanco Godello Vino de la Tierra GALIZEUS",
        "price": 4.99,
        "price_kilo": 6.65,
        "slug": "vino-blanco-godello-vino-de-la-tierra",
        "description": "Vino Blanco Godello Vino de la Tierra 0,75 L",
        "image": "https:\/\/cdn-consum.aktiosdigitalservices.com\/tol\/consum\/media\/product\/img\/300x300\/7422798.jpg?t=20250312161228"
    },
    {
        "id": 32320,
        "name": "Chocolate con Galleta Dinosaurus NESTLE",
        "price": 1.25,
        "price_kilo": 14.88,
        "slug": "chocolate-con-galleta-dinosaurus",
        "description": "Chocolate con Galleta Dinosaurus 84 Gr",
        "image": "https:\/\/cdn-consum.aktiosdigitalservices.com\/tol\/consum\/media\/product\/img\/300x300\/7423163.jpg?t=20250312161231"
    },
    {
        "id": 32322,
        "name": "Queso Mezcla Semi Mini GRANJA LUZ",
        "price": 9.4,
        "price_kilo": 9.87,
        "slug": "queso-mezcla-semi-mini",
        "description": "Queso Mezcla Semi Mini",
        "image": "https:\/\/cdn-consum.aktiosdigitalservices.com\/tol\/consum\/media\/product\/img\/300x300\/7423176.jpg?t=20250319080022"
    },
    {
        "id": 32323,
        "name": "Colutorio Enjuague Bucal Botella LACER",
        "price": 9.45,
        "price_kilo": 1.89,
        "slug": "colutorio-enjuague-bucal-botella",
        "description": "Colutorio Enjuague Bucal Botella 500 ml",
        "image": "https:\/\/cdn-consum.aktiosdigitalservices.com\/tol\/consum\/media\/product\/img\/300x300\/7423403.jpg?t=20250312130204"
    },
    {
        "id": 32324,
        "name": "Tinte 27 Casta\u00f1o C\u00e1lido Profundo Sin Amoniaco COLORSILK",
        "price": 3.69,
        "price_kilo": 3.69,
        "slug": "tinte-27-castano-calido-profundo-sin-amoniaco",
        "description": "Tinte 27 Casta\u00f1o C\u00e1lido Profundo Sin Amoniaco 1 U",
        "image": "https:\/\/cdn-consum.aktiosdigitalservices.com\/tol\/consum\/media\/product\/img\/300x300\/7423528.jpg?t=20250227094727"
    },
    {
        "id": 32325,
        "name": "Tinte 55 Casta\u00f1o Rojizo Sin Amoniaco COLORSILK",
        "price": 3.69,
        "price_kilo": 3.69,
        "slug": "tinte-55-castano-rojizo-sin-amoniaco",
        "description": "Tinte 55 Casta\u00f1o Rojizo Sin Amoniaco 1 U",
        "image": "https:\/\/cdn-consum.aktiosdigitalservices.com\/tol\/consum\/media\/product\/img\/300x300\/7423531.jpg?t=20250227094729"
    },
    {
        "id": 32326,
        "name": "Almeja del Pac\u00edfico Congelada MARINES",
        "price": 1.99,
        "price_kilo": 3.98,
        "slug": "almeja-del-pacifico-congelada",
        "description": "Almeja del Pac\u00edfico Congelada 500 Gr",
        "image": "https:\/\/cdn-consum.aktiosdigitalservices.com\/tol\/consum\/media\/product\/img\/300x300\/7423606.jpg?t=20250318080657"
    },
    {
        "id": 32328,
        "name": "Mousse Prote\u00edna 0% Sabor Cappuccino VALIO",
        "price": 1.69,
        "price_kilo": 11.27,
        "slug": "mousse-proteina-0-sabor-cappuccino",
        "description": "Mousse Prote\u00edna 0% Sabor Cappuccino 150 Gr",
        "image": "https:\/\/cdn-consum.aktiosdigitalservices.com\/tol\/consum\/media\/product\/img\/300x300\/7423775.jpg?t=20250313081109"
    },
    {
        "id": 32334,
        "name": "Tarrito Fruta Variada HERO",
        "price": 1.4,
        "price_kilo": 7.37,
        "slug": "tarrito-fruta-variada",
        "description": "Tarrito Fruta Variada 190 Gr",
        "image": "https:\/\/cdn-consum.aktiosdigitalservices.com\/tol\/consum\/media\/product\/img\/300x300\/7423937.jpg?t=20250311134822"
    },
    {
        "id": 32336,
        "name": "Pan Mini Burger 8 Unidades DULCESOL",
        "price": 1.18,
        "price_kilo": 6.21,
        "slug": "pan-mini-burger-8-unidades",
        "description": "Pan Mini Burger 8 Unidades 190 Gr",
        "image": "https:\/\/cdn-consum.aktiosdigitalservices.com\/tol\/consum\/media\/product\/img\/300x300\/7423994.jpg?t=20250313081111"
    },
    {
        "id": 32337,
        "name": "Crackers 42% Integrales de Trigo RECONDO",
        "price": 2.32,
        "price_kilo": 9.28,
        "slug": "crackers-42-integrales-de-trigo",
        "description": "Crackers 42% Integrales de Trigo 250 Gr",
        "image": "https:\/\/cdn-consum.aktiosdigitalservices.com\/tol\/consum\/media\/product\/img\/300x300\/7424000.jpg?t=20250311112722"
    },
    {
        "id": 32339,
        "name": "Pat\u00e9 de Chorizo Ib\u00e9rico Tarro APIS",
        "price": 1.99,
        "price_kilo": 15.92,
        "slug": "pate-de-chorizo-iberico-tarro",
        "description": "Pat\u00e9 de Chorizo Ib\u00e9rico Tarro 125 Gr",
        "image": "https:\/\/cdn-consum.aktiosdigitalservices.com\/tol\/consum\/media\/product\/img\/300x300\/7424096.jpg?t=20250318080659"
    },
    {
        "id": 32342,
        "name": "Garbanzos Pedrosillano Calidad Extra Frasco GUTARRA",
        "price": 1.55,
        "price_kilo": 3.88,
        "slug": "garbanzos-pedrosillano-calidad-extra-frasco",
        "description": "Garbanzos Pedrosillano Calidad Extra Frasco 400 Gr",
        "image": "https:\/\/cdn-consum.aktiosdigitalservices.com\/tol\/consum\/media\/product\/img\/300x300\/7424133.jpg?t=20250227094734"
    },
    {
        "id": 32344,
        "name": "Tortillas Wraps Finas Paquete 6 Unidades OLD EL PASO",
        "price": 3.21,
        "price_kilo": 16.72,
        "slug": "tortillas-wraps-finas-paquete-6-unidades",
        "description": "Tortillas Wraps Finas Paquete 6 Unidades 192 Gr",
        "image": "https:\/\/cdn-consum.aktiosdigitalservices.com\/tol\/consum\/media\/product\/img\/300x300\/7424141.jpg?t=20250311134824"
    },
    {
        "id": 32345,
        "name": "Galleta Dinosaurus Chocolate Blanco ARTIACH",
        "price": 3.55,
        "price_kilo": 13.45,
        "slug": "galleta-dinosaurus-chocolate-blanco",
        "description": "Galleta Dinosaurus Chocolate Blanco 264 Gr",
        "image": "https:\/\/cdn-consum.aktiosdigitalservices.com\/tol\/consum\/media\/product\/img\/300x300\/7424161.jpg?t=20250311112724"
    },
    {
        "id": 32346,
        "name": "Galleta Dinosaurus Chocolate con Leche ARTIACH",
        "price": 3.55,
        "price_kilo": 13.92,
        "slug": "galleta-dinosaurus-chocolate-con-leche",
        "description": "Galleta Dinosaurus Chocolate con Leche 255 Gr",
        "image": "https:\/\/cdn-consum.aktiosdigitalservices.com\/tol\/consum\/media\/product\/img\/300x300\/7424166.jpg?t=20250311112727"
    },
    {
        "id": 32351,
        "name": "Champ\u00fa Rizos KYREY",
        "price": 2.35,
        "price_kilo": 0.59,
        "slug": "champu-rizos",
        "description": "Champ\u00fa Rizos 400 ml",
        "image": "https:\/\/cdn-consum.aktiosdigitalservices.com\/tol\/consum\/media\/product\/img\/300x300\/7398816.jpg?t=20241217081237"
    },
    {
        "id": 32352,
        "name": "Champ\u00fa Reparaci\u00f3n KYREY",
        "price": 1.8,
        "price_kilo": 0.45,
        "slug": "champu-reparacion",
        "description": "Champ\u00fa Reparaci\u00f3n 400 ml",
        "image": "https:\/\/cdn-consum.aktiosdigitalservices.com\/tol\/consum\/media\/product\/img\/300x300\/7398832.jpg?t=20250312161047"
    },
    {
        "id": 32353,
        "name": "Mascarilla Reparaci\u00f3n KYREY",
        "price": 1.4,
        "price_kilo": 0.56,
        "slug": "mascarilla-reparacion",
        "description": "Mascarilla Reparaci\u00f3n 250 ml",
        "image": "https:\/\/cdn-consum.aktiosdigitalservices.com\/tol\/consum\/media\/product\/img\/300x300\/7398837.jpg?t=20241217081237"
    },
    {
        "id": 32354,
        "name": "Mascarilla Arg\u00e1n KYREY",
        "price": 1.65,
        "price_kilo": 0.66,
        "slug": "mascarilla-argan",
        "description": "Mascarilla Arg\u00e1n 250 ml",
        "image": "https:\/\/cdn-consum.aktiosdigitalservices.com\/tol\/consum\/media\/product\/img\/300x300\/7398852.jpg?t=20241217081238"
    },
    {
        "id": 32355,
        "name": "Champ\u00fa Color KYREY",
        "price": 1.8,
        "price_kilo": 0.45,
        "slug": "champu-color",
        "description": "Champ\u00fa Color 400 ml",
        "image": "https:\/\/cdn-consum.aktiosdigitalservices.com\/tol\/consum\/media\/product\/img\/300x300\/7398873.jpg?t=20241217081238"
    },
    {
        "id": 32356,
        "name": "Mascarilla Color KYREY",
        "price": 1.3,
        "price_kilo": 0.52,
        "slug": "mascarilla-color",
        "description": "Mascarilla Color 250 ml",
        "image": "https:\/\/cdn-consum.aktiosdigitalservices.com\/tol\/consum\/media\/product\/img\/300x300\/7398878.jpg?t=20241217081238"
    },
    {
        "id": 32357,
        "name": "Champ\u00fa Hidratante KYREY",
        "price": 1.8,
        "price_kilo": 0.45,
        "slug": "champu-hidratante",
        "description": "Champ\u00fa Hidratante 400 ml",
        "image": "https:\/\/cdn-consum.aktiosdigitalservices.com\/tol\/consum\/media\/product\/img\/300x300\/7398886.jpg?t=20241217081238"
    },
    {
        "id": 32359,
        "name": "Champ\u00fa Purificante KYREY",
        "price": 2.05,
        "price_kilo": 0.51,
        "slug": "champu-purificante",
        "description": "Champ\u00fa Purificante 400 ml",
        "image": "https:\/\/cdn-consum.aktiosdigitalservices.com\/tol\/consum\/media\/product\/img\/300x300\/7398899.jpg?t=20241217081238"
    },
    {
        "id": 32360,
        "name": "Cacahuete Tostado Sin Sal Bolsa CONSUM",
        "price": 1.15,
        "price_kilo": 5.75,
        "slug": "cacahuete-tostado-sin-sal-bolsa",
        "description": "Cacahuete Tostado Sin Sal Bolsa 200 Gr",
        "image": "https:\/\/cdn-consum.aktiosdigitalservices.com\/tol\/consum\/media\/product\/img\/300x300\/7408474.jpg?t=20250219080508"
    },
    {
        "id": 32361,
        "name": "Smoothie Fresa 4X60 gr con Manzana y Grosella CONSUM",
        "price": 2.89,
        "price_kilo": 12.04,
        "slug": "smoothie-fresa-4x60-gr-con-manzana-y-grosella",
        "description": "Smoothie Fresa 4X60 gr con Manzana y Grosella 240 Gr",
        "image": "https:\/\/cdn-consum.aktiosdigitalservices.com\/tol\/consum\/media\/product\/img\/300x300\/7412489.jpg?t=20250115080457"
    },
    {
        "id": 32362,
        "name": "Smoothie Mango 4x60 gr Manzana Pi\u00f1a Maracuy\u00e1 CONSUM",
        "price": 2.79,
        "price_kilo": 11.63,
        "slug": "smoothie-mango-4x60-gr-manzana-pina-maracuya",
        "description": "Smoothie Mango 4x60 gr Manzana Pi\u00f1a Maracuy\u00e1 240 Gr",
        "image": "https:\/\/cdn-consum.aktiosdigitalservices.com\/tol\/consum\/media\/product\/img\/300x300\/7412497.jpg?t=20250115080459"
    },
    {
        "id": 32363,
        "name": "Mini Bomb\u00f3n Fruto Rojos  Tropical  x8 CONSUM",
        "price": 2.7,
        "price_kilo": 9,
        "slug": "mini-bombon-fruto-rojos-tropical-x8",
        "description": "Mini Bomb\u00f3n Fruto Rojos  Tropical  x8 300 Gr",
        "image": "https:\/\/cdn-consum.aktiosdigitalservices.com\/tol\/consum\/media\/product\/img\/300x300\/7413305.jpg?t=20241226075835"
    },
    {
        "id": 32364,
        "name": "T\u00f3nica Pink Zero Lata SCHWEPPES",
        "price": 0.99,
        "price_kilo": 3,
        "slug": "tonica-pink-zero-lata",
        "description": "T\u00f3nica Pink Zero Lata 0,33 L",
        "image": "https:\/\/cdn-consum.aktiosdigitalservices.com\/tol\/consum\/media\/product\/img\/300x300\/7419831.jpg?t=20250312092833"
    },
    {
        "id": 32365,
        "name": "Barra de Labios n\u00ba233 Color Sensational MAYBELLINE",
        "price": 4.99,
        "price_kilo": 4.99,
        "slug": "barra-de-labios-n233-color-sensational",
        "description": "Barra de Labios n\u00ba233 Color Sensational 1 U",
        "image": "https:\/\/cdn-consum.aktiosdigitalservices.com\/tol\/consum\/media\/product\/img\/300x300\/7421121.jpg?t=20241217081309"
    },
    {
        "id": 32374,
        "name": "Mayonesa MUSA",
        "price": 2.45,
        "price_kilo": 4.54,
        "slug": "mayonesa",
        "description": "Mayonesa 540 ml",
        "image": "https:\/\/cdn-consum.aktiosdigitalservices.com\/tol\/consum\/media\/product\/img\/300x300\/7423957.jpg?t=20241217081313"
    },
    {
        "id": 32376,
        "name": "Tinte 8.0 Rubio Miel Sin Amoniaco GARNIER",
        "price": 9.95,
        "price_kilo": 9.95,
        "slug": "tinte-80-rubio-miel-sin-amoniaco",
        "description": "Tinte 8.0 Rubio Miel Sin Amoniaco 1 U",
        "image": "https:\/\/cdn-consum.aktiosdigitalservices.com\/tol\/consum\/media\/product\/img\/300x300\/7424112.jpg?t=20250206100601"
    },
    {
        "id": 32377,
        "name": "Tinte 2.0 Negro Trufa Sin Amoniaco GARNIER",
        "price": 9.95,
        "price_kilo": 9.95,
        "slug": "tinte-20-negro-trufa-sin-amoniaco",
        "description": "Tinte 2.0 Negro Trufa Sin Amoniaco 1 U",
        "image": "https:\/\/cdn-consum.aktiosdigitalservices.com\/tol\/consum\/media\/product\/img\/300x300\/7424117.jpg?t=20250206100603"
    },
    {
        "id": 32378,
        "name": "Tinte 5.0 Casta\u00f1o Caf\u00e9 sin Amoniaco GARNIER",
        "price": 9.95,
        "price_kilo": 9.95,
        "slug": "tinte-50-castano-cafe-sin-amoniaco",
        "description": "Tinte 5.0 Casta\u00f1o Caf\u00e9 sin Amoniaco 1 U",
        "image": "https:\/\/cdn-consum.aktiosdigitalservices.com\/tol\/consum\/media\/product\/img\/300x300\/7424120.jpg?t=20250206100606"
    },
    {
        "id": 32381,
        "name": "Tinte 4.15 Marr\u00f3n Glac\u00e9 Casta\u00f1o sin Amoniaco GARNIER",
        "price": 9.95,
        "price_kilo": 9.95,
        "slug": "tinte-415-marron-glace-castano-sin-amoniaco",
        "description": "Tinte 4.15 Marr\u00f3n Glac\u00e9 Casta\u00f1o sin Amoniaco 1 U",
        "image": "https:\/\/cdn-consum.aktiosdigitalservices.com\/tol\/consum\/media\/product\/img\/300x300\/7424328.jpg?t=20250312092836"
    },
    {
        "id": 32382,
        "name": "Tinte 7.0 Rubio Almendra sin Amoniaco GARNIER",
        "price": 9.95,
        "price_kilo": 9.95,
        "slug": "tinte-70-rubio-almendra-sin-amoniaco",
        "description": "Tinte 7.0 Rubio Almendra sin Amoniaco 1 U",
        "image": "https:\/\/cdn-consum.aktiosdigitalservices.com\/tol\/consum\/media\/product\/img\/300x300\/7424336.jpg?t=20250206100630"
    },
    {
        "id": 32383,
        "name": "Casta\u00f1o Mocaccino sin Amoniaco GARNIER",
        "price": 9.95,
        "price_kilo": 9.95,
        "slug": "castano-mocaccino-sin-amoniaco",
        "description": "Casta\u00f1o Mocaccino sin Amoniaco 1 U",
        "image": "https:\/\/cdn-consum.aktiosdigitalservices.com\/tol\/consum\/media\/product\/img\/300x300\/7424344.jpg?t=20250206100632"
    },
    {
        "id": 32386,
        "name": "Cepillo Exfoliante Capilar PONETTE",
        "price": 3.49,
        "price_kilo": 3.49,
        "slug": "cepillo-exfoliante-capilar",
        "description": "Cepillo Exfoliante Capilar 1 U",
        "image": "https:\/\/cdn-consum.aktiosdigitalservices.com\/tol\/consum\/media\/product\/img\/300x300\/7424448.jpg?t=20241217081315"
    },
    {
        "id": 32388,
        "name": "Licor de Crema Mango y Tequila 38",
        "price": 7.49,
        "price_kilo": 10.7,
        "slug": "licor-de-crema-mango-y-tequila",
        "description": "Licor de Crema Mango y Tequila 0,7 L",
        "image": "https:\/\/cdn-consum.aktiosdigitalservices.com\/tol\/consum\/media\/product\/img\/300x300\/7424518.jpg?t=20250206100640"
    },
    {
        "id": 32389,
        "name": "Barra Espiga con Aceite de Oliva 5% ",
        "price": 0.9,
        "price_kilo": 4.09,
        "slug": "barra-espiga-con-aceite-de-oliva-5",
        "description": "Barra Espiga con Aceite de Oliva 5% 220 Gr",
        "image": "https:\/\/cdn-consum.aktiosdigitalservices.com\/tol\/consum\/media\/product\/img\/300x300\/7424679.jpg?t=20250320080256"
    },
    {
        "id": 32390,
        "name": "Mascarilla Rizos KYREY",
        "price": 1.65,
        "price_kilo": 0.66,
        "slug": "mascarilla-rizos",
        "description": "Mascarilla Rizos 250 ml",
        "image": "https:\/\/cdn-consum.aktiosdigitalservices.com\/tol\/consum\/media\/product\/img\/300x300\/7398824.jpg?t=20241217081237"
    },
    {
        "id": 32391,
        "name": "Champ\u00fa Arg\u00e1n KYREY",
        "price": 2.05,
        "price_kilo": 0.51,
        "slug": "champu-argan",
        "description": "Champ\u00fa Arg\u00e1n 400 ml",
        "image": "https:\/\/cdn-consum.aktiosdigitalservices.com\/tol\/consum\/media\/product\/img\/300x300\/7398845.jpg?t=20241217081238"
    },
    {
        "id": 32392,
        "name": "Champ\u00fa Anticaspa Mentol KYREY",
        "price": 2.55,
        "price_kilo": 0.64,
        "slug": "champu-anticaspa-mentol",
        "description": "Champ\u00fa Anticaspa Mentol 400 ml",
        "image": "https:\/\/cdn-consum.aktiosdigitalservices.com\/tol\/consum\/media\/product\/img\/300x300\/7398865.jpg?t=20250114084554"
    },
    {
        "id": 32401,
        "name": "Acondicionador Bif\u00e1sico \u00c1rbol de T\u00e9 ANIAN",
        "price": 2.99,
        "price_kilo": 1.2,
        "slug": "acondicionador-bifasico-arbol-de-te",
        "description": "Acondicionador Bif\u00e1sico \u00c1rbol de T\u00e9 250 ml",
        "image": "https:\/\/cdn-consum.aktiosdigitalservices.com\/tol\/consum\/media\/product\/img\/300x300\/7423077.jpg?t=20250213080542"
    },
    {
        "id": 32403,
        "name": "Detergente L\u00edquido Active Clean 45 m\u00e1s 45lv SKIP",
        "price": 12.99,
        "price_kilo": 0.14,
        "slug": "detergente-liquido-active-clean-45-mas-45lv",
        "description": "Detergente L\u00edquido Active Clean 45 m\u00e1s 45lv 90 Lv",
        "image": "https:\/\/cdn-consum.aktiosdigitalservices.com\/tol\/consum\/media\/product\/img\/300x300\/7423192.jpg?t=20250318081003"
    },
    {
        "id": 32417,
        "name": "Altramuces Pack de 3 SALADITOS",
        "price": 1.1,
        "price_kilo": 3.86,
        "slug": "altramuces-pack-de-3",
        "description": "Altramuces Pack de 3 3 x 95 Gr",
        "image": "https:\/\/cdn-consum.aktiosdigitalservices.com\/tol\/consum\/media\/product\/img\/300x300\/7423650.jpg?t=20250319080027"
    },
    {
        "id": 32419,
        "name": "Queso Tierno Lonchas G.BAQUERO",
        "price": 1.5,
        "price_kilo": 16.67,
        "slug": "queso-tierno-lonchas",
        "description": "Queso Tierno Lonchas 90 Gr",
        "image": "https:\/\/cdn-consum.aktiosdigitalservices.com\/tol\/consum\/media\/product\/img\/300x300\/7423890.jpg?t=20250101082907"
    },
    {
        "id": 32422,
        "name": "Pipas Piponazo Gourmet Bolsa GREFUSA",
        "price": 1.95,
        "price_kilo": 18.57,
        "slug": "pipas-piponazo-gourmet-bolsa",
        "description": "Pipas Piponazo Gourmet Bolsa 105 Gr",
        "image": "https:\/\/cdn-consum.aktiosdigitalservices.com\/tol\/consum\/media\/product\/img\/300x300\/7424153.jpg?t=20250313081113"
    },
    {
        "id": 32423,
        "name": "Champ\u00fa En Seco Extra Fresh GOT2B",
        "price": 4.1,
        "price_kilo": 2.05,
        "slug": "champu-en-seco-extra-fresh",
        "description": "Champ\u00fa En Seco Extra Fresh 200 ml",
        "image": "https:\/\/cdn-consum.aktiosdigitalservices.com\/tol\/consum\/media\/product\/img\/300x300\/7424260.jpg?t=20250312161247"
    },
    {
        "id": 32424,
        "name": "Protector Calor Keratina SYOSS",
        "price": 5.65,
        "price_kilo": 2.83,
        "slug": "protector-calor-keratina",
        "description": "Protector Calor Keratina 200 ml",
        "image": "https:\/\/cdn-consum.aktiosdigitalservices.com\/tol\/consum\/media\/product\/img\/300x300\/7424265.jpg?t=20250227094737"
    },
    {
        "id": 32426,
        "name": "Colorete 01 Cherry Blossom GIO GIOVANNI",
        "price": 3.49,
        "price_kilo": 3.49,
        "slug": "colorete-01-cherry-blossom",
        "description": "Colorete 01 Cherry Blossom 1 U",
        "image": "https:\/\/cdn-consum.aktiosdigitalservices.com\/tol\/consum\/media\/product\/img\/300x300\/7424372.jpg?t=20241217081314"
    },
    {
        "id": 32427,
        "name": "Iluminador L\u00edquido Moonbeat GIO GIOVANNI",
        "price": 2.99,
        "price_kilo": 2.99,
        "slug": "iluminador-liquido-moonbeat",
        "description": "Iluminador L\u00edquido Moonbeat 1 U",
        "image": "https:\/\/cdn-consum.aktiosdigitalservices.com\/tol\/consum\/media\/product\/img\/300x300\/7424377.jpg?t=20241217081315"
    },
    {
        "id": 32433,
        "name": "Iluminador L\u00edquido Sun Goddess GIO GIOVANNI",
        "price": 2.99,
        "price_kilo": 2.99,
        "slug": "iluminador-liquido-sun-goddess",
        "description": "Iluminador L\u00edquido Sun Goddess 1 U",
        "image": "https:\/\/cdn-consum.aktiosdigitalservices.com\/tol\/consum\/media\/product\/img\/300x300\/7424612.jpg?t=20250318081003"
    },
    {
        "id": 32435,
        "name": "Tomate para Untar Bandeja ",
        "price": 2.99,
        "price_kilo": 5.98,
        "slug": "tomate-para-untar-bandeja",
        "description": "Tomate para Untar Bandeja 500 Gr",
        "image": "https:\/\/cdn-consum.aktiosdigitalservices.com\/tol\/consum\/media\/product\/img\/300x300\/7424711.jpg?t=20250210075840"
    },
    {
        "id": 32438,
        "name": "Crema Calzado Azul CONSUM",
        "price": 0.95,
        "price_kilo": 1.9,
        "slug": "crema-calzado-azul",
        "description": "Crema Calzado Azul 50 ml",
        "image": "https:\/\/cdn-consum.aktiosdigitalservices.com\/tol\/consum\/media\/product\/img\/300x300\/7397677.jpg?t=20241217081236"
    },
    {
        "id": 32439,
        "name": "Crema Calzado Blanco CONSUM",
        "price": 0.95,
        "price_kilo": 1.9,
        "slug": "crema-calzado-blanco",
        "description": "Crema Calzado Blanco 50 ml",
        "image": "https:\/\/cdn-consum.aktiosdigitalservices.com\/tol\/consum\/media\/product\/img\/300x300\/7397693.jpg?t=20241217081236"
    },
    {
        "id": 32440,
        "name": "Crema Calzado Marr\u00f3n CONSUM",
        "price": 0.95,
        "price_kilo": 1.9,
        "slug": "crema-calzado-marron",
        "description": "Crema Calzado Marr\u00f3n 50 ml",
        "image": "https:\/\/cdn-consum.aktiosdigitalservices.com\/tol\/consum\/media\/product\/img\/300x300\/7397698.jpg?t=20241217081236"
    },
    {
        "id": 32441,
        "name": "Crema Calzado Negro CONSUM",
        "price": 0.95,
        "price_kilo": 1.9,
        "slug": "crema-calzado-negro",
        "description": "Crema Calzado Negro 50 ml",
        "image": "https:\/\/cdn-consum.aktiosdigitalservices.com\/tol\/consum\/media\/product\/img\/300x300\/7397701.jpg?t=20241217081236"
    },
    {
        "id": 32442,
        "name": "Crema Calzado Neutro Incoloro CONSUM",
        "price": 0.95,
        "price_kilo": 1.9,
        "slug": "crema-calzado-neutro-incoloro",
        "description": "Crema Calzado Neutro Incoloro 50 ml",
        "image": "https:\/\/cdn-consum.aktiosdigitalservices.com\/tol\/consum\/media\/product\/img\/300x300\/7397706.jpg?t=20250128080621"
    },
    {
        "id": 32443,
        "name": "Caf\u00e9 Descafeinado 20 c\u00e1psulas CONSUM",
        "price": 3.65,
        "price_kilo": 0.18,
        "slug": "cafe-descafeinado-20-capsulas",
        "description": "Caf\u00e9 Descafeinado 20 c\u00e1psulas 20 U",
        "image": "https:\/\/cdn-consum.aktiosdigitalservices.com\/tol\/consum\/media\/product\/img\/300x300\/7407711.jpg?t=20250311112250"
    },
    {
        "id": 32445,
        "name": "Tarrina Prote\u00ednas Cookies Dough 500 ml CONSUM",
        "price": 3.15,
        "price_kilo": 11.89,
        "slug": "tarrina-proteinas-cookies-dough-500-ml",
        "description": "Tarrina Prote\u00ednas Cookies Dough 500 ml 265 Gr",
        "image": "https:\/\/cdn-consum.aktiosdigitalservices.com\/tol\/consum\/media\/product\/img\/300x300\/7412435.jpg?t=20250315075909"
    },
    {
        "id": 32447,
        "name": "Heno Ecol\u00f3gico de Monta\u00f1a MIX MASCOTAS",
        "price": 2.6,
        "price_kilo": 5.2,
        "slug": "heno-ecologico-de-montana",
        "description": "Heno Ecol\u00f3gico de Monta\u00f1a 500 Gr",
        "image": "https:\/\/cdn-consum.aktiosdigitalservices.com\/tol\/consum\/media\/product\/img\/300x300\/7413255.jpg?t=20250111080115"
    },
    {
        "id": 32451,
        "name": "Choco Aritos Ba\u00f1ados de Chocolate Negro CONSUM",
        "price": 0.95,
        "price_kilo": 7.42,
        "slug": "choco-aritos-banados-de-chocolate-negro",
        "description": "Choco Aritos Ba\u00f1ados de Chocolate Negro 128 Gr",
        "image": "https:\/\/cdn-consum.aktiosdigitalservices.com\/tol\/consum\/media\/product\/img\/300x300\/7418606.jpg?t=20250311112548"
    },
    {
        "id": 32452,
        "name": "Salsa Teriyaki Botella TIGER KHAN",
        "price": 2.79,
        "price_kilo": 9.3,
        "slug": "salsa-teriyaki-botella",
        "description": "Salsa Teriyaki Botella 300 ml",
        "image": "https:\/\/cdn-consum.aktiosdigitalservices.com\/tol\/consum\/media\/product\/img\/300x300\/7420656.jpg?t=20241217081309"
    },
    {
        "id": 32453,
        "name": "Bolitas Ma\u00edz MatchBall Sabor Queso RISI",
        "price": 1.29,
        "price_kilo": 12.29,
        "slug": "bolitas-maiz-matchball-sabor-queso",
        "description": "Bolitas Ma\u00edz MatchBall Sabor Queso 105 Gr",
        "image": "https:\/\/cdn-consum.aktiosdigitalservices.com\/tol\/consum\/media\/product\/img\/300x300\/7422686.jpg?t=20250318081003"
    },
    {
        "id": 32454,
        "name": "Burger de Pollo y Queso CONSUM",
        "price": 3.67,
        "price_kilo": 10.19,
        "slug": "burger-de-pollo-y-queso",
        "description": "Burger de Pollo y Queso 360 Gr",
        "image": "https:\/\/cdn-consum.aktiosdigitalservices.com\/tol\/consum\/media\/product\/img\/300x300\/7422835.jpg?t=20250318080652"
    },
    {
        "id": 32459,
        "name": "Dent\u00edfrico Reparaci\u00f3n Activa de Enc\u00edas PARODONTAX",
        "price": 4.85,
        "price_kilo": 6.47,
        "slug": "dentifrico-reparacion-activa-de-encias",
        "description": "Dent\u00edfrico Reparaci\u00f3n Activa de Enc\u00edas 75 ml",
        "image": "https:\/\/cdn-consum.aktiosdigitalservices.com\/tol\/consum\/media\/product\/img\/300x300\/7423507.jpg?t=20250312161243"
    },
    {
        "id": 32465,
        "name": "Gambas Peladas Mediana VOSTOQ",
        "price": 5.89,
        "price_kilo": 16.36,
        "slug": "gambas-peladas-mediana",
        "description": "Gambas Peladas Mediana 360 Gr",
        "image": "https:\/\/cdn-consum.aktiosdigitalservices.com\/tol\/consum\/media\/product\/img\/300x300\/7424237.jpg?t=20250318080702"
    },
    {
        "id": 32467,
        "name": "Gamba Pelada Grande VOSTOQ",
        "price": 6.89,
        "price_kilo": 19.14,
        "slug": "gamba-pelada-grande",
        "description": "Gamba Pelada Grande 360 Gr",
        "image": "https:\/\/cdn-consum.aktiosdigitalservices.com\/tol\/consum\/media\/product\/img\/300x300\/7424307.jpg?t=20250318080704"
    },
    {
        "id": 32468,
        "name": "Cerveza Extra Pack de 6 Botellas VOLL DAMM",
        "price": 4.59,
        "price_kilo": 3.06,
        "slug": "cerveza-extra-pack-de-6-botellas",
        "description": "Cerveza Extra Pack de 6 Botellas 6 x 0,25 L",
        "image": "https:\/\/cdn-consum.aktiosdigitalservices.com\/tol\/consum\/media\/product\/img\/300x300\/7424570.jpg?t=20250312130221"
    },
    {
        "id": 32469,
        "name": "Dent\u00edfrico Blanqueante Max White Ultra Active COLGATE",
        "price": 5.99,
        "price_kilo": 11.98,
        "slug": "dentifrico-blanqueante-max-white-ultra-active",
        "description": "Dent\u00edfrico Blanqueante Max White Ultra Active 50 ml",
        "image": "https:\/\/cdn-consum.aktiosdigitalservices.com\/tol\/consum\/media\/product\/img\/300x300\/7424633.jpg?t=20250206100642"
    },
    {
        "id": 32471,
        "name": "Tarta sabor Chocolate y Avellana ",
        "price": 8.29,
        "price_kilo": 15.79,
        "slug": "tarta-sabor-chocolate-y-avellana",
        "description": "Tarta sabor Chocolate y Avellana 525 Gr",
        "image": "https:\/\/cdn-consum.aktiosdigitalservices.com\/tol\/consum\/media\/product\/img\/300x300\/7424760.jpg?t=20250227094745"
    },
    {
        "id": 32474,
        "name": "Barra Mix Cereales Integral 12% ",
        "price": 0.9,
        "price_kilo": 3.6,
        "slug": "barra-mix-cereales-integral-12",
        "description": "Barra Mix Cereales Integral 12% 250 Gr",
        "image": "https:\/\/cdn-consum.aktiosdigitalservices.com\/tol\/consum\/media\/product\/img\/300x300\/7424781.jpg?t=20250228080641"
    },
    {
        "id": 32477,
        "name": "Galleta Mini Wafers MILKA",
        "price": 2.45,
        "price_kilo": 22.27,
        "slug": "galleta-mini-wafers",
        "description": "Galleta Mini Wafers 110 Gr",
        "image": "https:\/\/cdn-consum.aktiosdigitalservices.com\/tol\/consum\/media\/product\/img\/300x300\/7424810.jpg?t=20250311112735"
    },
    {
        "id": 32481,
        "name": "Tacos de Ma\u00edz y Trigo 8 Unidades MISSION",
        "price": 1.94,
        "price_kilo": 9.7,
        "slug": "tacos-de-maiz-y-trigo-8-unidades",
        "description": "Tacos de Ma\u00edz y Trigo 8 Unidades 200 Gr",
        "image": "https:\/\/cdn-consum.aktiosdigitalservices.com\/tol\/consum\/media\/product\/img\/300x300\/7425044.jpg?t=20250318080706"
    },
    {
        "id": 32482,
        "name": "Nachos Tortilla Chips Bolsa MISSION",
        "price": 2.25,
        "price_kilo": 11.25,
        "slug": "nachos-tortilla-chips-bolsa",
        "description": "Nachos Tortilla Chips Bolsa 200 Gr",
        "image": "https:\/\/cdn-consum.aktiosdigitalservices.com\/tol\/consum\/media\/product\/img\/300x300\/7425051.jpg?t=20250320080259"
    },
    {
        "id": 32484,
        "name": "Arroz 3 Delicias TA-TUNG",
        "price": 2.55,
        "price_kilo": 10.2,
        "slug": "arroz-3-delicias",
        "description": "Arroz 3 Delicias 250 Gr",
        "image": "https:\/\/cdn-consum.aktiosdigitalservices.com\/tol\/consum\/media\/product\/img\/300x300\/7425143.jpg?t=20250227094757"
    },
    {
        "id": 32485,
        "name": "Tallarines al Wok TA-TUNG",
        "price": 2.99,
        "price_kilo": 11.96,
        "slug": "tallarines-al-wok",
        "description": "Tallarines al Wok 250 Gr",
        "image": "https:\/\/cdn-consum.aktiosdigitalservices.com\/tol\/consum\/media\/product\/img\/300x300\/7425192.jpg?t=20250312130240"
    },
    {
        "id": 32486,
        "name": "Fideos Yakisoba TA-TUNG",
        "price": 3.99,
        "price_kilo": 15.96,
        "slug": "fideos-yakisoba",
        "description": "Fideos Yakisoba 250 Gr",
        "image": "https:\/\/cdn-consum.aktiosdigitalservices.com\/tol\/consum\/media\/product\/img\/300x300\/7425213.jpg?t=20250312130243"
    },
    {
        "id": 32487,
        "name": "Detergente en C\u00e1psulas Adi\u00f3s al Separar DIXAN",
        "price": 2.99,
        "price_kilo": 0.25,
        "slug": "detergente-en-capsulas-adios-al-separar",
        "description": "Detergente en C\u00e1psulas Adi\u00f3s al Separar 12 Lv",
        "image": "https:\/\/cdn-consum.aktiosdigitalservices.com\/tol\/consum\/media\/product\/img\/300x300\/7425416.jpg?t=20250312161254"
    },
    {
        "id": 32491,
        "name": "Mix de Brotes Con Espinaca y R\u00facula CONSUM",
        "price": 1.2,
        "price_kilo": 12,
        "slug": "mix-de-brotes-con-espinaca-y-rucula",
        "description": "Mix de Brotes Con Espinaca y R\u00facula 100 Gr",
        "image": "https:\/\/cdn-consum.aktiosdigitalservices.com\/tol\/consum\/media\/product\/img\/300x300\/7415367.jpg?t=20250121080756"
    },
    {
        "id": 32494,
        "name": "Champagne Brut Regi\u00f3n de Champagne D'ARMANVILLE",
        "price": 25.99,
        "price_kilo": 34.65,
        "slug": "champagne-brut-region-de-champagne",
        "description": "Champagne Brut Regi\u00f3n de Champagne 0,75 L",
        "image": "https:\/\/cdn-consum.aktiosdigitalservices.com\/tol\/consum\/media\/product\/img\/300x300\/7423572.jpg?t=20250312092835"
    },
    {
        "id": 32495,
        "name": "Krissia Barritas de Surimi KRISSIA",
        "price": 3.99,
        "price_kilo": 13.3,
        "slug": "krissia-barritas-de-surimi",
        "description": "Krissia Barritas de Surimi 300 Gr",
        "image": "https:\/\/cdn-consum.aktiosdigitalservices.com\/tol\/consum\/media\/product\/img\/300x300\/7423999.jpg?t=20250208075940"
    },
    {
        "id": 32501,
        "name": "Comida Seca Gatos Esterilizados Delicados ONE",
        "price": 8.3,
        "price_kilo": 5.53,
        "slug": "comida-seca-gatos-esterilizados-delicados",
        "description": "Comida Seca Gatos Esterilizados Delicados 1,5 Kg",
        "image": "https:\/\/cdn-consum.aktiosdigitalservices.com\/tol\/consum\/media\/product\/img\/300x300\/7424658.jpg?t=20250313081115"
    },
    {
        "id": 32502,
        "name": "Filete de At\u00fan al Natural CALVO",
        "price": 3.99,
        "price_kilo": 31.67,
        "slug": "filete-de-atun-al-natural",
        "description": "Filete de At\u00fan al Natural 126 Gr",
        "image": "https:\/\/cdn-consum.aktiosdigitalservices.com\/tol\/consum\/media\/product\/img\/300x300\/7424815.jpg?t=20250227094747"
    },
    {
        "id": 32503,
        "name": "At\u00fan en Aceite de Girasol Vuelca F\u00e1cil CALVO",
        "price": 3.49,
        "price_kilo": 16.78,
        "slug": "atun-en-aceite-de-girasol-vuelca-facil",
        "description": "At\u00fan en Aceite de Girasol Vuelca F\u00e1cil 4 x 52 Gr",
        "image": "https:\/\/cdn-consum.aktiosdigitalservices.com\/tol\/consum\/media\/product\/img\/300x300\/7424823.jpg?t=20241217081315"
    },
    {
        "id": 32505,
        "name": "Chicles 60 Minutos Liquid Hierbabuena TRIDENT",
        "price": 1.25,
        "price_kilo": 5.68,
        "slug": "chicles-60-minutos-liquid-hierbabuena",
        "description": "Chicles 60 Minutos Liquid Hierbabuena 22 Gr",
        "image": "https:\/\/cdn-consum.aktiosdigitalservices.com\/tol\/consum\/media\/product\/img\/300x300\/7424872.jpg?t=20250311125338"
    },
    {
        "id": 32506,
        "name": "Cepillo Secado R\u00e1pido Friend Sea PONETTE",
        "price": 3.99,
        "price_kilo": 3.99,
        "slug": "cepillo-secado-rapido-friend-sea",
        "description": "Cepillo Secado R\u00e1pido Friend Sea 1 U",
        "image": "https:\/\/cdn-consum.aktiosdigitalservices.com\/tol\/consum\/media\/product\/img\/300x300\/7424919.jpg?t=20241217081315"
    },
    {
        "id": 32507,
        "name": "Cepillo Infantil Pulpillo PONETTE",
        "price": 2.99,
        "price_kilo": 2.99,
        "slug": "cepillo-infantil-pulpillo",
        "description": "Cepillo Infantil Pulpillo 1 U",
        "image": "https:\/\/cdn-consum.aktiosdigitalservices.com\/tol\/consum\/media\/product\/img\/300x300\/7424927.jpg?t=20250312092836"
    },
    {
        "id": 32508,
        "name": "Pesto Genovese GAROFALO",
        "price": 3.15,
        "price_kilo": 18,
        "slug": "pesto-genovese",
        "description": "Pesto Genovese 175 Gr",
        "image": "https:\/\/cdn-consum.aktiosdigitalservices.com\/tol\/consum\/media\/product\/img\/300x300\/7424992.jpg?t=20250109110025"
    },
    {
        "id": 32509,
        "name": "Croquetas de Pollo ALDELIS",
        "price": 2.15,
        "price_kilo": 11.32,
        "slug": "croquetas-de-pollo",
        "description": "Croquetas de Pollo 190 Gr",
        "image": "https:\/\/cdn-consum.aktiosdigitalservices.com\/tol\/consum\/media\/product\/img\/300x300\/7425312.jpg?t=20250204081832"
    },
    {
        "id": 32510,
        "name": "Pan Hamburguesa Sin Gluten, 2 Unidades SINBLAT",
        "price": 1.75,
        "price_kilo": 10.94,
        "slug": "pan-hamburguesa-sin-gluten-2-unidades",
        "description": "Pan Hamburguesa Sin Gluten, 2 Unidades 2 x 80 Gr",
        "image": "https:\/\/cdn-consum.aktiosdigitalservices.com\/tol\/consum\/media\/product\/img\/300x300\/7425457.jpg?t=20250311112740"
    },
    {
        "id": 32511,
        "name": "Refresco Naranja Zero Lata SCHWEPPES",
        "price": 0.69,
        "price_kilo": 2.09,
        "slug": "refresco-naranja-zero-lata",
        "description": "Refresco Naranja Zero Lata 0,33 L",
        "image": "https:\/\/cdn-consum.aktiosdigitalservices.com\/tol\/consum\/media\/product\/img\/300x300\/7425577.jpg?t=20250227094802"
    },
    {
        "id": 32517,
        "name": "Pa\u00f1al Beb\u00e9 Talla 3 De 4 a 10 Kg CHELINO",
        "price": 8.5,
        "price_kilo": 0.24,
        "slug": "panal-bebe-talla-3-de-4-a-10-kg",
        "description": "Pa\u00f1al Beb\u00e9 Talla 3 De 4 a 10 Kg 36 U",
        "image": "https:\/\/cdn-consum.aktiosdigitalservices.com\/tol\/consum\/media\/product\/img\/300x300\/7425895.jpg?t=20250206100724"
    },
    {
        "id": 32518,
        "name": "Pa\u00f1al Beb\u00e9 Talla 4 de 9 a 15 Kg CHELINO",
        "price": 8.5,
        "price_kilo": 0.25,
        "slug": "panal-bebe-talla-4-de-9-a-15-kg",
        "description": "Pa\u00f1al Beb\u00e9 Talla 4 de 9 a 15 Kg 34 U",
        "image": "https:\/\/cdn-consum.aktiosdigitalservices.com\/tol\/consum\/media\/product\/img\/300x300\/7425903.jpg?t=20250206100726"
    },
    {
        "id": 32519,
        "name": "Pa\u00f1al Beb\u00e9 Talla 5 de 13 a 18 Kg CHELINO",
        "price": 8.5,
        "price_kilo": 0.28,
        "slug": "panal-bebe-talla-5-de-13-a-18-kg",
        "description": "Pa\u00f1al Beb\u00e9 Talla 5 de 13 a 18 Kg 30 U",
        "image": "https:\/\/cdn-consum.aktiosdigitalservices.com\/tol\/consum\/media\/product\/img\/300x300\/7425908.jpg?t=20250206100729"
    },
    {
        "id": 32520,
        "name": "Pa\u00f1al Beb\u00e9 Talla 6 de 17 a 28 kg CHELINO",
        "price": 8.5,
        "price_kilo": 0.31,
        "slug": "panal-bebe-talla-6-de-17-a-28-kg",
        "description": "Pa\u00f1al Beb\u00e9 Talla 6 de 17 a 28 kg 27 U",
        "image": "https:\/\/cdn-consum.aktiosdigitalservices.com\/tol\/consum\/media\/product\/img\/300x300\/7425911.jpg?t=20250206100731"
    },
    {
        "id": 32521,
        "name": "Acondicionador Infantil Bif\u00e1sico NELLY",
        "price": 3.99,
        "price_kilo": 1,
        "slug": "acondicionador-infantil-bifasico",
        "description": "Acondicionador Infantil Bif\u00e1sico 400 ml",
        "image": "https:\/\/cdn-consum.aktiosdigitalservices.com\/tol\/consum\/media\/product\/img\/300x300\/7425952.jpg?t=20241217081316"
    },
    {
        "id": 32523,
        "name": "Bomb\u00f3n Sweet Caramel 3 Unidades CONSUM",
        "price": 3.55,
        "price_kilo": 17.4,
        "slug": "bombon-sweet-caramel-3-unidades",
        "description": "Bomb\u00f3n Sweet Caramel 3 Unidades 204 Gr",
        "image": "https:\/\/cdn-consum.aktiosdigitalservices.com\/tol\/consum\/media\/product\/img\/300x300\/7412471.jpg?t=20250315075911"
    },
    {
        "id": 32524,
        "name": "Cono Lima Lim\u00f3n 4x74 gr CONSUM",
        "price": 1.99,
        "price_kilo": 6.72,
        "slug": "cono-lima-limon-4x74-gr",
        "description": "Cono Lima Lim\u00f3n 4x74 gr 296 Gr",
        "image": "https:\/\/cdn-consum.aktiosdigitalservices.com\/tol\/consum\/media\/product\/img\/300x300\/7413313.jpg?t=20250318080959"
    },
    {
        "id": 32525,
        "name": "Cono Vainilla Caramelo Salado Pack de 4 CONSUM",
        "price": 1.99,
        "price_kilo": 7.01,
        "slug": "cono-vainilla-caramelo-salado-pack-de-4",
        "description": "Cono Vainilla Caramelo Salado Pack de 4 284 Gr",
        "image": "https:\/\/cdn-consum.aktiosdigitalservices.com\/tol\/consum\/media\/product\/img\/300x300\/7413318.jpg?t=20250318080959"
    },
    {
        "id": 32526,
        "name": "Salero Sal Fina CONSUM",
        "price": 0.65,
        "price_kilo": 2.6,
        "slug": "salero-sal-fina",
        "description": "Salero Sal Fina 250 Gr",
        "image": "https:\/\/cdn-consum.aktiosdigitalservices.com\/tol\/consum\/media\/product\/img\/300x300\/7415672.jpg?t=20241217081258"
    },
    {
        "id": 32527,
        "name": "Choco Aritos Ba\u00f1ados de Chocolate Blanco CONSUM",
        "price": 0.95,
        "price_kilo": 7.42,
        "slug": "choco-aritos-banados-de-chocolate-blanco",
        "description": "Choco Aritos Ba\u00f1ados de Chocolate Blanco 128 Gr",
        "image": "https:\/\/cdn-consum.aktiosdigitalservices.com\/tol\/consum\/media\/product\/img\/300x300\/7418614.jpg?t=20250311112550"
    },
    {
        "id": 32529,
        "name": "Salsa Agridulce Frasco TIGER KHAN",
        "price": 2.95,
        "price_kilo": 9.83,
        "slug": "salsa-agridulce-frasco",
        "description": "Salsa Agridulce Frasco 300 ml",
        "image": "https:\/\/cdn-consum.aktiosdigitalservices.com\/tol\/consum\/media\/product\/img\/300x300\/7420339.jpg?t=20241217081308"
    },
    {
        "id": 32530,
        "name": "Colutorio Cuidado Enc\u00edas Menta Suave PARODONTAX",
        "price": 5.99,
        "price_kilo": 1.2,
        "slug": "colutorio-cuidado-encias-menta-suave",
        "description": "Colutorio Cuidado Enc\u00edas Menta Suave 500 ml",
        "image": "https:\/\/cdn-consum.aktiosdigitalservices.com\/tol\/consum\/media\/product\/img\/300x300\/7423510.jpg?t=20250227094724"
    },
    {
        "id": 32533,
        "name": "Bizcochitos Fresa MELS",
        "price": 1.25,
        "price_kilo": 8.33,
        "slug": "bizcochitos-fresa",
        "description": "Bizcochitos Fresa 150 Gr",
        "image": "https:\/\/cdn-consum.aktiosdigitalservices.com\/tol\/consum\/media\/product\/img\/300x300\/7424695.jpg?t=20250312161249"
    },
    {
        "id": 32536,
        "name": "Kombucha Frutos Rojos Botella MUN",
        "price": 1.75,
        "price_kilo": 7,
        "slug": "kombucha-frutos-rojos-botella",
        "description": "Kombucha Frutos Rojos Botella 0,25 L",
        "image": "https:\/\/cdn-consum.aktiosdigitalservices.com\/tol\/consum\/media\/product\/img\/300x300\/7424968.jpg?t=20250312130225"
    },
    {
        "id": 32537,
        "name": "Kombucha Jengibre y Lim\u00f3n Botella MUN",
        "price": 1.75,
        "price_kilo": 7,
        "slug": "kombucha-jengibre-y-limon-botella",
        "description": "Kombucha Jengibre y Lim\u00f3n Botella 0,25 L",
        "image": "https:\/\/cdn-consum.aktiosdigitalservices.com\/tol\/consum\/media\/product\/img\/300x300\/7424971.jpg?t=20250312130228"
    },
    {
        "id": 32538,
        "name": "Limpiador en Espuma Vit.C+ \u00c1cido Salic\u00edlico L'OREAL",
        "price": 6.85,
        "price_kilo": 4.57,
        "slug": "limpiador-en-espuma-vitc-acido-salicilico",
        "description": "Limpiador en Espuma Vit.C+ \u00c1cido Salic\u00edlico 150 ml",
        "image": "https:\/\/cdn-consum.aktiosdigitalservices.com\/tol\/consum\/media\/product\/img\/300x300\/7425486.jpg?t=20250312161255"
    },
    {
        "id": 32541,
        "name": "Snatt's Guisante Campesina SNATTS",
        "price": 1.99,
        "price_kilo": 20.95,
        "slug": "snatts-guisante-campesina",
        "description": "Snatt's Guisante Campesina 95 Gr",
        "image": "https:\/\/cdn-consum.aktiosdigitalservices.com\/tol\/consum\/media\/product\/img\/300x300\/7425655.jpg?t=20250313081119"
    },
    {
        "id": 32542,
        "name": "Lanza Sabor Nata y Fresa DAMEL",
        "price": 1.79,
        "price_kilo": 6.17,
        "slug": "lanza-sabor-nata-y-fresa",
        "description": "Lanza Sabor Nata y Fresa 290 Gr",
        "image": "https:\/\/cdn-consum.aktiosdigitalservices.com\/tol\/consum\/media\/product\/img\/300x300\/7425726.jpg?t=20250311125343"
    },
    {
        "id": 32543,
        "name": "Tortitas Pollo Asado con Queso Fundido ALDELIS",
        "price": 2.79,
        "price_kilo": 10.33,
        "slug": "tortitas-pollo-asado-con-queso-fundido",
        "description": "Tortitas Pollo Asado con Queso Fundido 270 Gr",
        "image": "https:\/\/cdn-consum.aktiosdigitalservices.com\/tol\/consum\/media\/product\/img\/300x300\/7425929.jpg?t=20250318080710"
    },
    {
        "id": 32545,
        "name": "Leche Desnatada Sin Lactosa Prote\u00edna PULEVA",
        "price": 1.71,
        "price_kilo": 1.71,
        "slug": "leche-desnatada-sin-lactosa-proteina",
        "description": "Leche Desnatada Sin Lactosa Prote\u00edna 1 L",
        "image": "https:\/\/cdn-consum.aktiosdigitalservices.com\/tol\/consum\/media\/product\/img\/300x300\/7425957.jpg?t=20250312092836"
    },
    {
        "id": 32547,
        "name": "Cerveza Tostada 0,0 Lata HOCHSTER",
        "price": 0.46,
        "price_kilo": 1.39,
        "slug": "cerveza-tostada-00-lata",
        "description": "Cerveza Tostada 0,0 Lata 0,33 L",
        "image": "https:\/\/cdn-consum.aktiosdigitalservices.com\/tol\/consum\/media\/product\/img\/300x300\/7426005.jpg?t=20250312161257"
    },
    {
        "id": 32548,
        "name": "Cerveza Radler Lim\u00f3n Lata HOCHSTER",
        "price": 0.41,
        "price_kilo": 1.24,
        "slug": "cerveza-radler-limon-lata",
        "description": "Cerveza Radler Lim\u00f3n Lata 0,33 L",
        "image": "https:\/\/cdn-consum.aktiosdigitalservices.com\/tol\/consum\/media\/product\/img\/300x300\/7426013.jpg?t=20250109110119"
    },
    {
        "id": 32549,
        "name": "Cerveza 0,0% Lata HOCHSTER",
        "price": 0.35,
        "price_kilo": 1.06,
        "slug": "cerveza-00-lata",
        "description": "Cerveza 0,0% Lata 0,33 L",
        "image": "https:\/\/cdn-consum.aktiosdigitalservices.com\/tol\/consum\/media\/product\/img\/300x300\/7426018.jpg?t=20250109110123"
    },
    {
        "id": 32550,
        "name": "Yakisoba de Pollo Bolsa YATEKOMO",
        "price": 1.49,
        "price_kilo": 16.02,
        "slug": "yakisoba-de-pollo-bolsa",
        "description": "Yakisoba de Pollo Bolsa 93 Gr",
        "image": "https:\/\/cdn-consum.aktiosdigitalservices.com\/tol\/consum\/media\/product\/img\/300x300\/7426026.jpg?t=20250218081128"
    },
    {
        "id": 32552,
        "name": "Yatekomo de Gambas Vaso YATEKOMO",
        "price": 1.59,
        "price_kilo": 26.5,
        "slug": "yatekomo-de-gambas-vaso",
        "description": "Yatekomo de Gambas Vaso 60 Gr",
        "image": "https:\/\/cdn-consum.aktiosdigitalservices.com\/tol\/consum\/media\/product\/img\/300x300\/7426039.jpg?t=20250218081130"
    },
    {
        "id": 32553,
        "name": "Solomillo de A\u00f1ojo COREN",
        "price": 13.48,
        "price_kilo": 44.9,
        "slug": "solomillo-de-anojo",
        "description": "Solomillo de A\u00f1ojo",
        "image": "https:\/\/cdn-consum.aktiosdigitalservices.com\/tol\/consum\/media\/product\/img\/300x300\/7426067.jpg?t=20250110080321"
    },
    {
        "id": 32560,
        "name": "Mejill\u00f3n en su Jugo 500 2\u00b430\u00b4\u00b4 MICRO AGUINAMAR",
        "price": 4.49,
        "price_kilo": 8.98,
        "slug": "mejillon-en-su-jugo-500-230-micro",
        "description": "Mejill\u00f3n en su Jugo 500 2\u00b430\u00b4\u00b4 MICRO 500 Gr",
        "image": "https:\/\/cdn-consum.aktiosdigitalservices.com\/tol\/consum\/media\/product\/img\/300x300\/7426385.jpg?t=20250301080059"
    },
    {
        "id": 32563,
        "name": "S\u00e9rum Arg\u00e1n KYREY",
        "price": 4.65,
        "price_kilo": 4.65,
        "slug": "serum-argan",
        "description": "S\u00e9rum Arg\u00e1n 100 ml",
        "image": "https:\/\/cdn-consum.aktiosdigitalservices.com\/tol\/consum\/media\/product\/img\/300x300\/7398857.jpg?t=20250318080956"
    },
    {
        "id": 32564,
        "name": "Bebida de Almendra con Calcio Brik CONSUM",
        "price": 1.25,
        "price_kilo": 1.25,
        "slug": "bebida-de-almendra-con-calcio-brik",
        "description": "Bebida de Almendra con Calcio Brik 1 L",
        "image": "https:\/\/cdn-consum.aktiosdigitalservices.com\/tol\/consum\/media\/product\/img\/300x300\/7417004.jpg?t=20250311112528"
    },
    {
        "id": 32565,
        "name": "Bebida de Avellanas con Calcio Brik CONSUM",
        "price": 1.35,
        "price_kilo": 1.35,
        "slug": "bebida-de-avellanas-con-calcio-brik",
        "description": "Bebida de Avellanas con Calcio Brik 1 L",
        "image": "https:\/\/cdn-consum.aktiosdigitalservices.com\/tol\/consum\/media\/product\/img\/300x300\/7417012.jpg?t=20250311112530"
    },
    {
        "id": 32566,
        "name": "Pechuga de Pavo Dados SERRANO",
        "price": 1.65,
        "price_kilo": 11,
        "slug": "pechuga-de-pavo-dados",
        "description": "Pechuga de Pavo Dados 150 Gr",
        "image": "https:\/\/cdn-consum.aktiosdigitalservices.com\/tol\/consum\/media\/product\/img\/300x300\/7424070.jpg?t=20241217081313"
    },
    {
        "id": 32583,
        "name": "Postre de Soja con Coco ALPRO",
        "price": 2.29,
        "price_kilo": 5.73,
        "slug": "postre-de-soja-con-coco",
        "description": "Postre de Soja con Coco 400 Gr",
        "image": "https:\/\/cdn-consum.aktiosdigitalservices.com\/tol\/consum\/media\/product\/img\/300x300\/7424997.jpg?t=20250312130231"
    },
    {
        "id": 32584,
        "name": "Postre Soja Sabor Vainilla ALPRO",
        "price": 2.29,
        "price_kilo": 5.73,
        "slug": "postre-soja-sabor-vainilla",
        "description": "Postre Soja Sabor Vainilla 400 Gr",
        "image": "https:\/\/cdn-consum.aktiosdigitalservices.com\/tol\/consum\/media\/product\/img\/300x300\/7425002.jpg?t=20250312130234"
    },
    {
        "id": 32585,
        "name": "Postre de Soja con Ar\u00e1ndanos ALPRO",
        "price": 2.29,
        "price_kilo": 5.73,
        "slug": "postre-de-soja-con-arandanos",
        "description": "Postre de Soja con Ar\u00e1ndanos 400 Gr",
        "image": "https:\/\/cdn-consum.aktiosdigitalservices.com\/tol\/consum\/media\/product\/img\/300x300\/7425007.jpg?t=20250312130237"
    },
    {
        "id": 32590,
        "name": "Crema Facial Bakuchiol Antiarrugas. Ecol\u00f3gica FEEL FREE",
        "price": 5.99,
        "price_kilo": 11.98,
        "slug": "crema-facial-bakuchiol-antiarrugas-ecologica",
        "description": "Crema Facial Bakuchiol Antiarrugas. Ecol\u00f3gica 50 ml",
        "image": "https:\/\/cdn-consum.aktiosdigitalservices.com\/tol\/consum\/media\/product\/img\/300x300\/7425460.jpg?t=20250108081333"
    },
    {
        "id": 32591,
        "name": "Pa\u00f1al Beb\u00e9 Seco Talla 5 De 11 kg a 16kg DODOT",
        "price": 17.95,
        "price_kilo": 0.33,
        "slug": "panal-bebe-seco-talla-5-de-11-kg-a-16kg",
        "description": "Pa\u00f1al Beb\u00e9 Seco Talla 5 De 11 kg a 16kg 54 U",
        "image": "https:\/\/cdn-consum.aktiosdigitalservices.com\/tol\/consum\/media\/product\/img\/300x300\/7425580.jpg?t=20250313081117"
    },
    {
        "id": 32592,
        "name": "Plato Ca\u00f1a de Az\u00facar 17 cm, Biodegradable BETIK",
        "price": 1.45,
        "price_kilo": 0.1,
        "slug": "plato-cana-de-azucar-17-cm-biodegradable",
        "description": "Plato Ca\u00f1a de Az\u00facar 17 cm, Biodegradable 15 U",
        "image": "https:\/\/cdn-consum.aktiosdigitalservices.com\/tol\/consum\/media\/product\/img\/300x300\/7425812.jpg?t=20241217081316"
    },
    {
        "id": 32593,
        "name": "Plato Ca\u00f1a de Az\u00facar 22 cm, Biodegradable BETIK",
        "price": 1.55,
        "price_kilo": 0.1,
        "slug": "plato-cana-de-azucar-22-cm-biodegradable",
        "description": "Plato Ca\u00f1a de Az\u00facar 22 cm, Biodegradable 15 U",
        "image": "https:\/\/cdn-consum.aktiosdigitalservices.com\/tol\/consum\/media\/product\/img\/300x300\/7425817.jpg?t=20241217081316"
    },
    {
        "id": 32595,
        "name": "Puerros Enteros Frasco LEYENDA",
        "price": 3.4,
        "price_kilo": 8.5,
        "slug": "puerros-enteros-frasco",
        "description": "Puerros Enteros Frasco 400 Gr",
        "image": "https:\/\/cdn-consum.aktiosdigitalservices.com\/tol\/consum\/media\/product\/img\/300x300\/7425945.jpg?t=20241217081316"
    },
    {
        "id": 32596,
        "name": "Tarrito Solo Eco Calabaza Patata Guisantes Br\u00f3coli HERO",
        "price": 2.49,
        "price_kilo": 13.11,
        "slug": "tarrito-solo-eco-calabaza-patata-guisantes-brocoli",
        "description": "Tarrito Solo Eco Calabaza Patata Guisantes Br\u00f3coli 190 Gr",
        "image": "https:\/\/cdn-consum.aktiosdigitalservices.com\/tol\/consum\/media\/product\/img\/300x300\/7425960.jpg?t=20250312092836"
    },
    {
        "id": 32600,
        "name": "Maquinilla Depilaci\u00f3n Mini Soft 5 Hojas LEA WOMEN",
        "price": 5.99,
        "price_kilo": 5.99,
        "slug": "maquinilla-depilacion-mini-soft-5-hojas",
        "description": "Maquinilla Depilaci\u00f3n Mini Soft 5 Hojas 1 U",
        "image": "https:\/\/cdn-consum.aktiosdigitalservices.com\/tol\/consum\/media\/product\/img\/300x300\/7426161.jpg?t=20250312092836"
    },
    {
        "id": 32601,
        "name": "Pasta Infantil Mickey GALLO",
        "price": 2.2,
        "price_kilo": 7.33,
        "slug": "pasta-infantil-mickey",
        "description": "Pasta Infantil Mickey 300 Gr",
        "image": "https:\/\/cdn-consum.aktiosdigitalservices.com\/tol\/consum\/media\/product\/img\/300x300\/7426174.jpg?t=20250319080029"
    },
    {
        "id": 32602,
        "name": "Pasta Infantil Frozen GALLO",
        "price": 2.2,
        "price_kilo": 7.33,
        "slug": "pasta-infantil-frozen",
        "description": "Pasta Infantil Frozen 300 Gr",
        "image": "https:\/\/cdn-consum.aktiosdigitalservices.com\/tol\/consum\/media\/product\/img\/300x300\/7426179.jpg?t=20250311134836"
    },
    {
        "id": 32603,
        "name": "Recambio Maquinilla Depilaci\u00f3n Soft 5 Hojas LEA WOMEN",
        "price": 5.99,
        "price_kilo": 3,
        "slug": "recambio-maquinilla-depilacion-soft-5-hojas",
        "description": "Recambio Maquinilla Depilaci\u00f3n Soft 5 Hojas 2 U",
        "image": "https:\/\/cdn-consum.aktiosdigitalservices.com\/tol\/consum\/media\/product\/img\/300x300\/7426182.jpg?t=20250312092836"
    },
    {
        "id": 32606,
        "name": "Pa\u00f1al Beb\u00e9 Seco T 4 De 9 a 14 KG DODOT",
        "price": 17.95,
        "price_kilo": 0.31,
        "slug": "panal-bebe-seco-t-4-de-9-a-14-kg",
        "description": "Pa\u00f1al Beb\u00e9 Seco T 4 De 9 a 14 KG 58 U",
        "image": "https:\/\/cdn-consum.aktiosdigitalservices.com\/tol\/consum\/media\/product\/img\/300x300\/7426570.jpg?t=20250313081124"
    },
    {
        "id": 32608,
        "name": "Detergente L\u00edquido DIXAN",
        "price": 4.99,
        "price_kilo": 0.17,
        "slug": "detergente-liquido",
        "description": "Detergente L\u00edquido 30 Lv",
        "image": "https:\/\/cdn-consum.aktiosdigitalservices.com\/tol\/consum\/media\/product\/img\/300x300\/7426802.jpg?t=20250312161302"
    },
    {
        "id": 32609,
        "name": "Longaniza de Arag\u00f3n Duroc ARCOIRIS",
        "price": 3.25,
        "price_kilo": 13,
        "slug": "longaniza-de-aragon-duroc",
        "description": "Longaniza de Arag\u00f3n Duroc 250 Gr",
        "image": "https:\/\/cdn-consum.aktiosdigitalservices.com\/tol\/consum\/media\/product\/img\/300x300\/7426810.jpg?t=20241126180424"
    },
    {
        "id": 32611,
        "name": "S\u00e9rum Natural KYREY",
        "price": 4.15,
        "price_kilo": 4.15,
        "slug": "serum-natural",
        "description": "S\u00e9rum Natural 100 ml",
        "image": "https:\/\/cdn-consum.aktiosdigitalservices.com\/tol\/consum\/media\/product\/img\/300x300\/7398910.jpg?t=20241217081238"
    },
    {
        "id": 32613,
        "name": "Salchichas Bockwurst CONSUM",
        "price": 2.09,
        "price_kilo": 5.23,
        "slug": "salchichas-bockwurst",
        "description": "Salchichas Bockwurst 2 x 200 Gr",
        "image": "https:\/\/cdn-consum.aktiosdigitalservices.com\/tol\/consum\/media\/product\/img\/300x300\/7421246.jpg?t=20250318080644"
    },
    {
        "id": 32621,
        "name": "Gel de Ducha Sensible PALMOLIVE",
        "price": 2.1,
        "price_kilo": 0.35,
        "slug": "gel-de-ducha-sensible",
        "description": "Gel de Ducha Sensible 600 ml",
        "image": "https:\/\/cdn-consum.aktiosdigitalservices.com\/tol\/consum\/media\/product\/img\/300x300\/7424455.jpg?t=20250227094739"
    },
    {
        "id": 32623,
        "name": "Bizcochitos Naranja MELS",
        "price": 1.25,
        "price_kilo": 8.33,
        "slug": "bizcochitos-naranja",
        "description": "Bizcochitos Naranja 150 Gr",
        "image": "https:\/\/cdn-consum.aktiosdigitalservices.com\/tol\/consum\/media\/product\/img\/300x300\/7424724.jpg?t=20250312161252"
    },
    {
        "id": 32624,
        "name": "Gel de Ba\u00f1o Leche y Miel PALMOLIVE",
        "price": 2.1,
        "price_kilo": 0.35,
        "slug": "gel-de-bano-leche-y-miel",
        "description": "Gel de Ba\u00f1o Leche y Miel 600 ml",
        "image": "https:\/\/cdn-consum.aktiosdigitalservices.com\/tol\/consum\/media\/product\/img\/300x300\/7424807.jpg?t=20250227094746"
    },
    {
        "id": 32627,
        "name": "Aceituna con Hueso Kalamata EXCELENCIA",
        "price": 3.49,
        "price_kilo": 13.96,
        "slug": "aceituna-con-hueso-kalamata",
        "description": "Aceituna con Hueso Kalamata 250 Gr",
        "image": "https:\/\/cdn-consum.aktiosdigitalservices.com\/tol\/consum\/media\/product\/img\/300x300\/7425499.jpg?t=20241217081316"
    },
    {
        "id": 32628,
        "name": "Aceitunas Rellenas de Boquer\u00f3n Lata LA ESPA\u00d1OLA",
        "price": 2.59,
        "price_kilo": 19.92,
        "slug": "aceitunas-rellenas-de-boqueron-lata",
        "description": "Aceitunas Rellenas de Boquer\u00f3n Lata 130 Gr",
        "image": "https:\/\/cdn-consum.aktiosdigitalservices.com\/tol\/consum\/media\/product\/img\/300x300\/7425648.jpg?t=20250312130246"
    },
    {
        "id": 32629,
        "name": "Bol Ca\u00f1a de Az\u00facar 16 cm, Biodegradable BETIK",
        "price": 2,
        "price_kilo": 0.13,
        "slug": "bol-cana-de-azucar-16-cm-biodegradable",
        "description": "Bol Ca\u00f1a de Az\u00facar 16 cm, Biodegradable 15 U",
        "image": "https:\/\/cdn-consum.aktiosdigitalservices.com\/tol\/consum\/media\/product\/img\/300x300\/7425820.jpg?t=20241217081316"
    },
    {
        "id": 32630,
        "name": "Caf\u00e9 en Grano Qualit\u00e0 Oro LAVAZZA",
        "price": 13.5,
        "price_kilo": 27,
        "slug": "cafe-en-grano-qualita-oro",
        "description": "Caf\u00e9 en Grano Qualit\u00e0 Oro 500 Gr",
        "image": "https:\/\/cdn-consum.aktiosdigitalservices.com\/tol\/consum\/media\/product\/img\/300x300\/7425999.jpg?t=20250312092836"
    },
    {
        "id": 32635,
        "name": "Pat\u00e9 de Campagne Tradicional LA CUINA",
        "price": 1.45,
        "price_kilo": 18.13,
        "slug": "pate-de-campagne-tradicional",
        "description": "Pat\u00e9 de Campagne Tradicional 80 Gr",
        "image": "https:\/\/cdn-consum.aktiosdigitalservices.com\/tol\/consum\/media\/product\/img\/300x300\/7426302.jpg?t=20241217081317"
    },
    {
        "id": 32636,
        "name": "Cabeza de Jabal\u00ed Ib\u00e9rica a la Trufa PICKEN",
        "price": 2.35,
        "price_kilo": 15.67,
        "slug": "cabeza-de-jabali-iberica-a-la-trufa",
        "description": "Cabeza de Jabal\u00ed Ib\u00e9rica a la Trufa 150 Gr",
        "image": "https:\/\/cdn-consum.aktiosdigitalservices.com\/tol\/consum\/media\/product\/img\/300x300\/7426307.jpg?t=20241217081317"
    },
    {
        "id": 32637,
        "name": "Champ\u00fa Aqua Revive GLISS",
        "price": 3.05,
        "price_kilo": 1.22,
        "slug": "champu-aqua-revive",
        "description": "Champ\u00fa Aqua Revive 250 ml",
        "image": "https:\/\/cdn-consum.aktiosdigitalservices.com\/tol\/consum\/media\/product\/img\/300x300\/7426351.jpg?t=20250312161300"
    },
    {
        "id": 32642,
        "name": "Lasa\u00f1a de At\u00fan LA COCINERA",
        "price": 3.59,
        "price_kilo": 7.18,
        "slug": "lasana-de-atun",
        "description": "Lasa\u00f1a de At\u00fan 500 Gr",
        "image": "https:\/\/cdn-consum.aktiosdigitalservices.com\/tol\/consum\/media\/product\/img\/300x300\/7426398.jpg?t=20250312130248"
    },
    {
        "id": 32653,
        "name": "Philadelphia Vegetal 100% Vegano PHILADELPHIA",
        "price": 3.1,
        "price_kilo": 21.38,
        "slug": "philadelphia-vegetal-100-vegano",
        "description": "Philadelphia Vegetal 100% Vegano 145 Gr",
        "image": "https:\/\/cdn-consum.aktiosdigitalservices.com\/tol\/consum\/media\/product\/img\/300x300\/7426740.jpg?t=20250109110217"
    },
    {
        "id": 32657,
        "name": "Aceite Oliva Virgen Extra Ecol\u00f3gico MOLINO ARSEN",
        "price": 5.1,
        "price_kilo": 10.2,
        "slug": "aceite-oliva-virgen-extra-ecologico",
        "description": "Aceite Oliva Virgen Extra Ecol\u00f3gico 500 ml",
        "image": "https:\/\/cdn-consum.aktiosdigitalservices.com\/tol\/consum\/media\/product\/img\/300x300\/7426815.jpg?t=20250312092836"
    },
    {
        "id": 32658,
        "name": "Anchoas en Aceite de Girasol CAPRIMAR",
        "price": 0.99,
        "price_kilo": 4.3,
        "slug": "anchoas-en-aceite-de-girasol",
        "description": "Anchoas en Aceite de Girasol 23 Gr",
        "image": "https:\/\/cdn-consum.aktiosdigitalservices.com\/tol\/consum\/media\/product\/img\/300x300\/7426836.jpg?t=20241217081318"
    },
    {
        "id": 32659,
        "name": "Anchoas en Aceite de Girasol CAPRIMAR",
        "price": 2.15,
        "price_kilo": 31.16,
        "slug": "anchoas-en-aceite-de-girasol",
        "description": "Anchoas en Aceite de Girasol 3 x 23 Gr",
        "image": "https:\/\/cdn-consum.aktiosdigitalservices.com\/tol\/consum\/media\/product\/img\/300x300\/7426849.jpg?t=20250227094831"
    },
    {
        "id": 32660,
        "name": "Anchoas en Aceite de Oliva CONSORCIO",
        "price": 3.25,
        "price_kilo": 11.21,
        "slug": "anchoas-en-aceite-de-oliva",
        "description": "Anchoas en Aceite de Oliva 29 Gr",
        "image": "https:\/\/cdn-consum.aktiosdigitalservices.com\/tol\/consum\/media\/product\/img\/300x300\/7426856.jpg?t=20250109110233"
    },
    {
        "id": 32661,
        "name": "Peppermint LE CASTEUR",
        "price": 6.49,
        "price_kilo": 9.27,
        "slug": "peppermint",
        "description": "Peppermint 0,7 L",
        "image": "https:\/\/cdn-consum.aktiosdigitalservices.com\/tol\/consum\/media\/product\/img\/300x300\/7426885.jpg?t=20250312092837"
    },
    {
        "id": 32662,
        "name": "Jab\u00f3n En Pastilla Glicerina LIDA",
        "price": 3.35,
        "price_kilo": 1.68,
        "slug": "jabon-en-pastilla-glicerina",
        "description": "Jab\u00f3n En Pastilla Glicerina 2 U",
        "image": "https:\/\/cdn-consum.aktiosdigitalservices.com\/tol\/consum\/media\/product\/img\/300x300\/7426976.jpg?t=20250312161308"
    },
    {
        "id": 32663,
        "name": "Neceser Unicornio Colonia+Gel AIR VAL",
        "price": 12.5,
        "price_kilo": 12.5,
        "slug": "neceser-unicornio-coloniagel",
        "description": "Neceser Unicornio Colonia+Gel 1 U",
        "image": "https:\/\/cdn-consum.aktiosdigitalservices.com\/tol\/consum\/media\/product\/img\/300x300\/7427008.jpg?t=20250312092837"
    },
    {
        "id": 32673,
        "name": "Cerveza Tostada Pack de 6 Botellas TURIA",
        "price": 3.99,
        "price_kilo": 2.66,
        "slug": "cerveza-tostada-pack-de-6-botellas",
        "description": "Cerveza Tostada Pack de 6 Botellas 6 x 0,25 L",
        "image": "https:\/\/cdn-consum.aktiosdigitalservices.com\/tol\/consum\/media\/product\/img\/300x300\/7426588.jpg?t=20250312130250"
    },
    {
        "id": 32674,
        "name": "Esponja Vegetal KYREY",
        "price": 1.4,
        "price_kilo": 1.4,
        "slug": "esponja-vegetal",
        "description": "Esponja Vegetal 1 U",
        "image": "https:\/\/cdn-consum.aktiosdigitalservices.com\/tol\/consum\/media\/product\/img\/300x300\/7406994.jpg?t=20241217081246"
    },
    {
        "id": 32675,
        "name": "Bolsa Basura Compostable 10 Litros CONSUM",
        "price": 1.75,
        "price_kilo": 0.12,
        "slug": "bolsa-basura-compostable-10-litros",
        "description": "Bolsa Basura Compostable 10 Litros 15 U",
        "image": "https:\/\/cdn-consum.aktiosdigitalservices.com\/tol\/consum\/media\/product\/img\/300x300\/7410900.jpg?t=20241217081250"
    },
    {
        "id": 32676,
        "name": "Quitaesmalte sin Acetona KYREY",
        "price": 1.25,
        "price_kilo": 0.63,
        "slug": "quitaesmalte-sin-acetona",
        "description": "Quitaesmalte sin Acetona 200 ml",
        "image": "https:\/\/cdn-consum.aktiosdigitalservices.com\/tol\/consum\/media\/product\/img\/300x300\/7413037.jpg?t=20241217081254"
    },
    {
        "id": 32684,
        "name": "Lasa\u00f1a Bolo\u00f1esa DUNANY",
        "price": 4.85,
        "price_kilo": 6.93,
        "slug": "lasana-bolonesa",
        "description": "Lasa\u00f1a Bolo\u00f1esa 700 Gr",
        "image": "https:\/\/cdn-consum.aktiosdigitalservices.com\/tol\/consum\/media\/product\/img\/300x300\/7426752.jpg?t=20250207080400"
    },
    {
        "id": 32685,
        "name": "Snatts Bocaditos Jam\u00f3n y Tomate GREFUSA",
        "price": 1.41,
        "price_kilo": 12.82,
        "slug": "snatts-bocaditos-jamon-y-tomate",
        "description": "Snatts Bocaditos Jam\u00f3n y Tomate 110 Gr",
        "image": "https:\/\/cdn-consum.aktiosdigitalservices.com\/tol\/consum\/media\/product\/img\/300x300\/7426786.jpg?t=20250311112817"
    },
    {
        "id": 32686,
        "name": "Aceitunas Rellenas de Anchoa Suaves LA ESPA\u00d1OLA",
        "price": 3.85,
        "price_kilo": 25.67,
        "slug": "aceitunas-rellenas-de-anchoa-suaves",
        "description": "Aceitunas Rellenas de Anchoa Suaves 3 x 50 Gr",
        "image": "https:\/\/cdn-consum.aktiosdigitalservices.com\/tol\/consum\/media\/product\/img\/300x300\/7426831.jpg?t=20250312092837"
    },
    {
        "id": 32687,
        "name": "Aceitunas Rellenas de Anchoa Pack de 3 LA ESPA\u00d1OLA",
        "price": 3.95,
        "price_kilo": 26.33,
        "slug": "aceitunas-rellenas-de-anchoa-pack-de-3",
        "description": "Aceitunas Rellenas de Anchoa Pack de 3 150 Gr",
        "image": "https:\/\/cdn-consum.aktiosdigitalservices.com\/tol\/consum\/media\/product\/img\/300x300\/7426914.jpg?t=20250312092837"
    },
    {
        "id": 32688,
        "name": "Aceitunas Verdial Receta Tradicional JOLCA",
        "price": 3.99,
        "price_kilo": 9.98,
        "slug": "aceitunas-verdial-receta-tradicional",
        "description": "Aceitunas Verdial Receta Tradicional 400 Gr",
        "image": "https:\/\/cdn-consum.aktiosdigitalservices.com\/tol\/consum\/media\/product\/img\/300x300\/7426922.jpg?t=20250313081126"
    },
    {
        "id": 32690,
        "name": "Agua Fresca De Colonia Citronela C.DE AROMAS",
        "price": 1.75,
        "price_kilo": 1.75,
        "slug": "agua-fresca-de-colonia-citronela",
        "description": "Agua Fresca De Colonia Citronela 100 ml",
        "image": "https:\/\/cdn-consum.aktiosdigitalservices.com\/tol\/consum\/media\/product\/img\/300x300\/7427243.jpg?t=20250312161310"
    },
    {
        "id": 32695,
        "name": "Detergente C\u00e1psulas Power Antiolores WIPP",
        "price": 7.99,
        "price_kilo": 0.24,
        "slug": "detergente-capsulas-power-antiolores",
        "description": "Detergente C\u00e1psulas Power Antiolores 33 Lv",
        "image": "https:\/\/cdn-consum.aktiosdigitalservices.com\/tol\/consum\/media\/product\/img\/300x300\/7427334.jpg?t=20250227094837"
    },
    {
        "id": 32697,
        "name": "Tortilla Patatas con Cebolla A TU GUSTO",
        "price": 3.99,
        "price_kilo": 6.65,
        "slug": "tortilla-patatas-con-cebolla",
        "description": "Tortilla Patatas con Cebolla 600 Gr",
        "image": "https:\/\/cdn-consum.aktiosdigitalservices.com\/tol\/consum\/media\/product\/img\/300x300\/7427420.jpg?t=20250312130253"
    },
    {
        "id": 32700,
        "name": "Batido de Cacao Energy 0% pack 4 COLA CAO",
        "price": 2.79,
        "price_kilo": 3.71,
        "slug": "batido-de-cacao-energy-0-pack-4",
        "description": "Batido de Cacao Energy 0% pack 4 4 x 188 ml",
        "image": "https:\/\/cdn-consum.aktiosdigitalservices.com\/tol\/consum\/media\/product\/img\/300x300\/7427615.jpg?t=20250312092837"
    },
    {
        "id": 32702,
        "name": "Tomate Negro Pera ",
        "price": 0.39,
        "price_kilo": 2.99,
        "slug": "tomate-negro-pera",
        "description": "Tomate Negro Pera",
        "image": "https:\/\/cdn-consum.aktiosdigitalservices.com\/tol\/consum\/media\/product\/img\/300x300\/7427651.jpg?t=20250322080049"
    },
    {
        "id": 32706,
        "name": "Protegeslip Normal Plegado KYREY",
        "price": 1.1,
        "price_kilo": 0.04,
        "slug": "protegeslip-normal-plegado",
        "description": "Protegeslip Normal Plegado 28 U",
        "image": "https:\/\/cdn-consum.aktiosdigitalservices.com\/tol\/consum\/media\/product\/img\/300x300\/7356756.jpg?t=20250312092805"
    },
    {
        "id": 32707,
        "name": "Champ\u00fa Familiar KYREY",
        "price": 1.5,
        "price_kilo": 0.15,
        "slug": "champu-familiar",
        "description": "Champ\u00fa Familiar 1000 ml",
        "image": "https:\/\/cdn-consum.aktiosdigitalservices.com\/tol\/consum\/media\/product\/img\/300x300\/7398915.jpg?t=20241217081238"
    },
    {
        "id": 32708,
        "name": "Cepillo Pelo MARTINELIA",
        "price": 3.45,
        "price_kilo": 3.45,
        "slug": "cepillo-pelo",
        "description": "Cepillo Pelo 1 U",
        "image": "https:\/\/cdn-consum.aktiosdigitalservices.com\/tol\/consum\/media\/product\/img\/300x300\/7411213.jpg?t=20250115080455"
    },
    {
        "id": 32709,
        "name": "Compresa Incontinencia Maxi KYREY",
        "price": 3.95,
        "price_kilo": 0.26,
        "slug": "compresa-incontinencia-maxi",
        "description": "Compresa Incontinencia Maxi 15 U",
        "image": "https:\/\/cdn-consum.aktiosdigitalservices.com\/tol\/consum\/media\/product\/img\/300x300\/7411924.jpg?t=20241217081253"
    },
    {
        "id": 32717,
        "name": "Galleta Dorada Marb\u00fa ARTIACH",
        "price": 3.49,
        "price_kilo": 5.82,
        "slug": "galleta-dorada-marbu",
        "description": "Galleta Dorada Marb\u00fa 600 Gr",
        "image": "https:\/\/cdn-consum.aktiosdigitalservices.com\/tol\/consum\/media\/product\/img\/300x300\/7426823.jpg?t=20250311134839"
    },
    {
        "id": 32718,
        "name": "Cerveza Lager Lata HOCHSTER",
        "price": 0.29,
        "price_kilo": 0.88,
        "slug": "cerveza-lager-lata",
        "description": "Cerveza Lager Lata 0,33 L",
        "image": "https:\/\/cdn-consum.aktiosdigitalservices.com\/tol\/consum\/media\/product\/img\/300x300\/7426906.jpg?t=20250312161304"
    },
    {
        "id": 32722,
        "name": "Cepillo T\u00e9rmico Natura PONETTE",
        "price": 4.99,
        "price_kilo": 4.99,
        "slug": "cepillo-termico-natura",
        "description": "Cepillo T\u00e9rmico Natura 1 U",
        "image": "https:\/\/cdn-consum.aktiosdigitalservices.com\/tol\/consum\/media\/product\/img\/300x300\/7427354.jpg?t=20241217081318"
    },
    {
        "id": 32723,
        "name": "Tamp\u00f3n Regular Algod\u00f3n Ecol\u00f3gico SILVERCARE",
        "price": 3.39,
        "price_kilo": 0.21,
        "slug": "tampon-regular-algodon-ecologico",
        "description": "Tamp\u00f3n Regular Algod\u00f3n Ecol\u00f3gico 16 U",
        "image": "https:\/\/cdn-consum.aktiosdigitalservices.com\/tol\/consum\/media\/product\/img\/300x300\/7427370.jpg?t=20241217081318"
    },
    {
        "id": 32724,
        "name": "Tamp\u00f3n Super Algod\u00f3n Ecol\u00f3gico SILVERCARE",
        "price": 3.39,
        "price_kilo": 0.24,
        "slug": "tampon-super-algodon-ecologico",
        "description": "Tamp\u00f3n Super Algod\u00f3n Ecol\u00f3gico 14 U",
        "image": "https:\/\/cdn-consum.aktiosdigitalservices.com\/tol\/consum\/media\/product\/img\/300x300\/7427375.jpg?t=20250312092837"
    },
    {
        "id": 32728,
        "name": "Sal en Escamas HALOS",
        "price": 2.49,
        "price_kilo": 19.92,
        "slug": "sal-en-escamas",
        "description": "Sal en Escamas 125 Gr",
        "image": "https:\/\/cdn-consum.aktiosdigitalservices.com\/tol\/consum\/media\/product\/img\/300x300\/7427540.jpg?t=20241217081318"
    },
    {
        "id": 32729,
        "name": "Sal Rosa del Himalya HALOS",
        "price": 2.49,
        "price_kilo": 9.96,
        "slug": "sal-rosa-del-himalya",
        "description": "Sal Rosa del Himalya 250 Gr",
        "image": "https:\/\/cdn-consum.aktiosdigitalservices.com\/tol\/consum\/media\/product\/img\/300x300\/7427545.jpg?t=20241217081318"
    },
    {
        "id": 32730,
        "name": "Crema Antirrozaduras Para Deporte TECSANIA",
        "price": 5.99,
        "price_kilo": 5.99,
        "slug": "crema-antirrozaduras-para-deporte",
        "description": "Crema Antirrozaduras Para Deporte 100 ml",
        "image": "https:\/\/cdn-consum.aktiosdigitalservices.com\/tol\/consum\/media\/product\/img\/300x300\/7427552.jpg?t=20250312092837"
    },
    {
        "id": 32732,
        "name": "Caf\u00e9 Espresso Barista 20 C\u00e1psulas L'OR",
        "price": 7.39,
        "price_kilo": 0.37,
        "slug": "cafe-espresso-barista-20-capsulas",
        "description": "Caf\u00e9 Espresso Barista 20 C\u00e1psulas 20 U",
        "image": "https:\/\/cdn-consum.aktiosdigitalservices.com\/tol\/consum\/media\/product\/img\/300x300\/7427586.jpg?t=20250312161312"
    },
    {
        "id": 32733,
        "name": "Caf\u00e9 Espresso Sontuoso 20 C\u00e1psulas L'OR",
        "price": 7.39,
        "price_kilo": 0.37,
        "slug": "cafe-espresso-sontuoso-20-capsulas",
        "description": "Caf\u00e9 Espresso Sontuoso 20 C\u00e1psulas 20 U",
        "image": "https:\/\/cdn-consum.aktiosdigitalservices.com\/tol\/consum\/media\/product\/img\/300x300\/7427594.jpg?t=20250312161314"
    },
    {
        "id": 32734,
        "name": "Gel Ba\u00f1o Exfoliante Massage PALMOLIVE",
        "price": 3.49,
        "price_kilo": 0.7,
        "slug": "gel-bano-exfoliante-massage",
        "description": "Gel Ba\u00f1o Exfoliante Massage 500 ml",
        "image": "https:\/\/cdn-consum.aktiosdigitalservices.com\/tol\/consum\/media\/product\/img\/300x300\/7427610.jpg?t=20250206100846"
    },
    {
        "id": 32735,
        "name": "Dent\u00edfrico Herbal COLGATE",
        "price": 1.99,
        "price_kilo": 2.65,
        "slug": "dentifrico-herbal",
        "description": "Dent\u00edfrico Herbal 75 ml",
        "image": "https:\/\/cdn-consum.aktiosdigitalservices.com\/tol\/consum\/media\/product\/img\/300x300\/7427664.jpg?t=20250206100850"
    },
    {
        "id": 32736,
        "name": "Gel Dermo Familiar KYREY",
        "price": 1.15,
        "price_kilo": 1.15,
        "slug": "gel-dermo-familiar",
        "description": "Gel Dermo Familiar 1 L",
        "image": "https:\/\/cdn-consum.aktiosdigitalservices.com\/tol\/consum\/media\/product\/img\/300x300\/7411627.jpg?t=20250206095841"
    },
    {
        "id": 32742,
        "name": "L\u00e1piz Labial Ink Crayon Mate n\u00ba105 MAYBELLINE",
        "price": 9.25,
        "price_kilo": 9.25,
        "slug": "lapiz-labial-ink-crayon-mate-n105",
        "description": "L\u00e1piz Labial Ink Crayon Mate n\u00ba105 1 U",
        "image": "https:\/\/cdn-consum.aktiosdigitalservices.com\/tol\/consum\/media\/product\/img\/300x300\/7424489.jpg?t=20250312092836"
    },
    {
        "id": 32743,
        "name": "Langostino Ajo\/Perejil PESCANOVA",
        "price": 4.99,
        "price_kilo": 24.95,
        "slug": "langostino-ajo-perejil",
        "description": "Langostino Ajo\/Perejil 200 Gr",
        "image": "https:\/\/cdn-consum.aktiosdigitalservices.com\/tol\/consum\/media\/product\/img\/300x300\/7424690.jpg?t=20250301080049"
    },
    {
        "id": 32744,
        "name": "Polvo Bronceador N\u00ba300 MAYBELLINE",
        "price": 8.49,
        "price_kilo": 8.49,
        "slug": "polvo-bronceador-n300",
        "description": "Polvo Bronceador N\u00ba300 1 U",
        "image": "https:\/\/cdn-consum.aktiosdigitalservices.com\/tol\/consum\/media\/product\/img\/300x300\/7424989.jpg?t=20250312092836"
    },
    {
        "id": 32746,
        "name": "Oreja Guisada Lata LA NORE\u00d1ENSE",
        "price": 2.65,
        "price_kilo": 7.16,
        "slug": "oreja-guisada-lata",
        "description": "Oreja Guisada Lata 370 Gr",
        "image": "https:\/\/cdn-consum.aktiosdigitalservices.com\/tol\/consum\/media\/product\/img\/300x300\/7426559.jpg?t=20241217081317"
    },
    {
        "id": 32750,
        "name": "Queso Oveja Reserva Castellano Cu\u00f1a LACT.VICENTE",
        "price": 4.15,
        "price_kilo": 20.75,
        "slug": "queso-oveja-reserva-castellano-cuna",
        "description": "Queso Oveja Reserva Castellano Cu\u00f1a 200 Gr",
        "image": "https:\/\/cdn-consum.aktiosdigitalservices.com\/tol\/consum\/media\/product\/img\/300x300\/7427482.jpg?t=20250206100839"
    },
    {
        "id": 32758,
        "name": "Miel Eucalipto Dosificador CONSUM",
        "price": 4.2,
        "price_kilo": 8.4,
        "slug": "miel-eucalipto-dosificador",
        "description": "Miel Eucalipto Dosificador 500 Gr",
        "image": "https:\/\/cdn-consum.aktiosdigitalservices.com\/tol\/consum\/media\/product\/img\/300x300\/7416063.jpg?t=20250311112507"
    },
    {
        "id": 32760,
        "name": "Edulcorante 60 sobres CONSUM",
        "price": 1.1,
        "price_kilo": 0.02,
        "slug": "edulcorante-60-sobres",
        "description": "Edulcorante 60 sobres 60 U",
        "image": "https:\/\/cdn-consum.aktiosdigitalservices.com\/tol\/consum\/media\/product\/img\/300x300\/7423569.jpg?t=20250312092835"
    },
    {
        "id": 32765,
        "name": "Queso Gouda Curado Cu\u00f1a OLD AMSTERDA",
        "price": 4.99,
        "price_kilo": 24.95,
        "slug": "queso-gouda-curado-cuna",
        "description": "Queso Gouda Curado Cu\u00f1a 200 Gr",
        "image": "https:\/\/cdn-consum.aktiosdigitalservices.com\/tol\/consum\/media\/product\/img\/300x300\/7427458.jpg?t=20250206100837"
    },
    {
        "id": 32769,
        "name": "Mix Brotes Can\u00f3nigos Bolsa CONSUM",
        "price": 1.55,
        "price_kilo": 15.5,
        "slug": "mix-brotes-canonigos-bolsa",
        "description": "Mix Brotes Can\u00f3nigos Bolsa 100 Gr",
        "image": "https:\/\/cdn-consum.aktiosdigitalservices.com\/tol\/consum\/media\/product\/img\/300x300\/7428175.jpg?t=20250103082639"
    },
    {
        "id": 32770,
        "name": "Crema Antiarrugas SPF 10 KYREY MEN",
        "price": 4.95,
        "price_kilo": 9.9,
        "slug": "crema-antiarrugas-spf-10",
        "description": "Crema Antiarrugas SPF 10 50 ml",
        "image": "https:\/\/cdn-consum.aktiosdigitalservices.com\/tol\/consum\/media\/product\/img\/300x300\/7392330.jpg?t=20250318080954"
    },
    {
        "id": 32772,
        "name": "Tinte Colorstay 7 Rubio Medio REVLON",
        "price": 4.95,
        "price_kilo": 4.95,
        "slug": "tinte-colorstay-7-rubio-medio",
        "description": "Tinte Colorstay 7 Rubio Medio 1 U",
        "image": "https:\/\/cdn-consum.aktiosdigitalservices.com\/tol\/consum\/media\/product\/img\/300x300\/7426286.jpg?t=20250311112759"
    },
    {
        "id": 32773,
        "name": "Tinte Colorstay 5 Casta\u00f1o Claro REVLON",
        "price": 4.95,
        "price_kilo": 4.95,
        "slug": "tinte-colorstay-5-castano-claro",
        "description": "Tinte Colorstay 5 Casta\u00f1o Claro 1 U",
        "image": "https:\/\/cdn-consum.aktiosdigitalservices.com\/tol\/consum\/media\/product\/img\/300x300\/7426294.jpg?t=20250312092836"
    },
    {
        "id": 32774,
        "name": "Tinte Colorstay 6 Rubio Oscuro REVLON",
        "price": 4.95,
        "price_kilo": 4.95,
        "slug": "tinte-colorstay-6-rubio-oscuro",
        "description": "Tinte Colorstay 6 Rubio Oscuro 1 U",
        "image": "https:\/\/cdn-consum.aktiosdigitalservices.com\/tol\/consum\/media\/product\/img\/300x300\/7426299.jpg?t=20250311112803"
    },
    {
        "id": 32775,
        "name": "Tinte Colorstay 8 Rubio Claro REVLON",
        "price": 4.95,
        "price_kilo": 4.95,
        "slug": "tinte-colorstay-8-rubio-claro",
        "description": "Tinte Colorstay 8 Rubio Claro 1 U",
        "image": "https:\/\/cdn-consum.aktiosdigitalservices.com\/tol\/consum\/media\/product\/img\/300x300\/7426310.jpg?t=20250312092836"
    },
    {
        "id": 32776,
        "name": "Tinte Colorstay 4 Casta\u00f1o REVLON",
        "price": 4.95,
        "price_kilo": 4.95,
        "slug": "tinte-colorstay-4-castano",
        "description": "Tinte Colorstay 4 Casta\u00f1o 1 U",
        "image": "https:\/\/cdn-consum.aktiosdigitalservices.com\/tol\/consum\/media\/product\/img\/300x300\/7426315.jpg?t=20250311112807"
    },
    {
        "id": 32777,
        "name": "Tinte Colorstay 1 Negro REVLON",
        "price": 4.95,
        "price_kilo": 4.95,
        "slug": "tinte-colorstay-1-negro",
        "description": "Tinte Colorstay 1 Negro 1 U",
        "image": "https:\/\/cdn-consum.aktiosdigitalservices.com\/tol\/consum\/media\/product\/img\/300x300\/7426323.jpg?t=20250311112809"
    },
    {
        "id": 32778,
        "name": "Tinte Colorstay 3 Casta\u00f1o Oscuro REVLON",
        "price": 4.95,
        "price_kilo": 4.95,
        "slug": "tinte-colorstay-3-castano-oscuro",
        "description": "Tinte Colorstay 3 Casta\u00f1o Oscuro 1 U",
        "image": "https:\/\/cdn-consum.aktiosdigitalservices.com\/tol\/consum\/media\/product\/img\/300x300\/7426331.jpg?t=20250312092836"
    },
    {
        "id": 32779,
        "name": "Tinte Colorstay 8.1 Rubio Claro Beig REVLON",
        "price": 4.95,
        "price_kilo": 4.95,
        "slug": "tinte-colorstay-81-rubio-claro-beig",
        "description": "Tinte Colorstay 8.1 Rubio Claro Beig 1 U",
        "image": "https:\/\/cdn-consum.aktiosdigitalservices.com\/tol\/consum\/media\/product\/img\/300x300\/7426336.jpg?t=20250311112813"
    },
    {
        "id": 32780,
        "name": "Tinte Colorstay 6.6 Rojo Intenso REVLON",
        "price": 4.95,
        "price_kilo": 4.95,
        "slug": "tinte-colorstay-66-rojo-intenso",
        "description": "Tinte Colorstay 6.6 Rojo Intenso 1 U",
        "image": "https:\/\/cdn-consum.aktiosdigitalservices.com\/tol\/consum\/media\/product\/img\/300x300\/7426344.jpg?t=20250311112815"
    },
    {
        "id": 32783,
        "name": "Aceituna Verdial Gazpachada JOLCA",
        "price": 3.39,
        "price_kilo": 8.48,
        "slug": "aceituna-verdial-gazpachada",
        "description": "Aceituna Verdial Gazpachada 400 Gr",
        "image": "https:\/\/cdn-consum.aktiosdigitalservices.com\/tol\/consum\/media\/product\/img\/300x300\/7426919.jpg?t=20250227094834"
    },
    {
        "id": 32784,
        "name": "Bizcocho de Naranja ",
        "price": 3.95,
        "price_kilo": 10.53,
        "slug": "bizcocho-de-naranja",
        "description": "Bizcocho de Naranja 375 Gr",
        "image": "https:\/\/cdn-consum.aktiosdigitalservices.com\/tol\/consum\/media\/product\/img\/300x300\/7427300.jpg?t=20250320080302"
    },
    {
        "id": 32787,
        "name": "Jab\u00f3n en Pasta LAGARTO",
        "price": 3.49,
        "price_kilo": 8.73,
        "slug": "jabon-en-pasta",
        "description": "Jab\u00f3n en Pasta 400 Gr",
        "image": "https:\/\/cdn-consum.aktiosdigitalservices.com\/tol\/consum\/media\/product\/img\/300x300\/7427792.jpg?t=20250314121717"
    },
    {
        "id": 32788,
        "name": "Bizcochos Soletilla Bolsa EL GRECO",
        "price": 1.6,
        "price_kilo": 5.33,
        "slug": "bizcochos-soletilla-bolsa",
        "description": "Bizcochos Soletilla Bolsa 300 Gr",
        "image": "https:\/\/cdn-consum.aktiosdigitalservices.com\/tol\/consum\/media\/product\/img\/300x300\/7427938.jpg?t=20250311112836"
    },
    {
        "id": 32789,
        "name": "Berberechos al Natural 55\/75 Piezas CONSUM",
        "price": 3.95,
        "price_kilo": 62.7,
        "slug": "berberechos-al-natural-55-75-piezas",
        "description": "Berberechos al Natural 55\/75 Piezas 63 Gr",
        "image": "https:\/\/cdn-consum.aktiosdigitalservices.com\/tol\/consum\/media\/product\/img\/300x300\/7418655.jpg?t=20241217081306"
    },
    {
        "id": 32790,
        "name": "Berberechos al Natural 30\/45 Piezas CONSUM",
        "price": 5.99,
        "price_kilo": 95.08,
        "slug": "berberechos-al-natural-30-45-piezas",
        "description": "Berberechos al Natural 30\/45 Piezas 63 Gr",
        "image": "https:\/\/cdn-consum.aktiosdigitalservices.com\/tol\/consum\/media\/product\/img\/300x300\/7418663.jpg?t=20241217081306"
    },
    {
        "id": 32795,
        "name": "Compango Asturiano MAYBE",
        "price": 2.95,
        "price_kilo": 11.8,
        "slug": "compango-asturiano",
        "description": "Compango Asturiano 250 Gr",
        "image": "https:\/\/cdn-consum.aktiosdigitalservices.com\/tol\/consum\/media\/product\/img\/300x300\/7426898.jpg?t=20241217081318"
    },
    {
        "id": 32796,
        "name": "Chorizo Extra Asturiano MAYBE",
        "price": 2.99,
        "price_kilo": 11.96,
        "slug": "chorizo-extra-asturiano",
        "description": "Chorizo Extra Asturiano 250 Gr",
        "image": "https:\/\/cdn-consum.aktiosdigitalservices.com\/tol\/consum\/media\/product\/img\/300x300\/7426901.jpg?t=20250304114539"
    },
    {
        "id": 32797,
        "name": "Tabla de Pat\u00e9 Tradicional Pimienta-Ib\u00e9rico-F.hierb LA CUINA",
        "price": 2.09,
        "price_kilo": 17.42,
        "slug": "tabla-de-pate-tradicional-pimienta-iberico-fhierb",
        "description": "Tabla de Pat\u00e9 Tradicional Pimienta-Ib\u00e9rico-F.hierb 3 x 40 Gr",
        "image": "https:\/\/cdn-consum.aktiosdigitalservices.com\/tol\/consum\/media\/product\/img\/300x300\/7427677.jpg?t=20241217081319"
    },
    {
        "id": 32798,
        "name": "Tabla Pato Gourmet Pimienta Verde- Setas LA CUINA",
        "price": 2.29,
        "price_kilo": 19.08,
        "slug": "tabla-pato-gourmet-pimienta-verde--setas",
        "description": "Tabla Pato Gourmet Pimienta Verde- Setas 3 x 40 Gr",
        "image": "https:\/\/cdn-consum.aktiosdigitalservices.com\/tol\/consum\/media\/product\/img\/300x300\/7427680.jpg?t=20241217081319"
    },
    {
        "id": 32800,
        "name": "Detergente L\u00edquido Marsella OMINO BIANCO",
        "price": 7.99,
        "price_kilo": 0.18,
        "slug": "detergente-liquido-marsella",
        "description": "Detergente L\u00edquido Marsella 45 Lv",
        "image": "https:\/\/cdn-consum.aktiosdigitalservices.com\/tol\/consum\/media\/product\/img\/300x300\/7428142.jpg?t=20250213080552"
    },
    {
        "id": 32804,
        "name": "Pan de Molde 0% Az\u00facares A\u00f1adidos BIMBO",
        "price": 1.5,
        "price_kilo": 3.49,
        "slug": "pan-de-molde-0-azucares-anadidos",
        "description": "Pan de Molde 0% Az\u00facares A\u00f1adidos 430 Gr",
        "image": "https:\/\/cdn-consum.aktiosdigitalservices.com\/tol\/consum\/media\/product\/img\/300x300\/7428779.jpg?t=20250311112840"
    },
    {
        "id": 32805,
        "name": "Casta\u00f1a Nata ICE CREAM",
        "price": 2.99,
        "price_kilo": 16.61,
        "slug": "castana-nata",
        "description": "Casta\u00f1a Nata 180 Gr",
        "image": "https:\/\/cdn-consum.aktiosdigitalservices.com\/tol\/consum\/media\/product\/img\/300x300\/7402287.jpg?t=20250315075902"
    },
    {
        "id": 32806,
        "name": "Esponja Vegetal Masaje KYREY",
        "price": 1.99,
        "price_kilo": 1.99,
        "slug": "esponja-vegetal-masaje",
        "description": "Esponja Vegetal Masaje 1 U",
        "image": "https:\/\/cdn-consum.aktiosdigitalservices.com\/tol\/consum\/media\/product\/img\/300x300\/7406981.jpg?t=20250128080625"
    },
    {
        "id": 32807,
        "name": "Nuggets de Pollo CONSUM",
        "price": 2.15,
        "price_kilo": 5.38,
        "slug": "nuggets-de-pollo",
        "description": "Nuggets de Pollo 400 Gr",
        "image": "https:\/\/cdn-consum.aktiosdigitalservices.com\/tol\/consum\/media\/product\/img\/300x300\/7423122.jpg?t=20241217081311"
    },
    {
        "id": 32808,
        "name": "Labial Suede Ink 001 Gust Instinct REVLON",
        "price": 10.99,
        "price_kilo": 10.99,
        "slug": "labial-suede-ink-001-gust-instinct",
        "description": "Labial Suede Ink 001 Gust Instinct 1 U",
        "image": "https:\/\/cdn-consum.aktiosdigitalservices.com\/tol\/consum\/media\/product\/img\/300x300\/7424018.jpg?t=20250304114433"
    },
    {
        "id": 32809,
        "name": "Labial Suede Ink 002 No Rules REVLON",
        "price": 10.99,
        "price_kilo": 10.99,
        "slug": "labial-suede-ink-002-no-rules",
        "description": "Labial Suede Ink 002 No Rules 1 U",
        "image": "https:\/\/cdn-consum.aktiosdigitalservices.com\/tol\/consum\/media\/product\/img\/300x300\/7424021.jpg?t=20250304114435"
    },
    {
        "id": 32810,
        "name": "Labial Suede Ink 010 Tunnel Vision REVLON",
        "price": 10.99,
        "price_kilo": 10.99,
        "slug": "labial-suede-ink-010-tunnel-vision",
        "description": "Labial Suede Ink 010 Tunnel Vision 1 U",
        "image": "https:\/\/cdn-consum.aktiosdigitalservices.com\/tol\/consum\/media\/product\/img\/300x300\/7424026.jpg?t=20250304114437"
    },
    {
        "id": 32811,
        "name": "Labial Suede Ink 011 Type A REVLON",
        "price": 10.99,
        "price_kilo": 10.99,
        "slug": "labial-suede-ink-011-type-a",
        "description": "Labial Suede Ink 011 Type A 1 U",
        "image": "https:\/\/cdn-consum.aktiosdigitalservices.com\/tol\/consum\/media\/product\/img\/300x300\/7424034.jpg?t=20250304114439"
    },
    {
        "id": 32812,
        "name": "Labial Suede Ink 016 Bread Winner REVLON",
        "price": 10.99,
        "price_kilo": 10.99,
        "slug": "labial-suede-ink-016-bread-winner",
        "description": "Labial Suede Ink 016 Bread Winner 1 U",
        "image": "https:\/\/cdn-consum.aktiosdigitalservices.com\/tol\/consum\/media\/product\/img\/300x300\/7424039.jpg?t=20250312092836"
    },
    {
        "id": 32813,
        "name": "Labial Suede Ink 018 First Class REVLON",
        "price": 10.99,
        "price_kilo": 10.99,
        "slug": "labial-suede-ink-018-first-class",
        "description": "Labial Suede Ink 018 First Class 1 U",
        "image": "https:\/\/cdn-consum.aktiosdigitalservices.com\/tol\/consum\/media\/product\/img\/300x300\/7424042.jpg?t=20250312092836"
    },
    {
        "id": 32821,
        "name": "Caldo de Pollo con 8 Verduras G.BLANCA",
        "price": 2.2,
        "price_kilo": 2.2,
        "slug": "caldo-de-pollo-con-8-verduras",
        "description": "Caldo de Pollo con 8 Verduras 1 L",
        "image": "https:\/\/cdn-consum.aktiosdigitalservices.com\/tol\/consum\/media\/product\/img\/300x300\/7427854.jpg?t=20250206100900"
    },
    {
        "id": 32825,
        "name": "Maquillaje Skin Tint Vit C N\u00ba21 MAYBELLINE",
        "price": 12.99,
        "price_kilo": 12.99,
        "slug": "maquillaje-skin-tint-vit-c-n21",
        "description": "Maquillaje Skin Tint Vit C N\u00ba21 1 U",
        "image": "https:\/\/cdn-consum.aktiosdigitalservices.com\/tol\/consum\/media\/product\/img\/300x300\/7428050.jpg?t=20241217081319"
    },
    {
        "id": 32826,
        "name": "Maquillaje Skin Tint Vit C N\u00ba34 MAYBELLINE",
        "price": 12.99,
        "price_kilo": 12.99,
        "slug": "maquillaje-skin-tint-vit-c-n34",
        "description": "Maquillaje Skin Tint Vit C N\u00ba34 1 U",
        "image": "https:\/\/cdn-consum.aktiosdigitalservices.com\/tol\/consum\/media\/product\/img\/300x300\/7428055.jpg?t=20250312092838"
    },
    {
        "id": 32827,
        "name": "Maquillaje Skin Tint Vit C N\u00ba48 MAYBELLINE",
        "price": 12.99,
        "price_kilo": 12.99,
        "slug": "maquillaje-skin-tint-vit-c-n48",
        "description": "Maquillaje Skin Tint Vit C N\u00ba48 1 U",
        "image": "https:\/\/cdn-consum.aktiosdigitalservices.com\/tol\/consum\/media\/product\/img\/300x300\/7428068.jpg?t=20250312092838"
    },
    {
        "id": 32835,
        "name": "Perfilador Ojos Negro Doble Punta Khol+L\u00edquido REVLON",
        "price": 10.75,
        "price_kilo": 10.75,
        "slug": "perfilador-ojos-negro-doble-punta-kholliquido",
        "description": "Perfilador Ojos Negro Doble Punta Khol+L\u00edquido 1 U",
        "image": "https:\/\/cdn-consum.aktiosdigitalservices.com\/tol\/consum\/media\/product\/img\/300x300\/7428378.jpg?t=20250312092838"
    },
    {
        "id": 32836,
        "name": "Perfilador Ojos Azul Khol Blanco+L\u00edquido Azul REVLON",
        "price": 10.75,
        "price_kilo": 10.75,
        "slug": "perfilador-ojos-azul-khol-blancoliquido-azul",
        "description": "Perfilador Ojos Azul Khol Blanco+L\u00edquido Azul 1 U",
        "image": "https:\/\/cdn-consum.aktiosdigitalservices.com\/tol\/consum\/media\/product\/img\/300x300\/7428381.jpg?t=20250312092838"
    },
    {
        "id": 32837,
        "name": "Pat\u00e9 de Pimienta Frasco TARRADELLAS",
        "price": 1.39,
        "price_kilo": 11.12,
        "slug": "pate-de-pimienta-frasco",
        "description": "Pat\u00e9 de Pimienta Frasco 125 Gr",
        "image": "https:\/\/cdn-consum.aktiosdigitalservices.com\/tol\/consum\/media\/product\/img\/300x300\/7428782.jpg?t=20250206100913"
    },
    {
        "id": 32838,
        "name": "Pat\u00e9 Finas Hierbas Frasco TARRADELLAS",
        "price": 1.39,
        "price_kilo": 11.12,
        "slug": "pate-finas-hierbas-frasco",
        "description": "Pat\u00e9 Finas Hierbas Frasco 125 Gr",
        "image": "https:\/\/cdn-consum.aktiosdigitalservices.com\/tol\/consum\/media\/product\/img\/300x300\/7428803.jpg?t=20250206100915"
    },
    {
        "id": 32839,
        "name": "Bechamel Sin Gluten Minibrik Pack de 3 ASTURIANA",
        "price": 2.5,
        "price_kilo": 4.17,
        "slug": "bechamel-sin-gluten-minibrik-pack-de-3",
        "description": "Bechamel Sin Gluten Minibrik Pack de 3 3 x 200 ml",
        "image": "https:\/\/cdn-consum.aktiosdigitalservices.com\/tol\/consum\/media\/product\/img\/300x300\/7406424.jpg?t=20250311112223"
    },
    {
        "id": 32840,
        "name": "Patatas Fritas Extra crujientes CONSUM",
        "price": 1.59,
        "price_kilo": 8.83,
        "slug": "patatas-fritas-extra-crujientes",
        "description": "Patatas Fritas Extra crujientes Aceite girasol 180 Gr",
        "image": "https:\/\/cdn-consum.aktiosdigitalservices.com\/tol\/consum\/media\/product\/img\/300x300\/7411858.jpg?t=20250312092823"
    },
    {
        "id": 32841,
        "name": "Filete Merluza Argentina Sin piel CONSUM",
        "price": 6.29,
        "price_kilo": 8.39,
        "slug": "filete-merluza-argentina-sin-piel",
        "description": "Filete Merluza Argentina Sin piel 750 Gr",
        "image": "https:\/\/cdn-consum.aktiosdigitalservices.com\/tol\/consum\/media\/product\/img\/300x300\/7416530.jpg?t=20250301080014"
    },
    {
        "id": 32843,
        "name": "Bonito del Norte en Escabeche ORTIZ",
        "price": 3.79,
        "price_kilo": 40.32,
        "slug": "bonito-del-norte-en-escabeche",
        "description": "Bonito del Norte en Escabeche 2 x 47 Gr",
        "image": "https:\/\/cdn-consum.aktiosdigitalservices.com\/tol\/consum\/media\/product\/img\/300x300\/7427537.jpg?t=20241217081318"
    },
    {
        "id": 32844,
        "name": "Frankfurt Plant Based BETT.BALANCE",
        "price": 3.99,
        "price_kilo": 19.95,
        "slug": "frankfurt-plant-based",
        "description": "Frankfurt Plant Based 200 Gr",
        "image": "https:\/\/cdn-consum.aktiosdigitalservices.com\/tol\/consum\/media\/product\/img\/300x300\/7427644.jpg?t=20250128080637"
    },
    {
        "id": 32845,
        "name": "Pastillas Lavavajillas Excellence 4 en 1 SOMAT",
        "price": 7.65,
        "price_kilo": 0.27,
        "slug": "pastillas-lavavajillas-excellence-4-en-1",
        "description": "Pastillas Lavavajillas Excellence 4 en 1 28 U",
        "image": "https:\/\/cdn-consum.aktiosdigitalservices.com\/tol\/consum\/media\/product\/img\/300x300\/7427800.jpg?t=20250312092837"
    },
    {
        "id": 32847,
        "name": "Fideos Orientales Pollo Pack de 4 YATEKOMO",
        "price": 5.25,
        "price_kilo": 21.88,
        "slug": "fideos-orientales-pollo-pack-de-4",
        "description": "Fideos Orientales Pollo Pack de 4 4 x 60 Gr",
        "image": "https:\/\/cdn-consum.aktiosdigitalservices.com\/tol\/consum\/media\/product\/img\/300x300\/7427847.jpg?t=20250312092838"
    },
    {
        "id": 32850,
        "name": "Vino Tinto Shiraz D.O. Utiel Requena HOYA CADENAS",
        "price": 3.99,
        "price_kilo": 5.32,
        "slug": "vino-tinto-shiraz-do-utiel-requena",
        "description": "Vino Tinto Shiraz D.O. Utiel Requena 0,75 L",
        "image": "https:\/\/cdn-consum.aktiosdigitalservices.com\/tol\/consum\/media\/product\/img\/300x300\/7428811.jpg?t=20250227094850"
    },
    {
        "id": 32853,
        "name": "Lubricante Naturals Hidratante DUREX",
        "price": 15.8,
        "price_kilo": 15.8,
        "slug": "lubricante-naturals-hidratante",
        "description": "Lubricante Naturals Hidratante 100 ml",
        "image": "https:\/\/cdn-consum.aktiosdigitalservices.com\/tol\/consum\/media\/product\/img\/300x300\/7429038.jpg?t=20250313081132"
    },
    {
        "id": 32856,
        "name": "Patatas Extra Crujientes Aceite Oliva Bolsa CONSUM",
        "price": 1.99,
        "price_kilo": 15.31,
        "slug": "patatas-extra-crujientes-aceite-oliva-bolsa",
        "description": "Patatas Extra Crujientes Aceite Oliva Bolsa 130 Gr",
        "image": "https:\/\/cdn-consum.aktiosdigitalservices.com\/tol\/consum\/media\/product\/img\/300x300\/7425606.jpg?t=20250109110051"
    },
    {
        "id": 32861,
        "name": "Colas de Rape del Cabo congeladas CONSUM",
        "price": 8.99,
        "price_kilo": 14.98,
        "slug": "colas-de-rape-del-cabo-congeladas",
        "description": "Colas de Rape del Cabo congeladas 600 Gr",
        "image": "https:\/\/cdn-consum.aktiosdigitalservices.com\/tol\/consum\/media\/product\/img\/300x300\/7415276.jpg?t=20250312092828"
    },
    {
        "id": 32862,
        "name": "Mini Bomb\u00f3n Blanco Biscoff LOTUS",
        "price": 4.79,
        "price_kilo": 13.3,
        "slug": "mini-bombon-blanco-biscoff",
        "description": "Mini Bomb\u00f3n Blanco Biscoff 6 x 60 ml",
        "image": "https:\/\/cdn-consum.aktiosdigitalservices.com\/tol\/consum\/media\/product\/img\/300x300\/7415953.jpg?t=20250227094512"
    },
    {
        "id": 32863,
        "name": "Pizza Barbacoa CONSUM",
        "price": 2.5,
        "price_kilo": 7.14,
        "slug": "pizza-barbacoa",
        "description": "Pizza Barbacoa 350 Gr",
        "image": "https:\/\/cdn-consum.aktiosdigitalservices.com\/tol\/consum\/media\/product\/img\/300x300\/7416139.jpg?t=20241217081258"
    },
    {
        "id": 32928,
        "name": "Lote Lay's Gourmet LAY'S",
        "price": 4.19,
        "price_kilo": 12.32,
        "slug": "lote-lays-gourmet",
        "description": "Lote Lay's Gourmet 2 x 170 Gr",
        "image": "https:\/\/cdn-consum.aktiosdigitalservices.com\/tol\/consum\/media\/product\/img\/300x300\/7427834.jpg?t=20250318081003"
    },
    {
        "id": 32931,
        "name": "Aceituna Alore\u00f1a Partida Ali\u00f1o al Natural JOLCA",
        "price": 3.99,
        "price_kilo": 9.98,
        "slug": "aceituna-alorena-partida-alino-al-natural",
        "description": "Aceituna Alore\u00f1a Partida Ali\u00f1o al Natural 400 Gr",
        "image": "https:\/\/cdn-consum.aktiosdigitalservices.com\/tol\/consum\/media\/product\/img\/300x300\/7428225.jpg?t=20250318080720"
    },
    {
        "id": 32933,
        "name": "Toallitas Desmaquillantes Piel Seca NIVEA",
        "price": 2.59,
        "price_kilo": 0.1,
        "slug": "toallitas-desmaquillantes-piel-seca",
        "description": "Toallitas Desmaquillantes Piel Seca 25 U",
        "image": "https:\/\/cdn-consum.aktiosdigitalservices.com\/tol\/consum\/media\/product\/img\/300x300\/7428431.jpg?t=20250311125353"
    },
    {
        "id": 32935,
        "name": "Aceitunas Negras Cacere\u00f1as Sin Hueso SERPIS",
        "price": 1.99,
        "price_kilo": 15.31,
        "slug": "aceitunas-negras-cacerenas-sin-hueso",
        "description": "Aceitunas Negras Cacere\u00f1as Sin Hueso 130 Gr",
        "image": "https:\/\/cdn-consum.aktiosdigitalservices.com\/tol\/consum\/media\/product\/img\/300x300\/7428774.jpg?t=20250313081130"
    },
    {
        "id": 32936,
        "name": "Burger Angus M.Vergara 2 Unidades M. VERGARA",
        "price": 5.39,
        "price_kilo": 16.84,
        "slug": "burger-angus-mvergara-2-unidades",
        "description": "Burger Angus M.Vergara 2 Unidades 320 Gr",
        "image": "https:\/\/cdn-consum.aktiosdigitalservices.com\/tol\/consum\/media\/product\/img\/300x300\/7428910.jpg?t=20250107075953"
    },
    {
        "id": 32939,
        "name": "Bolas de Cereal Cubiertas de Chocolate MALTESERS",
        "price": 3.99,
        "price_kilo": 22.8,
        "slug": "bolas-de-cereal-cubiertas-de-chocolate",
        "description": "Bolas de Cereal Cubiertas de Chocolate 175 Gr",
        "image": "https:\/\/cdn-consum.aktiosdigitalservices.com\/tol\/consum\/media\/product\/img\/300x300\/7429202.jpg?t=20250311134848"
    },
    {
        "id": 32940,
        "name": "Barrita Chocolate con Leche JUNGLY",
        "price": 1.79,
        "price_kilo": 17.55,
        "slug": "barrita-chocolate-con-leche",
        "description": "Barrita Chocolate con Leche 3 x 34 Gr",
        "image": "https:\/\/cdn-consum.aktiosdigitalservices.com\/tol\/consum\/media\/product\/img\/300x300\/7429207.jpg?t=20250311134850"
    },
    {
        "id": 32941,
        "name": "Snatts Bocaditos Ajo y Perejil GREFUSA",
        "price": 1.41,
        "price_kilo": 12.82,
        "slug": "snatts-bocaditos-ajo-y-perejil",
        "description": "Snatts Bocaditos Ajo y Perejil 110 Gr",
        "image": "https:\/\/cdn-consum.aktiosdigitalservices.com\/tol\/consum\/media\/product\/img\/300x300\/7429335.jpg?t=20250311112851"
    },
    {
        "id": 32943,
        "name": "Caf\u00e9 South Asia Espresso 10 C\u00e1psulas NESCAFE",
        "price": 3.69,
        "price_kilo": 0.37,
        "slug": "cafe-south-asia-espresso-10-capsulas",
        "description": "Caf\u00e9 South Asia Espresso 10 C\u00e1psulas 10 U",
        "image": "https:\/\/cdn-consum.aktiosdigitalservices.com\/tol\/consum\/media\/product\/img\/300x300\/7429582.jpg?t=20250312161338"
    },
    {
        "id": 32946,
        "name": "Limpiador Manchas de Humedad SANICENTRO",
        "price": 3.59,
        "price_kilo": 4.79,
        "slug": "limpiador-manchas-de-humedad",
        "description": "Limpiador Manchas de Humedad 750 ml",
        "image": "https:\/\/cdn-consum.aktiosdigitalservices.com\/tol\/consum\/media\/product\/img\/300x300\/7429673.jpg?t=20250227094902"
    },
    {
        "id": 32950,
        "name": "Rodaja At\u00fan Marinado Congelado MSC CONSUM",
        "price": 4.66,
        "price_kilo": 18.65,
        "slug": "rodaja-atun-marinado-congelado-msc",
        "description": "Rodaja At\u00fan Marinado Congelado MSC",
        "image": "https:\/\/cdn-consum.aktiosdigitalservices.com\/tol\/consum\/media\/product\/img\/300x300\/7427813.jpg?t=20250311125350"
    },
    {
        "id": 32956,
        "name": "Flan de Clara de Huevo Rico en Prote\u00ednas 0%0% REINA",
        "price": 2.19,
        "price_kilo": 6.84,
        "slug": "flan-de-clara-de-huevo-rico-en-proteinas-00",
        "description": "Flan de Clara de Huevo Rico en Prote\u00ednas 0%0% 2 x 160 Gr",
        "image": "https:\/\/cdn-consum.aktiosdigitalservices.com\/tol\/consum\/media\/product\/img\/300x300\/7428865.jpg?t=20250227094852"
    },
    {
        "id": 32960,
        "name": "Rodaja Rape del Cabo Congelada CONSUM",
        "price": 5.48,
        "price_kilo": 21.9,
        "slug": "rodaja-rape-del-cabo-congelada",
        "description": "Rodaja Rape del Cabo Congelada",
        "image": "https:\/\/cdn-consum.aktiosdigitalservices.com\/tol\/consum\/media\/product\/img\/300x300\/7428949.jpg?t=20250301080107"
    },
    {
        "id": 32961,
        "name": "Chocolate Extrafino Dulce de Leche NESTLE",
        "price": 1.25,
        "price_kilo": 15.06,
        "slug": "chocolate-extrafino-dulce-de-leche",
        "description": "Chocolate Extrafino Dulce de Leche 83 Gr",
        "image": "https:\/\/cdn-consum.aktiosdigitalservices.com\/tol\/consum\/media\/product\/img\/300x300\/7428998.jpg?t=20250312161325"
    },
    {
        "id": 32962,
        "name": "Dent\u00edfrico Active Fresh AQUAFRESH",
        "price": 2.49,
        "price_kilo": 1.99,
        "slug": "dentifrico-active-fresh",
        "description": "Dent\u00edfrico Active Fresh 125 ml",
        "image": "https:\/\/cdn-consum.aktiosdigitalservices.com\/tol\/consum\/media\/product\/img\/300x300\/7429025.jpg?t=20250312161329"
    },
    {
        "id": 32963,
        "name": "Dent\u00edfrico Active White AQUAFRESH",
        "price": 2.49,
        "price_kilo": 1.99,
        "slug": "dentifrico-active-white",
        "description": "Dent\u00edfrico Active White 125 ml",
        "image": "https:\/\/cdn-consum.aktiosdigitalservices.com\/tol\/consum\/media\/product\/img\/300x300\/7429033.jpg?t=20250206100926"
    },
    {
        "id": 32964,
        "name": "Caracol Cabrilla PERIBA\u00d1EZ",
        "price": 2.38,
        "price_kilo": 7.93,
        "slug": "caracol-cabrilla",
        "description": "Caracol Cabrilla 300 Gr",
        "image": "https:\/\/cdn-consum.aktiosdigitalservices.com\/tol\/consum\/media\/product\/img\/300x300\/7429066.jpg?t=20250318080727"
    },
    {
        "id": 32966,
        "name": "Huevo Ecol\u00f3gico Decena Diferentes Calibres MONTERDE",
        "price": 4.57,
        "price_kilo": 5.51,
        "slug": "huevo-ecologico-decena-diferentes-calibres",
        "description": "Huevo Ecol\u00f3gico Decena Diferentes Calibres 0,83 Dc",
        "image": "https:\/\/cdn-consum.aktiosdigitalservices.com\/tol\/consum\/media\/product\/img\/300x300\/7429392.jpg?t=20250311112853"
    },
    {
        "id": 32967,
        "name": "Tinte Intensive 7.1 Rubio Medio Ceniza PALETTE",
        "price": 4.79,
        "price_kilo": 4.79,
        "slug": "tinte-intensive-71-rubio-medio-ceniza",
        "description": "Tinte Intensive 7.1 Rubio Medio Ceniza 1 U",
        "image": "https:\/\/cdn-consum.aktiosdigitalservices.com\/tol\/consum\/media\/product\/img\/300x300\/7429421.jpg?t=20250312161330"
    },
    {
        "id": 32968,
        "name": "Tinte Intensive U71 Gris Plata PALETTE",
        "price": 4.79,
        "price_kilo": 4.79,
        "slug": "tinte-intensive-u71-gris-plata",
        "description": "Tinte Intensive U71 Gris Plata 1 U",
        "image": "https:\/\/cdn-consum.aktiosdigitalservices.com\/tol\/consum\/media\/product\/img\/300x300\/7429434.jpg?t=20250312161332"
    },
    {
        "id": 32969,
        "name": "Tinte Intensive 6.1 Rubio Oscuro PALETTE",
        "price": 4.79,
        "price_kilo": 4.79,
        "slug": "tinte-intensive-61-rubio-oscuro",
        "description": "Tinte Intensive 6.1 Rubio Oscuro 1 U",
        "image": "https:\/\/cdn-consum.aktiosdigitalservices.com\/tol\/consum\/media\/product\/img\/300x300\/7429439.jpg?t=20250312161334"
    },
    {
        "id": 32970,
        "name": "Tinte Intensive 6.88 Rojo Rub\u00ed PALETTE",
        "price": 4.79,
        "price_kilo": 4.79,
        "slug": "tinte-intensive-688-rojo-rubi",
        "description": "Tinte Intensive 6.88 Rojo Rub\u00ed 1 U",
        "image": "https:\/\/cdn-consum.aktiosdigitalservices.com\/tol\/consum\/media\/product\/img\/300x300\/7429442.jpg?t=20250312161336"
    },
    {
        "id": 32973,
        "name": "Retoca Ra\u00edces Compacto Rubio Oscuro PALETTE",
        "price": 5.65,
        "price_kilo": 5.65,
        "slug": "retoca-raices-compacto-rubio-oscuro",
        "description": "Retoca Ra\u00edces Compacto Rubio Oscuro 1 U",
        "image": "https:\/\/cdn-consum.aktiosdigitalservices.com\/tol\/consum\/media\/product\/img\/300x300\/7429462.jpg?t=20250312092838"
    },
    {
        "id": 32974,
        "name": "Pat\u00e9 de Pato C\/Cebolla Caramelizada MARTIKO",
        "price": 2.25,
        "price_kilo": 30,
        "slug": "pate-de-pato-c-cebolla-caramelizada",
        "description": "Pat\u00e9 de Pato C\/Cebolla Caramelizada 75 Gr",
        "image": "https:\/\/cdn-consum.aktiosdigitalservices.com\/tol\/consum\/media\/product\/img\/300x300\/7429470.jpg?t=20250227094901"
    },
    {
        "id": 32975,
        "name": "Pan Rallado Sin Gluten GALLO",
        "price": 2.22,
        "price_kilo": 7.4,
        "slug": "pan-rallado-sin-gluten",
        "description": "Pan Rallado Sin Gluten 300 Gr",
        "image": "https:\/\/cdn-consum.aktiosdigitalservices.com\/tol\/consum\/media\/product\/img\/300x300\/7429558.jpg?t=20250228080658"
    },
    {
        "id": 32983,
        "name": "Aros Cebolla MC CAIN",
        "price": 2.99,
        "price_kilo": 8.54,
        "slug": "aros-cebolla",
        "description": "Aros Cebolla 350 Gr",
        "image": "https:\/\/cdn-consum.aktiosdigitalservices.com\/tol\/consum\/media\/product\/img\/300x300\/7429660.jpg?t=20250311134852"
    },
    {
        "id": 32984,
        "name": "Toallitas Desmaquillantes Piel Normal NIVEA",
        "price": 2.59,
        "price_kilo": 0.1,
        "slug": "toallitas-desmaquillantes-piel-normal",
        "description": "Toallitas Desmaquillantes Piel Normal 25 U",
        "image": "https:\/\/cdn-consum.aktiosdigitalservices.com\/tol\/consum\/media\/product\/img\/300x300\/7429678.jpg?t=20250311125400"
    },
    {
        "id": 32985,
        "name": "Tinte Negro Azulado 2.10 Color Sensation GARNIER",
        "price": 3.9,
        "price_kilo": 3.9,
        "slug": "tinte-negro-azulado-210-color-sensation",
        "description": "Tinte Negro Azulado 2.10 Color Sensation 1 U",
        "image": "https:\/\/cdn-consum.aktiosdigitalservices.com\/tol\/consum\/media\/product\/img\/300x300\/7429686.jpg?t=20241224081016"
    },
    {
        "id": 32986,
        "name": "Tinte Rojo Oscuro Color Sensation GARNIER",
        "price": 3.9,
        "price_kilo": 3.9,
        "slug": "tinte-rojo-oscuro-color-sensation",
        "description": "Tinte Rojo Oscuro Color Sensation 1 U",
        "image": "https:\/\/cdn-consum.aktiosdigitalservices.com\/tol\/consum\/media\/product\/img\/300x300\/7429710.jpg?t=20241217081323"
    },
    {
        "id": 32994,
        "name": "Bandas Depilatorias Pieles Sensibles BODY NATUR",
        "price": 2.29,
        "price_kilo": 0.14,
        "slug": "bandas-depilatorias-pieles-sensibles",
        "description": "Bandas Depilatorias Pieles Sensibles 16 U",
        "image": "https:\/\/cdn-consum.aktiosdigitalservices.com\/tol\/consum\/media\/product\/img\/300x300\/7429769.jpg?t=20250312092838"
    },
    {
        "id": 32995,
        "name": "Queso Havarti Barra ARLA",
        "price": 15.9,
        "price_kilo": 15.9,
        "slug": "queso-havarti-barra",
        "description": "Queso Havarti Barra",
        "image": "https:\/\/cdn-consum.aktiosdigitalservices.com\/tol\/consum\/media\/product\/img\/300x300\/7429793.jpg?t=20250322080051"
    },
    {
        "id": 32997,
        "name": "Pa\u00f1al Sensitive Talla 2 De 4 a 8 Kg DODOT",
        "price": 20.95,
        "price_kilo": 0.36,
        "slug": "panal-sensitive-talla-2-de-4-a-8-kg",
        "description": "Pa\u00f1al Sensitive Talla 2 De 4 a 8 Kg 58 U",
        "image": "https:\/\/cdn-consum.aktiosdigitalservices.com\/tol\/consum\/media\/product\/img\/300x300\/7430155.jpg?t=20241217081325"
    },
    {
        "id": 32998,
        "name": "Margarina Vegetal Tarrina TULIPAN",
        "price": 2.65,
        "price_kilo": 6.63,
        "slug": "margarina-vegetal-tarrina",
        "description": "Margarina Vegetal Tarrina 400 Gr",
        "image": "https:\/\/cdn-consum.aktiosdigitalservices.com\/tol\/consum\/media\/product\/img\/300x300\/7430171.jpg?t=20250227094907"
    },
    {
        "id": 33000,
        "name": "Loci\u00f3n Elimina Piojos Con Lendrera PARANIX",
        "price": 20.5,
        "price_kilo": 13.67,
        "slug": "locion-elimina-piojos-con-lendrera",
        "description": "Loci\u00f3n Elimina Piojos Con Lendrera 150 ml",
        "image": "https:\/\/cdn-consum.aktiosdigitalservices.com\/tol\/consum\/media\/product\/img\/300x300\/7430283.jpg?t=20250312092838"
    },
    {
        "id": 33001,
        "name": "Postre 0%0% Proteico Stracciatella YOPRO DANONE",
        "price": 2.59,
        "price_kilo": 8.09,
        "slug": "postre-00-proteico-stracciatella",
        "description": "Postre 0%0% Proteico Stracciatella 2 x 160 Gr",
        "image": "https:\/\/cdn-consum.aktiosdigitalservices.com\/tol\/consum\/media\/product\/img\/300x300\/7430296.jpg?t=20250227094909"
    },
    {
        "id": 33004,
        "name": "Yogur 0%0% Prote\u00edna Sabor Stracciatella DANONE",
        "price": 1.89,
        "price_kilo": 4.5,
        "slug": "yogur-00-proteina-sabor-stracciatella",
        "description": "Yogur 0%0% Prote\u00edna Sabor Stracciatella 4 x 105 Gr",
        "image": "https:\/\/cdn-consum.aktiosdigitalservices.com\/tol\/consum\/media\/product\/img\/300x300\/7430312.jpg?t=20250227094911"
    },
    {
        "id": 33006,
        "name": "Lomo Embuchado 50% Duroc LORIENTE",
        "price": 20.5,
        "price_kilo": 20.5,
        "slug": "lomo-embuchado-50-duroc",
        "description": "Lomo Embuchado 50% Duroc",
        "image": "https:\/\/cdn-consum.aktiosdigitalservices.com\/tol\/consum\/media\/product\/img\/300x300\/7430408.jpg?t=20250321080013"
    },
    {
        "id": 33015,
        "name": "Cerveza 0%0 Pack de 6 Botellas HOCHSTER",
        "price": 2.1,
        "price_kilo": 1.4,
        "slug": "cerveza-00-pack-de-6-botellas",
        "description": "Cerveza 0%0 Pack de 6 Botellas 6 x 0,25 L",
        "image": "https:\/\/cdn-consum.aktiosdigitalservices.com\/tol\/consum\/media\/product\/img\/300x300\/7426765.jpg?t=20241217081318"
    },
    {
        "id": 33021,
        "name": "Tinte Rubio Platino Ceniz Color Sensation S9 GARNIER",
        "price": 3.9,
        "price_kilo": 3.9,
        "slug": "tinte-rubio-platino-ceniz-color-sensation-s9",
        "description": "Tinte Rubio Platino Ceniz Color Sensation S9 1 U",
        "image": "https:\/\/cdn-consum.aktiosdigitalservices.com\/tol\/consum\/media\/product\/img\/300x300\/7429699.jpg?t=20241217081323"
    },
    {
        "id": 33022,
        "name": "Tinte 4.0 Casta\u00f1o Color Sensation GARNIER",
        "price": 3.9,
        "price_kilo": 3.9,
        "slug": "tinte-40-castano-color-sensation",
        "description": "Tinte 4.0 Casta\u00f1o Color Sensation 1 U",
        "image": "https:\/\/cdn-consum.aktiosdigitalservices.com\/tol\/consum\/media\/product\/img\/300x300\/7429707.jpg?t=20241217081323"
    },
    {
        "id": 33023,
        "name": "Tinte Rubio Dorado 7.3 Color Sensation GARNIER",
        "price": 3.9,
        "price_kilo": 3.9,
        "slug": "tinte-rubio-dorado-73-color-sensation",
        "description": "Tinte Rubio Dorado 7.3 Color Sensation 1 U",
        "image": "https:\/\/cdn-consum.aktiosdigitalservices.com\/tol\/consum\/media\/product\/img\/300x300\/7429736.jpg?t=20241217081323"
    },
    {
        "id": 33025,
        "name": "100 Mejores Suplemento Alex Ya\u00f1ez AMAT",
        "price": 18.85,
        "price_kilo": 18.85,
        "slug": "100-mejores-suplemento-alex-yanez",
        "description": "100 Mejores Suplemento Alex Ya\u00f1ez 1 U",
        "image": "https:\/\/cdn-consum.aktiosdigitalservices.com\/tol\/consum\/media\/product\/img\/300x300\/7415375.jpg?t=20250312092828"
    },
    {
        "id": 33055,
        "name": "Detergente C\u00e1psulas Active CONSUM",
        "price": 4.49,
        "price_kilo": 0.19,
        "slug": "detergente-capsulas-active",
        "description": "Detergente C\u00e1psulas Active 24 Lv",
        "image": "https:\/\/cdn-consum.aktiosdigitalservices.com\/tol\/consum\/media\/product\/img\/300x300\/7423721.jpg?t=20250212080245"
    },
    {
        "id": 33064,
        "name": "Nuez C\u00e1scara Nacional Malla CONSUM",
        "price": 3.69,
        "price_kilo": 7.38,
        "slug": "nuez-cascara-nacional-malla",
        "description": "Nuez C\u00e1scara Nacional Malla 500 Gr",
        "image": "https:\/\/cdn-consum.aktiosdigitalservices.com\/tol\/consum\/media\/product\/img\/300x300\/7426872.jpg?t=20250221080203"
    },
    {
        "id": 33071,
        "name": "Caldo Pollo con Jam\u00f3n Enrique Tom\u00e1s G.BLANCA",
        "price": 2.99,
        "price_kilo": 2.99,
        "slug": "caldo-pollo-con-jamon-enrique-tomas",
        "description": "Caldo Pollo con Jam\u00f3n Enrique Tom\u00e1s 1 L",
        "image": "https:\/\/cdn-consum.aktiosdigitalservices.com\/tol\/consum\/media\/product\/img\/300x300\/7428761.jpg?t=20250318080724"
    },
    {
        "id": 33075,
        "name": "Pipas Tijuana Bolsa GREFUSA",
        "price": 1.85,
        "price_kilo": 11.21,
        "slug": "pipas-tijuana-bolsa",
        "description": "Pipas Tijuana Bolsa 165 Gr",
        "image": "https:\/\/cdn-consum.aktiosdigitalservices.com\/tol\/consum\/media\/product\/img\/300x300\/7429046.jpg?t=20250320080305"
    },
    {
        "id": 33094,
        "name": "Lenteja Verdina DON PEDRO",
        "price": 1.65,
        "price_kilo": 3.3,
        "slug": "lenteja-verdina",
        "description": "Lenteja Verdina 500 Gr",
        "image": "https:\/\/cdn-consum.aktiosdigitalservices.com\/tol\/consum\/media\/product\/img\/300x300\/7429744.jpg?t=20250312092838"
    },
    {
        "id": 33096,
        "name": "Jab\u00f3n de Afeitar Piel Sensible LEA",
        "price": 1.55,
        "price_kilo": 3.88,
        "slug": "jabon-de-afeitar-piel-sensible",
        "description": "Jab\u00f3n de Afeitar Piel Sensible 40 Gr",
        "image": "https:\/\/cdn-consum.aktiosdigitalservices.com\/tol\/consum\/media\/product\/img\/300x300\/7430064.jpg?t=20241217081325"
    },
    {
        "id": 33097,
        "name": "Margarina con Sal Tarrina TULIPAN",
        "price": 2.65,
        "price_kilo": 6.63,
        "slug": "margarina-con-sal-tarrina",
        "description": "Margarina con Sal Tarrina 400 Gr",
        "image": "https:\/\/cdn-consum.aktiosdigitalservices.com\/tol\/consum\/media\/product\/img\/300x300\/7430189.jpg?t=20250227094908"
    },
    {
        "id": 33100,
        "name": "Infusi\u00f3n Melatonina y Pasiflora POMPADOUR",
        "price": 2.99,
        "price_kilo": 0.2,
        "slug": "infusion-melatonina-y-pasiflora",
        "description": "Infusi\u00f3n Melatonina y Pasiflora 15 U",
        "image": "https:\/\/cdn-consum.aktiosdigitalservices.com\/tol\/consum\/media\/product\/img\/300x300\/7430374.jpg?t=20250311134855"
    },
    {
        "id": 33102,
        "name": "Infusi\u00f3n Magnesio y Vitamina C POMPADOUR",
        "price": 2.99,
        "price_kilo": 0.2,
        "slug": "infusion-magnesio-y-vitamina-c",
        "description": "Infusi\u00f3n Magnesio y Vitamina C 15 U",
        "image": "https:\/\/cdn-consum.aktiosdigitalservices.com\/tol\/consum\/media\/product\/img\/300x300\/7430382.jpg?t=20250311134857"
    },
    {
        "id": 33103,
        "name": "S\u00faper Acondicionador Dream Long ELVIVE",
        "price": 4.19,
        "price_kilo": 1.4,
        "slug": "super-acondicionador-dream-long",
        "description": "S\u00faper Acondicionador Dream Long 300 ml",
        "image": "https:\/\/cdn-consum.aktiosdigitalservices.com\/tol\/consum\/media\/product\/img\/300x300\/7430478.jpg?t=20250312161340"
    },
    {
        "id": 33109,
        "name": "Pan Burger 4 Unidades DULCESOL",
        "price": 0.84,
        "price_kilo": 4.2,
        "slug": "pan-burger-4-unidades",
        "description": "Pan Burger 4 Unidades 200 Gr",
        "image": "https:\/\/cdn-consum.aktiosdigitalservices.com\/tol\/consum\/media\/product\/img\/300x300\/7430643.jpg?t=20250313081138"
    },
    {
        "id": 33110,
        "name": "Hot Dog Rustic 6 Unidades DULCESOL",
        "price": 1.41,
        "price_kilo": 4.27,
        "slug": "hot-dog-rustic-6-unidades",
        "description": "Hot Dog Rustic 6 Unidades 330 Gr",
        "image": "https:\/\/cdn-consum.aktiosdigitalservices.com\/tol\/consum\/media\/product\/img\/300x300\/7430650.jpg?t=20250320080312"
    },
    {
        "id": 33112,
        "name": "Pan Brioche con Mantequilla DULCESOL",
        "price": 2.54,
        "price_kilo": 5.64,
        "slug": "pan-brioche-con-mantequilla",
        "description": "Pan Brioche con Mantequilla 450 Gr",
        "image": "https:\/\/cdn-consum.aktiosdigitalservices.com\/tol\/consum\/media\/product\/img\/300x300\/7430668.jpg?t=20250311112928"
    },
    {
        "id": 33113,
        "name": "Queso Roquefort Cu\u00f1a PAPILLON",
        "price": 2.79,
        "price_kilo": 27.9,
        "slug": "queso-roquefort-cuna",
        "description": "Queso Roquefort Cu\u00f1a 100 Gr",
        "image": "https:\/\/cdn-consum.aktiosdigitalservices.com\/tol\/consum\/media\/product\/img\/300x300\/7430676.jpg?t=20250103082653"
    },
    {
        "id": 33118,
        "name": "Pastilla Cisterna WC Marino CONSUM",
        "price": 1.45,
        "price_kilo": 0.36,
        "slug": "pastilla-cisterna-wc-marino",
        "description": "Pastilla Cisterna WC Marino 4 U",
        "image": "https:\/\/cdn-consum.aktiosdigitalservices.com\/tol\/consum\/media\/product\/img\/300x300\/7412349.jpg?t=20241217081253"
    },
    {
        "id": 33119,
        "name": "Arroz Integral CONSUM",
        "price": 1.76,
        "price_kilo": 1.76,
        "slug": "arroz-integral",
        "description": "Arroz Integral 1 Kg",
        "image": "https:\/\/cdn-consum.aktiosdigitalservices.com\/tol\/consum\/media\/product\/img\/300x300\/7413370.jpg?t=20250103082445"
    },
    {
        "id": 33121,
        "name": "Detergente C\u00e1psulas Essence CONSUM",
        "price": 4.49,
        "price_kilo": 0.19,
        "slug": "detergente-capsulas-essence",
        "description": "Detergente C\u00e1psulas Essence 24 Lv",
        "image": "https:\/\/cdn-consum.aktiosdigitalservices.com\/tol\/consum\/media\/product\/img\/300x300\/7423734.jpg?t=20250312092835"
    },
    {
        "id": 33126,
        "name": "Chocolate con Galleta Filipinos Blanco NESTLE",
        "price": 1.25,
        "price_kilo": 14.88,
        "slug": "chocolate-con-galleta-filipinos-blanco",
        "description": "Chocolate con Galleta Filipinos Blanco 84 Gr",
        "image": "https:\/\/cdn-consum.aktiosdigitalservices.com\/tol\/consum\/media\/product\/img\/300x300\/7429004.jpg?t=20250312161327"
    },
    {
        "id": 33129,
        "name": "Aceituna Rellena Anchoa Lata JOLCA",
        "price": 1.99,
        "price_kilo": 15.31,
        "slug": "aceituna-rellena-anchoa-lata",
        "description": "Aceituna Rellena Anchoa Lata 130 Gr",
        "image": "https:\/\/cdn-consum.aktiosdigitalservices.com\/tol\/consum\/media\/product\/img\/300x300\/7430150.jpg?t=20250318080729"
    },
    {
        "id": 33130,
        "name": "Churros Lazo MAHESO",
        "price": 2.1,
        "price_kilo": 5.25,
        "slug": "churros-lazo",
        "description": "Churros Lazo 400 Gr",
        "image": "https:\/\/cdn-consum.aktiosdigitalservices.com\/tol\/consum\/media\/product\/img\/300x300\/7430197.jpg?t=20250320080308"
    },
    {
        "id": 33136,
        "name": "Croissants Integrales 0% Az\u00facares DULCESOL",
        "price": 1.65,
        "price_kilo": 6.88,
        "slug": "croissants-integrales-0-azucares",
        "description": "Croissants Integrales 0% Az\u00facares 240 Gr",
        "image": "https:\/\/cdn-consum.aktiosdigitalservices.com\/tol\/consum\/media\/product\/img\/300x300\/7430564.jpg?t=20250311112911"
    },
    {
        "id": 33137,
        "name": "Magdalenas 0% Az\u00facares DULCESOL",
        "price": 1.65,
        "price_kilo": 6.88,
        "slug": "magdalenas-0-azucares",
        "description": "Magdalenas 0% Az\u00facares 240 Gr",
        "image": "https:\/\/cdn-consum.aktiosdigitalservices.com\/tol\/consum\/media\/product\/img\/300x300\/7430569.jpg?t=20250311112913"
    },
    {
        "id": 33138,
        "name": "Pechuga de Pollo +Prote\u00edna - 95% Carne BIENSTAR",
        "price": 1.99,
        "price_kilo": 15.31,
        "slug": "pechuga-de-pollo-proteina---95-carne",
        "description": "Pechuga de Pollo +Prote\u00edna - 95% Carne 130 Gr",
        "image": "https:\/\/cdn-consum.aktiosdigitalservices.com\/tol\/consum\/media\/product\/img\/300x300\/7430598.jpg?t=20250312161343"
    },
    {
        "id": 33139,
        "name": "Galleta Tosta Rica Chocoguay m\u00e1s 17% CUETARA",
        "price": 2.45,
        "price_kilo": 17.01,
        "slug": "galleta-tosta-rica-chocoguay-mas-17",
        "description": "Galleta Tosta Rica Chocoguay m\u00e1s 17% 144 Gr",
        "image": "https:\/\/cdn-consum.aktiosdigitalservices.com\/tol\/consum\/media\/product\/img\/300x300\/7430622.jpg?t=20250311112917"
    },
    {
        "id": 33140,
        "name": "Lunas al Cacao Pack 6 Unidades DULCESOL",
        "price": 1,
        "price_kilo": 7.58,
        "slug": "lunas-al-cacao-pack-6-unidades",
        "description": "Lunas al Cacao Pack 6 Unidades 132 Gr",
        "image": "https:\/\/cdn-consum.aktiosdigitalservices.com\/tol\/consum\/media\/product\/img\/300x300\/7430627.jpg?t=20250311112919"
    },
    {
        "id": 33141,
        "name": "Chapelas Extracao Pack 3 Unidades DULCESOL",
        "price": 1,
        "price_kilo": 7.41,
        "slug": "chapelas-extracao-pack-3-unidades",
        "description": "Chapelas Extracao Pack 3 Unidades 135 Gr",
        "image": "https:\/\/cdn-consum.aktiosdigitalservices.com\/tol\/consum\/media\/product\/img\/300x300\/7430630.jpg?t=20250311112921"
    },
    {
        "id": 33142,
        "name": "Rallado 3 Quesos Light Prote\u00ednico ARLA",
        "price": 3.45,
        "price_kilo": 19.71,
        "slug": "rallado-3-quesos-light-proteinico",
        "description": "Rallado 3 Quesos Light Prote\u00ednico 175 Gr",
        "image": "https:\/\/cdn-consum.aktiosdigitalservices.com\/tol\/consum\/media\/product\/img\/300x300\/7430635.jpg?t=20250103082651"
    },
    {
        "id": 33145,
        "name": "Obleas de Arroz Paquete YANG-TSE",
        "price": 2.05,
        "price_kilo": 13.67,
        "slug": "obleas-de-arroz-paquete",
        "description": "Obleas de Arroz Paquete 150 Gr",
        "image": "https:\/\/cdn-consum.aktiosdigitalservices.com\/tol\/consum\/media\/product\/img\/300x300\/7430684.jpg?t=20250212080257"
    },
    {
        "id": 33146,
        "name": "Tostones Patacones Bolsa SOLDANZA",
        "price": 1.49,
        "price_kilo": 24.83,
        "slug": "tostones-patacones-bolsa",
        "description": "Tostones Patacones Bolsa 60 Gr",
        "image": "https:\/\/cdn-consum.aktiosdigitalservices.com\/tol\/consum\/media\/product\/img\/300x300\/7430689.jpg?t=20250312092839"
    },
    {
        "id": 33148,
        "name": "Capellini GAROFALO",
        "price": 1.79,
        "price_kilo": 3.58,
        "slug": "capellini",
        "description": "Capellini 500 Gr",
        "image": "https:\/\/cdn-consum.aktiosdigitalservices.com\/tol\/consum\/media\/product\/img\/300x300\/7430697.jpg?t=20250220081038"
    },
    {
        "id": 33149,
        "name": "Bonito en Aceite de Oliva ORTIZ",
        "price": 3.95,
        "price_kilo": 42.02,
        "slug": "bonito-en-aceite-de-oliva",
        "description": "Bonito en Aceite de Oliva 2 x 47 Gr",
        "image": "https:\/\/cdn-consum.aktiosdigitalservices.com\/tol\/consum\/media\/product\/img\/300x300\/7430705.jpg?t=20241217081327"
    },
    {
        "id": 33151,
        "name": "Colonia Original Muy Suave DENENES",
        "price": 3.85,
        "price_kilo": 0.64,
        "slug": "colonia-original-muy-suave",
        "description": "Colonia Original Muy Suave 600 ml",
        "image": "https:\/\/cdn-consum.aktiosdigitalservices.com\/tol\/consum\/media\/product\/img\/300x300\/7430853.jpg?t=20250227094923"
    },
    {
        "id": 33152,
        "name": "Gel Champ\u00fa Original DENENES",
        "price": 3.85,
        "price_kilo": 0.64,
        "slug": "gel-champu-original",
        "description": "Gel Champ\u00fa Original 600 ml",
        "image": "https:\/\/cdn-consum.aktiosdigitalservices.com\/tol\/consum\/media\/product\/img\/300x300\/7430861.jpg?t=20250227094924"
    },
    {
        "id": 33153,
        "name": "Gel Champ\u00fa Atopic DENENES",
        "price": 3.99,
        "price_kilo": 0.67,
        "slug": "gel-champu-atopic",
        "description": "Gel Champ\u00fa Atopic 600 ml",
        "image": "https:\/\/cdn-consum.aktiosdigitalservices.com\/tol\/consum\/media\/product\/img\/300x300\/7430874.jpg?t=20250227094926"
    },
    {
        "id": 33154,
        "name": "Leche Hidratante Atopic DENENES",
        "price": 3.99,
        "price_kilo": 1,
        "slug": "leche-hidratante-atopic",
        "description": "Leche Hidratante Atopic 400 ml",
        "image": "https:\/\/cdn-consum.aktiosdigitalservices.com\/tol\/consum\/media\/product\/img\/300x300\/7430879.jpg?t=20250227094927"
    },
    {
        "id": 33165,
        "name": "Gomina CONSUM KIDS",
        "price": 1.95,
        "price_kilo": 1.3,
        "slug": "gomina",
        "description": "Gomina 150 ml",
        "image": "https:\/\/cdn-consum.aktiosdigitalservices.com\/tol\/consum\/media\/product\/img\/300x300\/7407984.jpg?t=20241217081247"
    },
    {
        "id": 33166,
        "name": "Copa Cacao y Nata CONSUM",
        "price": 1.35,
        "price_kilo": 2.93,
        "slug": "copa-cacao-y-nata",
        "description": "Copa Cacao y Nata 4 x 115 Gr",
        "image": "https:\/\/cdn-consum.aktiosdigitalservices.com\/tol\/consum\/media\/product\/img\/300x300\/7423036.jpg?t=20241228075824"
    },
    {
        "id": 33172,
        "name": "Rosquillas Bolsa MENDEZ",
        "price": 1.03,
        "price_kilo": 4.48,
        "slug": "rosquillas-bolsa",
        "description": "Rosquillas Bolsa 230 Gr",
        "image": "https:\/\/cdn-consum.aktiosdigitalservices.com\/tol\/consum\/media\/product\/img\/300x300\/7430606.jpg?t=20250311112915"
    },
    {
        "id": 33175,
        "name": "Pizza Pollo TARRADELLAS",
        "price": 3.19,
        "price_kilo": 7.78,
        "slug": "pizza-pollo",
        "description": "Pizza Pollo 410 Gr",
        "image": "https:\/\/cdn-consum.aktiosdigitalservices.com\/tol\/consum\/media\/product\/img\/300x300\/7430838.jpg?t=20250201080116"
    },
    {
        "id": 33184,
        "name": "Cepillo Zig Zag Medio Antibacterias COLGATE",
        "price": 3.59,
        "price_kilo": 1.2,
        "slug": "cepillo-zig-zag-medio-antibacterias",
        "description": "Cepillo Zig Zag Medio Antibacterias 3 U",
        "image": "https:\/\/cdn-consum.aktiosdigitalservices.com\/tol\/consum\/media\/product\/img\/300x300\/7430952.jpg?t=20250227094928"
    },
    {
        "id": 33185,
        "name": "Crema de Afeitar LEA",
        "price": 1.75,
        "price_kilo": 1.75,
        "slug": "crema-de-afeitar",
        "description": "Crema de Afeitar 100 ml",
        "image": "https:\/\/cdn-consum.aktiosdigitalservices.com\/tol\/consum\/media\/product\/img\/300x300\/7430960.jpg?t=20250206101037"
    },
    {
        "id": 33186,
        "name": "S\u00e9rum Power Age Men Expert L'OREAL",
        "price": 11.99,
        "price_kilo": 39.96,
        "slug": "serum-power-age-men-expert",
        "description": "S\u00e9rum Power Age Men Expert 30 ml",
        "image": "https:\/\/cdn-consum.aktiosdigitalservices.com\/tol\/consum\/media\/product\/img\/300x300\/7431062.jpg?t=20250227094931"
    },
    {
        "id": 33187,
        "name": "Contorno de Ojos Power Age Men Expert L'OREAL",
        "price": 13.95,
        "price_kilo": 93,
        "slug": "contorno-de-ojos-power-age-men-expert",
        "description": "Contorno de Ojos Power Age Men Expert 15 ml",
        "image": "https:\/\/cdn-consum.aktiosdigitalservices.com\/tol\/consum\/media\/product\/img\/300x300\/7431067.jpg?t=20250312092839"
    },
    {
        "id": 33194,
        "name": "Spray Fijaci\u00f3n Protector de Calor ELNETT",
        "price": 5.99,
        "price_kilo": 3.52,
        "slug": "spray-fijacion-protector-de-calor",
        "description": "Spray Fijaci\u00f3n Protector de Calor 170 ml",
        "image": "https:\/\/cdn-consum.aktiosdigitalservices.com\/tol\/consum\/media\/product\/img\/300x300\/7431112.jpg?t=20241217081328"
    },
    {
        "id": 33195,
        "name": "Barrita Fitness Protein Cacao 0% Az\u00facares NESTLE",
        "price": 2.39,
        "price_kilo": 29.88,
        "slug": "barrita-fitness-protein-cacao-0-azucares",
        "description": "Barrita Fitness Protein Cacao 0% Az\u00facares 80 Gr",
        "image": "https:\/\/cdn-consum.aktiosdigitalservices.com\/tol\/consum\/media\/product\/img\/300x300\/7431195.jpg?t=20250311134901"
    },
    {
        "id": 33196,
        "name": "Mandarina Malla ",
        "price": 2.69,
        "price_kilo": 1.79,
        "slug": "mandarina-malla",
        "description": "Mandarina Malla 1,5 Kg",
        "image": "https:\/\/cdn-consum.aktiosdigitalservices.com\/tol\/consum\/media\/product\/img\/300x300\/7431430.jpg?t=20250204081909"
    },
    {
        "id": 33197,
        "name": "Crema Manos Reparadora Sin Perfume KYREY",
        "price": 1.59,
        "price_kilo": 1.59,
        "slug": "crema-manos-reparadora-sin-perfume",
        "description": "Crema Manos Reparadora Sin Perfume 100 ml",
        "image": "https:\/\/cdn-consum.aktiosdigitalservices.com\/tol\/consum\/media\/product\/img\/300x300\/7408750.jpg?t=20250204082240"
    },
    {
        "id": 33198,
        "name": "Yogur con Frutas Pack de 8 unidades CONSUM",
        "price": 1.99,
        "price_kilo": 1.99,
        "slug": "yogur-con-frutas-pack-de-8-unidades",
        "description": "Yogur con Frutas Pack de 8 unidades 8 x 125 Gr",
        "image": "https:\/\/cdn-consum.aktiosdigitalservices.com\/tol\/consum\/media\/product\/img\/300x300\/7415461.jpg?t=20241223080534"
    },
    {
        "id": 33199,
        "name": "Delicias Aguinaga al Ajillo CONSUM",
        "price": 1.56,
        "price_kilo": 8.91,
        "slug": "delicias-aguinaga-al-ajillo",
        "description": "Delicias Aguinaga al Ajillo 175 Gr",
        "image": "https:\/\/cdn-consum.aktiosdigitalservices.com\/tol\/consum\/media\/product\/img\/300x300\/7423150.jpg?t=20241217081311"
    },
    {
        "id": 33208,
        "name": "Yogur Griego Natural LA FAGEDA",
        "price": 2.83,
        "price_kilo": 5.66,
        "slug": "yogur-griego-natural",
        "description": "Yogur Griego Natural 4 x 125 Gr",
        "image": "https:\/\/cdn-consum.aktiosdigitalservices.com\/tol\/consum\/media\/product\/img\/300x300\/7430544.jpg?t=20250320080310"
    },
    {
        "id": 33213,
        "name": "Pipas Maxi con Sal Bolsa GREFUSA",
        "price": 2.35,
        "price_kilo": 9.04,
        "slug": "pipas-maxi-con-sal-bolsa",
        "description": "Pipas Maxi con Sal Bolsa 260 Gr",
        "image": "https:\/\/cdn-consum.aktiosdigitalservices.com\/tol\/consum\/media\/product\/img\/300x300\/7430973.jpg?t=20250206101039"
    },
    {
        "id": 33214,
        "name": "Bebida L\u00e1ctea 0%0% Prote\u00edna Stracciatella YOPRO DANONE",
        "price": 1.99,
        "price_kilo": 6.64,
        "slug": "bebida-lactea-00-proteina-stracciatella",
        "description": "Bebida L\u00e1ctea 0%0% Prote\u00edna Stracciatella 300 ml",
        "image": "https:\/\/cdn-consum.aktiosdigitalservices.com\/tol\/consum\/media\/product\/img\/300x300\/7430986.jpg?t=20250227094930"
    },
    {
        "id": 33216,
        "name": "Longaniza de Pascua SERRANO",
        "price": 2.99,
        "price_kilo": 16.61,
        "slug": "longaniza-de-pascua",
        "description": "Longaniza de Pascua 180 Gr",
        "image": "https:\/\/cdn-consum.aktiosdigitalservices.com\/tol\/consum\/media\/product\/img\/300x300\/7430999.jpg?t=20250222080009"
    },
    {
        "id": 33221,
        "name": "Cava Brut D.O. Cava TORRE ORIA",
        "price": 5.49,
        "price_kilo": 7.32,
        "slug": "cava-brut-do-cava",
        "description": "Cava Brut D.O. Cava 0,75 L",
        "image": "https:\/\/cdn-consum.aktiosdigitalservices.com\/tol\/consum\/media\/product\/img\/300x300\/7431138.jpg?t=20250204081900"
    },
    {
        "id": 33223,
        "name": "Cereales Fitness Proteina Cacao 0% Az\u00facares NESTLE",
        "price": 3.99,
        "price_kilo": 12.87,
        "slug": "cereales-fitness-proteina-cacao-0-azucares",
        "description": "Cereales Fitness Proteina Cacao 0% Az\u00facares 310 Gr",
        "image": "https:\/\/cdn-consum.aktiosdigitalservices.com\/tol\/consum\/media\/product\/img\/300x300\/7431203.jpg?t=20250311112932"
    },
    {
        "id": 33225,
        "name": "Pipas Maxi Tijuana Bolsa GREFUSA",
        "price": 2.4,
        "price_kilo": 10,
        "slug": "pipas-maxi-tijuana-bolsa",
        "description": "Pipas Maxi Tijuana Bolsa 240 Gr",
        "image": "https:\/\/cdn-consum.aktiosdigitalservices.com\/tol\/consum\/media\/product\/img\/300x300\/7431229.jpg?t=20250313081140"
    },
    {
        "id": 33229,
        "name": "Ensalada Xtreme Pollo Completa FLORETTE",
        "price": 3.99,
        "price_kilo": 19,
        "slug": "ensalada-xtreme-pollo-completa",
        "description": "Ensalada Xtreme Pollo Completa 210 Gr",
        "image": "https:\/\/cdn-consum.aktiosdigitalservices.com\/tol\/consum\/media\/product\/img\/300x300\/7431596.jpg?t=20250311112938"
    },
    {
        "id": 33230,
        "name": "Ensalada Gourmet Mediterr\u00e1nea FLORETTE",
        "price": 2.05,
        "price_kilo": 13.67,
        "slug": "ensalada-gourmet-mediterranea",
        "description": "Ensalada Gourmet Mediterr\u00e1nea 150 Gr",
        "image": "https:\/\/cdn-consum.aktiosdigitalservices.com\/tol\/consum\/media\/product\/img\/300x300\/7431604.jpg?t=20250121080901"
    },
    {
        "id": 33231,
        "name": "Ensalada Proteica Pollo Y Huevo FLORETTE",
        "price": 4.39,
        "price_kilo": 14.88,
        "slug": "ensalada-proteica-pollo-y-huevo",
        "description": "Ensalada Proteica Pollo Y Huevo 295 Gr",
        "image": "https:\/\/cdn-consum.aktiosdigitalservices.com\/tol\/consum\/media\/product\/img\/300x300\/7431609.jpg?t=20250317075839"
    },
    {
        "id": 33239,
        "name": "Gente Nutritiva Bernardo Stamateas B DE BOLSILL",
        "price": 10.95,
        "price_kilo": 10.95,
        "slug": "gente-nutritiva-bernardo-stamateas",
        "description": "Gente Nutritiva Bernardo Stamateas 1 U",
        "image": "https:\/\/cdn-consum.aktiosdigitalservices.com\/tol\/consum\/media\/product\/img\/300x300\/7431443.jpg?t=20250312092840"
    },
    {
        "id": 33240,
        "name": "Agilidad Emocional Susan David SIRIO",
        "price": 14.95,
        "price_kilo": 14.95,
        "slug": "agilidad-emocional-susan-david",
        "description": "Agilidad Emocional Susan David 1 U",
        "image": "https:\/\/cdn-consum.aktiosdigitalservices.com\/tol\/consum\/media\/product\/img\/300x300\/7431448.jpg?t=20241217081329"
    },
    {
        "id": 33244,
        "name": "Filete Merluza Cabo MSC Sin piel CONSUM",
        "price": 3.99,
        "price_kilo": 9.98,
        "slug": "filete-merluza-cabo-msc-sin-piel",
        "description": "Filete Merluza Cabo MSC Sin piel 400 Gr",
        "image": "https:\/\/cdn-consum.aktiosdigitalservices.com\/tol\/consum\/media\/product\/img\/300x300\/7416498.jpg?t=20250312092829"
    },
    {
        "id": 33245,
        "name": "Pan Rallado Casero CONSUM",
        "price": 0.99,
        "price_kilo": 1.98,
        "slug": "pan-rallado-casero",
        "description": "Pan Rallado Casero 500 Gr",
        "image": "https:\/\/cdn-consum.aktiosdigitalservices.com\/tol\/consum\/media\/product\/img\/300x300\/7416972.jpg?t=20250228080614"
    },
    {
        "id": 33246,
        "name": "Queso Gouda Tierno Cu\u00f1a CONSUM",
        "price": 3.05,
        "price_kilo": 8.71,
        "slug": "queso-gouda-tierno-cuna",
        "description": "Queso Gouda Tierno Cu\u00f1a 350 Gr",
        "image": "https:\/\/cdn-consum.aktiosdigitalservices.com\/tol\/consum\/media\/product\/img\/300x300\/7419021.jpg?t=20250103082527"
    },
    {
        "id": 33247,
        "name": "Queso Gouda Semi Cu\u00f1a CONSUM",
        "price": 3.17,
        "price_kilo": 10.57,
        "slug": "queso-gouda-semi-cuna",
        "description": "Queso Gouda Semi Cu\u00f1a 300 Gr",
        "image": "https:\/\/cdn-consum.aktiosdigitalservices.com\/tol\/consum\/media\/product\/img\/300x300\/7419026.jpg?t=20250227094551"
    },
    {
        "id": 33248,
        "name": "Queso Maasdam Cu\u00f1a CONSUM",
        "price": 3.4,
        "price_kilo": 9.07,
        "slug": "queso-maasdam-cuna",
        "description": "Queso Maasdam Cu\u00f1a 375 Gr",
        "image": "https:\/\/cdn-consum.aktiosdigitalservices.com\/tol\/consum\/media\/product\/img\/300x300\/7419039.jpg?t=20250103082531"
    },
    {
        "id": 33275,
        "name": "Migas de Bacalao en Salaz\u00f3n ANGOMAR",
        "price": 3.69,
        "price_kilo": 23.06,
        "slug": "migas-de-bacalao-en-salazon",
        "description": "Migas de Bacalao en Salaz\u00f3n 160 Gr",
        "image": "https:\/\/cdn-consum.aktiosdigitalservices.com\/tol\/consum\/media\/product\/img\/300x300\/7431034.jpg?t=20241217081328"
    },
    {
        "id": 33278,
        "name": "Patatas Mediterr\u00e1neas MC CAIN",
        "price": 3.47,
        "price_kilo": 4.63,
        "slug": "patatas-mediterraneas",
        "description": "Patatas Mediterr\u00e1neas 750 Gr",
        "image": "https:\/\/cdn-consum.aktiosdigitalservices.com\/tol\/consum\/media\/product\/img\/300x300\/7431237.jpg?t=20250128080638"
    },
    {
        "id": 33280,
        "name": "Sal en Escamas Ahumadas HALOS",
        "price": 3.29,
        "price_kilo": 26.32,
        "slug": "sal-en-escamas-ahumadas",
        "description": "Sal en Escamas Ahumadas 125 Gr",
        "image": "https:\/\/cdn-consum.aktiosdigitalservices.com\/tol\/consum\/media\/product\/img\/300x300\/7431323.jpg?t=20250312092839"
    },
    {
        "id": 33281,
        "name": "Canelones Espinacas y Queso Fresco LA COCINERA",
        "price": 2.99,
        "price_kilo": 10.68,
        "slug": "canelones-espinacas-y-queso-fresco",
        "description": "Canelones Espinacas y Queso Fresco 280 Gr",
        "image": "https:\/\/cdn-consum.aktiosdigitalservices.com\/tol\/consum\/media\/product\/img\/300x300\/7431349.jpg?t=20250218081142"
    },
    {
        "id": 33282,
        "name": "Desatascador de Cabellos WC NET",
        "price": 6.99,
        "price_kilo": 6.99,
        "slug": "desatascador-de-cabellos",
        "description": "Desatascador de Cabellos 1 L",
        "image": "https:\/\/cdn-consum.aktiosdigitalservices.com\/tol\/consum\/media\/product\/img\/300x300\/7431380.jpg?t=20250312130302"
    },
    {
        "id": 33284,
        "name": "Mini R\u00fasticos 4 Unidades ",
        "price": 0.96,
        "price_kilo": 5.33,
        "slug": "mini-rusticos-4-unidades",
        "description": "Mini R\u00fasticos 4 Unidades 180 Gr",
        "image": "https:\/\/cdn-consum.aktiosdigitalservices.com\/tol\/consum\/media\/product\/img\/300x300\/7431500.jpg?t=20250225080240"
    },
    {
        "id": 33285,
        "name": "Crema Calabac\u00edn con Parmesano NATURE",
        "price": 2.99,
        "price_kilo": 8.08,
        "slug": "crema-calabacin-con-parmesano",
        "description": "Crema Calabac\u00edn con Parmesano 370 Gr",
        "image": "https:\/\/cdn-consum.aktiosdigitalservices.com\/tol\/consum\/media\/product\/img\/300x300\/7431505.jpg?t=20250227094938"
    },
    {
        "id": 33286,
        "name": "Crema Calabaza con Pipas de Calabaza NATURE",
        "price": 2.99,
        "price_kilo": 8.19,
        "slug": "crema-calabaza-con-pipas-de-calabaza",
        "description": "Crema Calabaza con Pipas de Calabaza 365 Gr",
        "image": "https:\/\/cdn-consum.aktiosdigitalservices.com\/tol\/consum\/media\/product\/img\/300x300\/7431513.jpg?t=20250227094939"
    },
    {
        "id": 33287,
        "name": "Cepillo para Mascotas MISTER ZOO",
        "price": 2,
        "price_kilo": 2,
        "slug": "cepillo-para-mascotas",
        "description": "Cepillo para Mascotas 1 U",
        "image": "https:\/\/cdn-consum.aktiosdigitalservices.com\/tol\/consum\/media\/product\/img\/300x300\/7431518.jpg?t=20250318081004"
    },
    {
        "id": 33288,
        "name": "Rosquilletas Ba\u00f1o de Chocolate PASTOR",
        "price": 1.29,
        "price_kilo": 17.2,
        "slug": "rosquilletas-bano-de-chocolate",
        "description": "Rosquilletas Ba\u00f1o de Chocolate 75 Gr",
        "image": "https:\/\/cdn-consum.aktiosdigitalservices.com\/tol\/consum\/media\/product\/img\/300x300\/7431526.jpg?t=20250320080314"
    },
    {
        "id": 33289,
        "name": "Juguete para Perros Surtidos MISTER ZOO",
        "price": 1.25,
        "price_kilo": 1.25,
        "slug": "juguete-para-perros-surtidos",
        "description": "Juguete para Perros Surtidos 1 U",
        "image": "https:\/\/cdn-consum.aktiosdigitalservices.com\/tol\/consum\/media\/product\/img\/300x300\/7431542.jpg?t=20250318081004"
    },
    {
        "id": 33291,
        "name": "Juguete Gatos Surtido MISTER ZOO",
        "price": 1.5,
        "price_kilo": 1.5,
        "slug": "juguete-gatos-surtido",
        "description": "Juguete Gatos Surtido 1 U",
        "image": "https:\/\/cdn-consum.aktiosdigitalservices.com\/tol\/consum\/media\/product\/img\/300x300\/7431559.jpg?t=20250312092840"
    },
    {
        "id": 33327,
        "name": "Medall\u00f3n Solomillo Pavo Fino CONSUM",
        "price": 3.61,
        "price_kilo": 12.03,
        "slug": "medallon-solomillo-pavo-fino",
        "description": "Medall\u00f3n Solomillo Pavo Fino",
        "image": "https:\/\/cdn-consum.aktiosdigitalservices.com\/tol\/consum\/media\/product\/img\/300x300\/7431539.jpg?t=20241217081329"
    },
    {
        "id": 33328,
        "name": "Lavavajillas a Mano Dilu\u00eddo CONSUM",
        "price": 1.25,
        "price_kilo": 0.96,
        "slug": "lavavajillas-a-mano-diluido",
        "description": "Lavavajillas a Mano Dilu\u00eddo 1,3 L",
        "image": "https:\/\/cdn-consum.aktiosdigitalservices.com\/tol\/consum\/media\/product\/img\/300x300\/7407492.jpg?t=20250219080505"
    },
    {
        "id": 33329,
        "name": "Medallones Merluza del Cabo MSC CONSUM",
        "price": 4.49,
        "price_kilo": 9.45,
        "slug": "medallones-merluza-del-cabo-msc",
        "description": "Medallones Merluza del Cabo MSC 475 Gr",
        "image": "https:\/\/cdn-consum.aktiosdigitalservices.com\/tol\/consum\/media\/product\/img\/300x300\/7416485.jpg?t=20250312092829"
    },
    {
        "id": 33330,
        "name": "Risotto Funghi CONSUM",
        "price": 2.29,
        "price_kilo": 4.58,
        "slug": "risotto-funghi",
        "description": "Risotto Funghi 500 Gr",
        "image": "https:\/\/cdn-consum.aktiosdigitalservices.com\/tol\/consum\/media\/product\/img\/300x300\/7420842.jpg?t=20241217081309"
    },
    {
        "id": 33339,
        "name": "Crema Calabac\u00edn DON SIMON",
        "price": 1.55,
        "price_kilo": 5.17,
        "slug": "crema-calabacin",
        "description": "Crema Calabac\u00edn 300 ml",
        "image": "https:\/\/cdn-consum.aktiosdigitalservices.com\/tol\/consum\/media\/product\/img\/300x300\/7431328.jpg?t=20241221080321"
    },
    {
        "id": 33340,
        "name": "Crema Alcachofas DON SIMON",
        "price": 1.59,
        "price_kilo": 5.3,
        "slug": "crema-alcachofas",
        "description": "Crema Alcachofas 300 ml",
        "image": "https:\/\/cdn-consum.aktiosdigitalservices.com\/tol\/consum\/media\/product\/img\/300x300\/7431331.jpg?t=20250312130259"
    },
    {
        "id": 33341,
        "name": "Crema Esp\u00e1rragos DON SIMON",
        "price": 1.99,
        "price_kilo": 6.63,
        "slug": "crema-esparragos",
        "description": "Crema Esp\u00e1rragos 300 ml",
        "image": "https:\/\/cdn-consum.aktiosdigitalservices.com\/tol\/consum\/media\/product\/img\/300x300\/7431344.jpg?t=20241221080325"
    },
    {
        "id": 33344,
        "name": "Parrillda Campestre C.NAVARRA",
        "price": 1.79,
        "price_kilo": 4.48,
        "slug": "parrillda-campestre",
        "description": "Parrillda Campestre 400 Gr",
        "image": "https:\/\/cdn-consum.aktiosdigitalservices.com\/tol\/consum\/media\/product\/img\/300x300\/7431554.jpg?t=20241217081329"
    },
    {
        "id": 33353,
        "name": "C.Artesanal Pale Ale Sin Gluten C.VOLADORES",
        "price": 0.99,
        "price_kilo": 3,
        "slug": "cartesanal-pale-ale-sin-gluten",
        "description": "C.Artesanal Pale Ale Sin Gluten 0,33 L",
        "image": "https:\/\/cdn-consum.aktiosdigitalservices.com\/tol\/consum\/media\/product\/img\/300x300\/7431849.jpg?t=20250320080317"
    },
    {
        "id": 33354,
        "name": "Cerveza Doble IPA Lata HOPPY FLOWER",
        "price": 1.39,
        "price_kilo": 4.21,
        "slug": "cerveza-doble-ipa-lata",
        "description": "Cerveza Doble IPA Lata 0,33 L",
        "image": "https:\/\/cdn-consum.aktiosdigitalservices.com\/tol\/consum\/media\/product\/img\/300x300\/7431851.jpg?t=20250312130305"
    },
    {
        "id": 33355,
        "name": "Tinte Negro Natural 3.0 OLIA",
        "price": 8.35,
        "price_kilo": 8.35,
        "slug": "tinte-negro-natural-30",
        "description": "Tinte Negro Natural 3.0 1 U",
        "image": "https:\/\/cdn-consum.aktiosdigitalservices.com\/tol\/consum\/media\/product\/img\/300x300\/7431935.jpg?t=20250312161349"
    },
    {
        "id": 33356,
        "name": "Tinte Rubio Miel 8.31 OLIA",
        "price": 8.35,
        "price_kilo": 8.35,
        "slug": "tinte-rubio-miel-831",
        "description": "Tinte Rubio Miel 8.31 1 U",
        "image": "https:\/\/cdn-consum.aktiosdigitalservices.com\/tol\/consum\/media\/product\/img\/300x300\/7431948.jpg?t=20250312161351"
    },
    {
        "id": 33357,
        "name": "Fregasuelos Mascotas ASEVI",
        "price": 2.09,
        "price_kilo": 2.09,
        "slug": "fregasuelos-mascotas",
        "description": "Fregasuelos Mascotas 1 L",
        "image": "https:\/\/cdn-consum.aktiosdigitalservices.com\/tol\/consum\/media\/product\/img\/300x300\/7431955.jpg?t=20250227094953"
    },
    {
        "id": 33358,
        "name": "Limpiador Multiusos Oxy Active ASEVI",
        "price": 2.39,
        "price_kilo": 2.39,
        "slug": "limpiador-multiusos-oxy-active",
        "description": "Limpiador Multiusos Oxy Active 1 L",
        "image": "https:\/\/cdn-consum.aktiosdigitalservices.com\/tol\/consum\/media\/product\/img\/300x300\/7431968.jpg?t=20250222080011"
    },
    {
        "id": 33359,
        "name": "Ambientador Autom\u00e1tico Active Eucalipto AIR WICK",
        "price": 5.99,
        "price_kilo": 5.99,
        "slug": "ambientador-automatico-active-eucalipto",
        "description": "Ambientador Autom\u00e1tico Active Eucalipto 1 U",
        "image": "https:\/\/cdn-consum.aktiosdigitalservices.com\/tol\/consum\/media\/product\/img\/300x300\/7431971.jpg?t=20250312092841"
    },
    {
        "id": 33360,
        "name": "Tarrito Solo Zanahorias Guisantes y Merluza HERO",
        "price": 2.49,
        "price_kilo": 13.11,
        "slug": "tarrito-solo-zanahorias-guisantes-y-merluza",
        "description": "Tarrito Solo Zanahorias Guisantes y Merluza 190 Gr",
        "image": "https:\/\/cdn-consum.aktiosdigitalservices.com\/tol\/consum\/media\/product\/img\/300x300\/7432011.jpg?t=20250312092841"
    },
    {
        "id": 33363,
        "name": "Esponja de Ba\u00f1o Masaje-Exfoliante KYREY",
        "price": 1.3,
        "price_kilo": 0.65,
        "slug": "esponja-de-bano-masaje-exfoliante",
        "description": "Esponja de Ba\u00f1o Masaje-Exfoliante 2 U",
        "image": "https:\/\/cdn-consum.aktiosdigitalservices.com\/tol\/consum\/media\/product\/img\/300x300\/7398345.jpg?t=20250206095430"
    },
    {
        "id": 33364,
        "name": "Stick para Gatos Sabor Salm\u00f3n VITALITY",
        "price": 1.05,
        "price_kilo": 0.11,
        "slug": "stick-para-gatos-sabor-salmon",
        "description": "Stick para Gatos Sabor Salm\u00f3n 10 U",
        "image": "https:\/\/cdn-consum.aktiosdigitalservices.com\/tol\/consum\/media\/product\/img\/300x300\/7409514.jpg?t=20250206095746"
    },
    {
        "id": 33365,
        "name": "Queso Rallado Gouda CONSUM",
        "price": 1.61,
        "price_kilo": 8.05,
        "slug": "queso-rallado-gouda",
        "description": "Queso Rallado Gouda 200 Gr",
        "image": "https:\/\/cdn-consum.aktiosdigitalservices.com\/tol\/consum\/media\/product\/img\/300x300\/7412781.jpg?t=20250103082437"
    },
    {
        "id": 33367,
        "name": "Fumet de Pescado Botella CONSUM",
        "price": 3,
        "price_kilo": 3.16,
        "slug": "fumet-de-pescado-botella",
        "description": "Fumet de Pescado Botella 950 ml",
        "image": "https:\/\/cdn-consum.aktiosdigitalservices.com\/tol\/consum\/media\/product\/img\/300x300\/7426021.jpg?t=20241217081316"
    },
    {
        "id": 33368,
        "name": "Pan Tostado 100%Integra 45 Rebanadas CONSUM",
        "price": 1.37,
        "price_kilo": 3.38,
        "slug": "pan-tostado-100integra-45-rebanadas",
        "description": "Pan Tostado 100%Integra 45 Rebanadas 405 Gr",
        "image": "https:\/\/cdn-consum.aktiosdigitalservices.com\/tol\/consum\/media\/product\/img\/300x300\/7426232.jpg?t=20250312092836"
    },
    {
        "id": 33369,
        "name": "Pan Tostado Cl\u00e1sico 45 Rebanadas CONSUM",
        "price": 1.28,
        "price_kilo": 3.16,
        "slug": "pan-tostado-clasico-45-rebanadas",
        "description": "Pan Tostado Cl\u00e1sico 45 Rebanadas 405 Gr",
        "image": "https:\/\/cdn-consum.aktiosdigitalservices.com\/tol\/consum\/media\/product\/img\/300x300\/7426237.jpg?t=20250311112754"
    },
    {
        "id": 33370,
        "name": "Pan Tostado 0% Sal y Az\u00facares A\u00f1adidos 45U CONSUM",
        "price": 1.69,
        "price_kilo": 4.17,
        "slug": "pan-tostado-0-sal-y-azucares-anadidos-45u",
        "description": "Pan Tostado 0% Sal y Az\u00facares A\u00f1adidos 45U 405 Gr",
        "image": "https:\/\/cdn-consum.aktiosdigitalservices.com\/tol\/consum\/media\/product\/img\/300x300\/7426240.jpg?t=20250311112757"
    },
    {
        "id": 33371,
        "name": "Desodorante Spray Dermo Total SANEX",
        "price": 3.39,
        "price_kilo": 1.7,
        "slug": "desodorante-spray-dermo-total",
        "description": "Desodorante Spray Dermo Total 200 ml",
        "image": "https:\/\/cdn-consum.aktiosdigitalservices.com\/tol\/consum\/media\/product\/img\/300x300\/7427953.jpg?t=20250312161318"
    },
    {
        "id": 33374,
        "name": "Yogur Sabor Galleta Pack de 4 unidades DANONE",
        "price": 0.95,
        "price_kilo": 1.98,
        "slug": "yogur-sabor-galleta-pack-de-4-unidades",
        "description": "Yogur Sabor Galleta Pack de 4 unidades 4 x 120 Gr",
        "image": "https:\/\/cdn-consum.aktiosdigitalservices.com\/tol\/consum\/media\/product\/img\/300x300\/7431385.jpg?t=20241223080615"
    },
    {
        "id": 33375,
        "name": "Postre de Soja Skyr Sabor Fresa ALPRO",
        "price": 2.59,
        "price_kilo": 6.48,
        "slug": "postre-de-soja-skyr-sabor-fresa",
        "description": "Postre de Soja Skyr Sabor Fresa 400 Gr",
        "image": "https:\/\/cdn-consum.aktiosdigitalservices.com\/tol\/consum\/media\/product\/img\/300x300\/7431422.jpg?t=20250227094934"
    },
    {
        "id": 33376,
        "name": "Ginebra Beefeater Black BEEFEATER",
        "price": 18.5,
        "price_kilo": 26.43,
        "slug": "ginebra-beefeater-black",
        "description": "Ginebra Beefeater Black 0,7 L",
        "image": "https:\/\/cdn-consum.aktiosdigitalservices.com\/tol\/consum\/media\/product\/img\/300x300\/7431455.jpg?t=20250312092840"
    },
    {
        "id": 33378,
        "name": "Hummus con Cebolla Caramelizada DELITUSS",
        "price": 1.99,
        "price_kilo": 13.27,
        "slug": "hummus-con-cebolla-caramelizada",
        "description": "Hummus con Cebolla Caramelizada 150 Gr",
        "image": "https:\/\/cdn-consum.aktiosdigitalservices.com\/tol\/consum\/media\/product\/img\/300x300\/7431583.jpg?t=20250227094942"
    },
    {
        "id": 33381,
        "name": "Cera Cabello Mate Beach Matt Fijaci\u00f3n 3 GOT2B",
        "price": 5.1,
        "price_kilo": 5.1,
        "slug": "cera-cabello-mate-beach-matt-fijacion-3",
        "description": "Cera Cabello Mate Beach Matt Fijaci\u00f3n 3 100 ml",
        "image": "https:\/\/cdn-consum.aktiosdigitalservices.com\/tol\/consum\/media\/product\/img\/300x300\/7431687.jpg?t=20250312161345"
    },
    {
        "id": 33383,
        "name": "Licor de Crema Chocolate y Tequila 38",
        "price": 7.49,
        "price_kilo": 10.7,
        "slug": "licor-de-crema-chocolate-y-tequila",
        "description": "Licor de Crema Chocolate y Tequila 0,7 L",
        "image": "https:\/\/cdn-consum.aktiosdigitalservices.com\/tol\/consum\/media\/product\/img\/300x300\/7431815.jpg?t=20250206101100"
    },
    {
        "id": 33384,
        "name": "Insecticida El\u00e9ctrico L\u00edquido Recambio EBOG\u00d3N",
        "price": 1.89,
        "price_kilo": 1.89,
        "slug": "insecticida-electrico-liquido-recambio",
        "description": "Insecticida El\u00e9ctrico L\u00edquido Recambio 1 U",
        "image": "https:\/\/cdn-consum.aktiosdigitalservices.com\/tol\/consum\/media\/product\/img\/300x300\/7431893.jpg?t=20241217081330"
    },
    {
        "id": 33385,
        "name": "Bocaditos Tasty Mix en Salsa Selecci\u00f3n Chef WHISKAS",
        "price": 2.79,
        "price_kilo": 8.21,
        "slug": "bocaditos-tasty-mix-en-salsa-seleccion-chef",
        "description": "Bocaditos Tasty Mix en Salsa Selecci\u00f3n Chef 4 x 85 Gr",
        "image": "https:\/\/cdn-consum.aktiosdigitalservices.com\/tol\/consum\/media\/product\/img\/300x300\/7431963.jpg?t=20250207080415"
    },
    {
        "id": 33396,
        "name": "Carne de Vieira Congelada MARINES",
        "price": 9.99,
        "price_kilo": 49.95,
        "slug": "carne-de-vieira-congelada",
        "description": "Carne de Vieira Congelada 200 Gr",
        "image": "https:\/\/cdn-consum.aktiosdigitalservices.com\/tol\/consum\/media\/product\/img\/300x300\/7410947.jpg?t=20250318080614"
    },
    {
        "id": 33402,
        "name": "Patatas Horno Extra Crujiente CONSUM",
        "price": 2.75,
        "price_kilo": 2.75,
        "slug": "patatas-horno-extra-crujiente",
        "description": "Patatas Horno Extra Crujiente 1 Kg",
        "image": "https:\/\/cdn-consum.aktiosdigitalservices.com\/tol\/consum\/media\/product\/img\/300x300\/7417413.jpg?t=20250103082519"
    },
    {
        "id": 33414,
        "name": "Escalivada con Cebolla Bandeja SUQUIPA",
        "price": 2.9,
        "price_kilo": 11.6,
        "slug": "escalivada-con-cebolla-bandeja",
        "description": "Escalivada con Cebolla Bandeja 250 Gr",
        "image": "https:\/\/cdn-consum.aktiosdigitalservices.com\/tol\/consum\/media\/product\/img\/300x300\/7432342.jpg?t=20250214080024"
    },
    {
        "id": 33415,
        "name": "Gel Champ\u00fa Infantil Super Mario LORENAY",
        "price": 2.45,
        "price_kilo": 0.52,
        "slug": "gel-champu-infantil-super-mario",
        "description": "Gel Champ\u00fa Infantil Super Mario 475 ml",
        "image": "https:\/\/cdn-consum.aktiosdigitalservices.com\/tol\/consum\/media\/product\/img\/300x300\/7432347.jpg?t=20241217081332"
    },
    {
        "id": 33417,
        "name": "Pastillas Jab\u00f3n Manos Beauty Cream DOVE",
        "price": 3.5,
        "price_kilo": 0.88,
        "slug": "pastillas-jabon-manos-beauty-cream",
        "description": "Pastillas Jab\u00f3n Manos Beauty Cream 4 U",
        "image": "https:\/\/cdn-consum.aktiosdigitalservices.com\/tol\/consum\/media\/product\/img\/300x300\/7432417.jpg?t=20250312092841"
    },
    {
        "id": 33422,
        "name": "Toallitas Multiusos Desinfectantes CONSUM",
        "price": 1.45,
        "price_kilo": 0.04,
        "slug": "toallitas-multiusos-desinfectantes",
        "description": "Toallitas Multiusos Desinfectantes 35 U",
        "image": "https:\/\/cdn-consum.aktiosdigitalservices.com\/tol\/consum\/media\/product\/img\/300x300\/7398295.jpg?t=20241217081237"
    },
    {
        "id": 33423,
        "name": "S\u00e9rum Facial Efecto Lifting KYREY",
        "price": 6.99,
        "price_kilo": 23.3,
        "slug": "serum-facial-efecto-lifting",
        "description": "S\u00e9rum Facial Efecto Lifting 30 ml",
        "image": "https:\/\/cdn-consum.aktiosdigitalservices.com\/tol\/consum\/media\/product\/img\/300x300\/7410434.jpg?t=20250214080006"
    },
    {
        "id": 33424,
        "name": "Crema de D\u00eda Efecto Lifting KYREY",
        "price": 6.99,
        "price_kilo": 13.98,
        "slug": "crema-de-dia-efecto-lifting",
        "description": "Crema de D\u00eda Efecto Lifting 50 ml",
        "image": "https:\/\/cdn-consum.aktiosdigitalservices.com\/tol\/consum\/media\/product\/img\/300x300\/7410439.jpg?t=20250214080008"
    },
    {
        "id": 33425,
        "name": "Queso Rallado 4 Quesos CONSUM",
        "price": 1.96,
        "price_kilo": 9.8,
        "slug": "queso-rallado-4-quesos",
        "description": "Queso Rallado 4 Quesos 200 Gr",
        "image": "https:\/\/cdn-consum.aktiosdigitalservices.com\/tol\/consum\/media\/product\/img\/300x300\/7412773.jpg?t=20250103082435"
    },
    {
        "id": 33426,
        "name": "Pizza Baguette Jam\u00f3n y Queso CONSUM",
        "price": 2.49,
        "price_kilo": 9.96,
        "slug": "pizza-baguette-jamon-y-queso",
        "description": "Pizza Baguette Jam\u00f3n y Queso 250 Gr",
        "image": "https:\/\/cdn-consum.aktiosdigitalservices.com\/tol\/consum\/media\/product\/img\/300x300\/7416142.jpg?t=20241217081258"
    },
    {
        "id": 33427,
        "name": "Mini Pizza Jam\u00f3n Queso 9 Unidades CONSUM",
        "price": 2.49,
        "price_kilo": 9.22,
        "slug": "mini-pizza-jamon-queso-9-unidades",
        "description": "Mini Pizza Jam\u00f3n Queso 9 Unidades 270 Gr",
        "image": "https:\/\/cdn-consum.aktiosdigitalservices.com\/tol\/consum\/media\/product\/img\/300x300\/7416147.jpg?t=20241217081258"
    },
    {
        "id": 33432,
        "name": "Comida Gato Adulto Esterilizados + Hairball ONE",
        "price": 8.3,
        "price_kilo": 5.53,
        "slug": "comida-gato-adulto-esterilizados-hairball",
        "description": "Comida Gato Adulto Esterilizados + Hairball 1,5 Kg",
        "image": "https:\/\/cdn-consum.aktiosdigitalservices.com\/tol\/consum\/media\/product\/img\/300x300\/7432057.jpg?t=20250313081142"
    },
    {
        "id": 33433,
        "name": "Aros Avena Crujientes 85% Harina Integral CERID\u00c9S",
        "price": 2.29,
        "price_kilo": 5.73,
        "slug": "aros-avena-crujientes-85-harina-integral",
        "description": "Aros Avena Crujientes 85% Harina Integral 400 Gr",
        "image": "https:\/\/cdn-consum.aktiosdigitalservices.com\/tol\/consum\/media\/product\/img\/300x300\/7432461.jpg?t=20250311112956"
    },
    {
        "id": 33436,
        "name": "Limpiador Encimera Q-ACTION",
        "price": 4.95,
        "price_kilo": 0.66,
        "slug": "limpiador-encimera",
        "description": "Limpiador Encimera 750 ml",
        "image": "https:\/\/cdn-consum.aktiosdigitalservices.com\/tol\/consum\/media\/product\/img\/300x300\/7432615.jpg?t=20250312092841"
    },
    {
        "id": 33437,
        "name": "Body Spray Barbie AIR VAL",
        "price": 5.99,
        "price_kilo": 3,
        "slug": "body-spray-barbie",
        "description": "Body Spray Barbie 200 ml",
        "image": "https:\/\/cdn-consum.aktiosdigitalservices.com\/tol\/consum\/media\/product\/img\/300x300\/7432623.jpg?t=20241217081333"
    },
    {
        "id": 33438,
        "name": "Queso Mezcla Tostado GRAN CAPITAN",
        "price": 4.07,
        "price_kilo": 20.35,
        "slug": "queso-mezcla-tostado",
        "description": "Queso Mezcla Tostado 200 Gr",
        "image": "https:\/\/cdn-consum.aktiosdigitalservices.com\/tol\/consum\/media\/product\/img\/300x300\/7432875.jpg?t=20250227095018"
    },
    {
        "id": 33441,
        "name": "Queso Rallado Sin Lactosa CONSUM",
        "price": 1.69,
        "price_kilo": 11.27,
        "slug": "queso-rallado-sin-lactosa",
        "description": "Queso Rallado Sin Lactosa 150 Gr",
        "image": "https:\/\/cdn-consum.aktiosdigitalservices.com\/tol\/consum\/media\/product\/img\/300x300\/7412786.jpg?t=20250213080457"
    },
    {
        "id": 33442,
        "name": "Porciones de Bacalao S\/piel en su punto de sal CONSUM",
        "price": 4.99,
        "price_kilo": 12.48,
        "slug": "porciones-de-bacalao-s-piel-en-su-punto-de-sal",
        "description": "Porciones de Bacalao S\/piel en su punto de sal 400 Gr",
        "image": "https:\/\/cdn-consum.aktiosdigitalservices.com\/tol\/consum\/media\/product\/img\/300x300\/7423465.jpg?t=20250301080037"
    },
    {
        "id": 33445,
        "name": "Insecticida El\u00e9ctrico Recambio Pastillas EBOG\u00d3N",
        "price": 1.6,
        "price_kilo": 0.05,
        "slug": "insecticida-electrico-recambio-pastillas",
        "description": "Insecticida El\u00e9ctrico Recambio Pastillas 30 U",
        "image": "https:\/\/cdn-consum.aktiosdigitalservices.com\/tol\/consum\/media\/product\/img\/300x300\/7431898.jpg?t=20241217081330"
    },
    {
        "id": 33447,
        "name": "Colonia Muy M\u00edo Gold Hombre BUSTAMANTE",
        "price": 8.95,
        "price_kilo": 8.95,
        "slug": "colonia-muy-mio-gold-hombre",
        "description": "Colonia Muy M\u00edo Gold Hombre 100 ml",
        "image": "https:\/\/cdn-consum.aktiosdigitalservices.com\/tol\/consum\/media\/product\/img\/300x300\/7432271.jpg?t=20250312092841"
    },
    {
        "id": 33451,
        "name": "Limpiador Cocina Quitagrasas Pistola ASEVI",
        "price": 2.99,
        "price_kilo": 3.99,
        "slug": "limpiador-cocina-quitagrasas-pistola",
        "description": "Limpiador Cocina Quitagrasas Pistola 750 ml",
        "image": "https:\/\/cdn-consum.aktiosdigitalservices.com\/tol\/consum\/media\/product\/img\/300x300\/7432313.jpg?t=20250227094958"
    },
    {
        "id": 33452,
        "name": "Loci\u00f3n Hidratante Coco Todo Tipo de Piel NAT.HONEY",
        "price": 3.99,
        "price_kilo": 1.21,
        "slug": "locion-hidratante-coco-todo-tipo-de-piel",
        "description": "Loci\u00f3n Hidratante Coco Todo Tipo de Piel 330 ml",
        "image": "https:\/\/cdn-consum.aktiosdigitalservices.com\/tol\/consum\/media\/product\/img\/300x300\/7432354.jpg?t=20250227094959"
    },
    {
        "id": 33455,
        "name": "Colonia Aguas Sport Hombre n\u00ba10 V&L",
        "price": 12.95,
        "price_kilo": 8.63,
        "slug": "colonia-aguas-sport-hombre-n10",
        "description": "Colonia Aguas Sport Hombre n\u00ba10 150 ml",
        "image": "https:\/\/cdn-consum.aktiosdigitalservices.com\/tol\/consum\/media\/product\/img\/300x300\/7432391.jpg?t=20241217081332"
    },
    {
        "id": 33456,
        "name": "Jud\u00eda Verde en Tiras Frasco GUTARRA",
        "price": 3.15,
        "price_kilo": 9,
        "slug": "judia-verde-en-tiras-frasco",
        "description": "Jud\u00eda Verde en Tiras Frasco 350 Gr",
        "image": "https:\/\/cdn-consum.aktiosdigitalservices.com\/tol\/consum\/media\/product\/img\/300x300\/7432628.jpg?t=20250227095000"
    },
    {
        "id": 33457,
        "name": "Setas Cultivo Troceadas Tarro CELORRIO",
        "price": 1.49,
        "price_kilo": 9.61,
        "slug": "setas-cultivo-troceadas-tarro",
        "description": "Setas Cultivo Troceadas Tarro 155 Gr",
        "image": "https:\/\/cdn-consum.aktiosdigitalservices.com\/tol\/consum\/media\/product\/img\/300x300\/7432680.jpg?t=20250204082250"
    },
    {
        "id": 33458,
        "name": "Jud\u00edas Verdes Extra Finas CELORRIO",
        "price": 2.29,
        "price_kilo": 6.64,
        "slug": "judias-verdes-extra-finas",
        "description": "Jud\u00edas Verdes Extra Finas 345 Gr",
        "image": "https:\/\/cdn-consum.aktiosdigitalservices.com\/tol\/consum\/media\/product\/img\/300x300\/7432693.jpg?t=20241217081333"
    },
    {
        "id": 33460,
        "name": "Palo Extensible 1,5 m Multiusos MAYA",
        "price": 2.39,
        "price_kilo": 2.39,
        "slug": "palo-extensible-15-m-multiusos",
        "description": "Palo Extensible 1,5 m Multiusos 1 U",
        "image": "https:\/\/cdn-consum.aktiosdigitalservices.com\/tol\/consum\/media\/product\/img\/300x300\/7432792.jpg?t=20250114084851"
    },
    {
        "id": 33462,
        "name": "Loci\u00f3n Arg\u00e1n Piel Extra Seca NAT.HONEY",
        "price": 3.99,
        "price_kilo": 1.21,
        "slug": "locion-argan-piel-extra-seca",
        "description": "Loci\u00f3n Arg\u00e1n Piel Extra Seca 330 ml",
        "image": "https:\/\/cdn-consum.aktiosdigitalservices.com\/tol\/consum\/media\/product\/img\/300x300\/7432813.jpg?t=20250227095011"
    },
    {
        "id": 33463,
        "name": "Loci\u00f3n Extra Hidratante Piel Normal Seca NAT.HONEY",
        "price": 3.99,
        "price_kilo": 1.21,
        "slug": "locion-extra-hidratante-piel-normal-seca",
        "description": "Loci\u00f3n Extra Hidratante Piel Normal Seca 330 ml",
        "image": "https:\/\/cdn-consum.aktiosdigitalservices.com\/tol\/consum\/media\/product\/img\/300x300\/7432818.jpg?t=20250227095013"
    },
    {
        "id": 33466,
        "name": "Vino Blanco Semi Dulce CANALLAS",
        "price": 3.99,
        "price_kilo": 5.32,
        "slug": "vino-blanco-semi-dulce",
        "description": "Vino Blanco Semi Dulce 0,75 L",
        "image": "https:\/\/cdn-consum.aktiosdigitalservices.com\/tol\/consum\/media\/product\/img\/300x300\/7432925.jpg?t=20250220081047"
    },
    {
        "id": 33467,
        "name": "Berberechos al Natural XS CONSUM",
        "price": 2.99,
        "price_kilo": 47.46,
        "slug": "berberechos-al-natural-xs",
        "description": "Berberechos al Natural XS 63 Gr",
        "image": "https:\/\/cdn-consum.aktiosdigitalservices.com\/tol\/consum\/media\/product\/img\/300x300\/7418650.jpg?t=20250227094547"
    },
    {
        "id": 33468,
        "name": "Caracoles de Mar al Natural CONSUM",
        "price": 2.99,
        "price_kilo": 47.46,
        "slug": "caracoles-de-mar-al-natural",
        "description": "Caracoles de Mar al Natural 63 Gr",
        "image": "https:\/\/cdn-consum.aktiosdigitalservices.com\/tol\/consum\/media\/product\/img\/300x300\/7426653.jpg?t=20241217081318"
    },
    {
        "id": 33471,
        "name": "Salsa Tomate con Queso Grana Padano GALLO",
        "price": 2.59,
        "price_kilo": 7.4,
        "slug": "salsa-tomate-con-queso-grana-padano",
        "description": "Salsa Tomate con Queso Grana Padano 350 Gr",
        "image": "https:\/\/cdn-consum.aktiosdigitalservices.com\/tol\/consum\/media\/product\/img\/300x300\/7432201.jpg?t=20250313081144"
    },
    {
        "id": 33472,
        "name": "Filetes de Caballa de Andaluc\u00eda Ac.Girasol PESASUR",
        "price": 2.09,
        "price_kilo": 26.13,
        "slug": "filetes-de-caballa-de-andalucia-acgirasol",
        "description": "Filetes de Caballa de Andaluc\u00eda Ac.Girasol 80 Gr",
        "image": "https:\/\/cdn-consum.aktiosdigitalservices.com\/tol\/consum\/media\/product\/img\/300x300\/7432284.jpg?t=20250125075934"
    },
    {
        "id": 33473,
        "name": "Ventresca de Bonito en Aceite de Oliva CABO PE\u00d1AS",
        "price": 6.49,
        "price_kilo": 89.52,
        "slug": "ventresca-de-bonito-en-aceite-de-oliva",
        "description": "Ventresca de Bonito en Aceite de Oliva 72,5 Gr",
        "image": "https:\/\/cdn-consum.aktiosdigitalservices.com\/tol\/consum\/media\/product\/img\/300x300\/7432300.jpg?t=20250219080610"
    },
    {
        "id": 33474,
        "name": "C\u00e1psulas Sue\u00f1os Cannabis NATURTIERRA",
        "price": 5.99,
        "price_kilo": 0.2,
        "slug": "capsulas-suenos-cannabis",
        "description": "C\u00e1psulas Sue\u00f1os Cannabis 30 U",
        "image": "https:\/\/cdn-consum.aktiosdigitalservices.com\/tol\/consum\/media\/product\/img\/300x300\/7432367.jpg?t=20241217081332"
    },
    {
        "id": 33475,
        "name": "C\u00e1psulas Articular Cannabis NATURTIERRA",
        "price": 5.99,
        "price_kilo": 0.2,
        "slug": "capsulas-articular-cannabis",
        "description": "C\u00e1psulas Articular Cannabis 30 U",
        "image": "https:\/\/cdn-consum.aktiosdigitalservices.com\/tol\/consum\/media\/product\/img\/300x300\/7432375.jpg?t=20250226080046"
    },
    {
        "id": 33476,
        "name": "C\u00e1psulas Equin\u00e1cea NATURTIERRA",
        "price": 4.99,
        "price_kilo": 0.08,
        "slug": "capsulas-equinacea",
        "description": "C\u00e1psulas Equin\u00e1cea 60 U",
        "image": "https:\/\/cdn-consum.aktiosdigitalservices.com\/tol\/consum\/media\/product\/img\/300x300\/7432388.jpg?t=20241217081332"
    },
    {
        "id": 33477,
        "name": "C\u00e1psulas Coenzima Q10 NATURTIERRA",
        "price": 5.99,
        "price_kilo": 0.2,
        "slug": "capsulas-coenzima-q10",
        "description": "C\u00e1psulas Coenzima Q10 30 U",
        "image": "https:\/\/cdn-consum.aktiosdigitalservices.com\/tol\/consum\/media\/product\/img\/300x300\/7432396.jpg?t=20250312092841"
    },
    {
        "id": 33481,
        "name": "Saladitos Snatt's GREFUSA",
        "price": 1.95,
        "price_kilo": 8.13,
        "slug": "saladitos-snatts",
        "description": "Saladitos Snatt's 240 Gr",
        "image": "https:\/\/cdn-consum.aktiosdigitalservices.com\/tol\/consum\/media\/product\/img\/300x300\/7432466.jpg?t=20250320080320"
    },
    {
        "id": 33482,
        "name": "Sardinillas en Tomate ALBO",
        "price": 1.89,
        "price_kilo": 23.05,
        "slug": "sardinillas-en-tomate",
        "description": "Sardinillas en Tomate 82 Gr",
        "image": "https:\/\/cdn-consum.aktiosdigitalservices.com\/tol\/consum\/media\/product\/img\/300x300\/7432631.jpg?t=20250313081146"
    },
    {
        "id": 33484,
        "name": "Habitas con Jam\u00f3n Frasco LEYENDA",
        "price": 3.99,
        "price_kilo": 17.35,
        "slug": "habitas-con-jamon-frasco",
        "description": "Habitas con Jam\u00f3n Frasco 230 Gr",
        "image": "https:\/\/cdn-consum.aktiosdigitalservices.com\/tol\/consum\/media\/product\/img\/300x300\/7432649.jpg?t=20241217081333"
    },
    {
        "id": 33485,
        "name": "Barritas Surimi KRISSIA",
        "price": 4.6,
        "price_kilo": 11.5,
        "slug": "barritas-surimi",
        "description": "Barritas Surimi 400 Gr",
        "image": "https:\/\/cdn-consum.aktiosdigitalservices.com\/tol\/consum\/media\/product\/img\/300x300\/7432706.jpg?t=20250301080116"
    },
    {
        "id": 33487,
        "name": "Gel Ba\u00f1o Urea. Piel Seca NATT\u00daRU PHAR",
        "price": 3.99,
        "price_kilo": 0.53,
        "slug": "gel-bano-urea-piel-seca",
        "description": "Gel Ba\u00f1o Urea. Piel Seca 750 ml",
        "image": "https:\/\/cdn-consum.aktiosdigitalservices.com\/tol\/consum\/media\/product\/img\/300x300\/7432743.jpg?t=20250322080053"
    },
    {
        "id": 33488,
        "name": "Gel Ba\u00f1o Piel Sensible\/At\u00f3pica NATT\u00daRU PHAR",
        "price": 3.99,
        "price_kilo": 0.53,
        "slug": "gel-bano-piel-sensible-atopica",
        "description": "Gel Ba\u00f1o Piel Sensible\/At\u00f3pica 750 ml",
        "image": "https:\/\/cdn-consum.aktiosdigitalservices.com\/tol\/consum\/media\/product\/img\/300x300\/7432748.jpg?t=20250322080056"
    },
    {
        "id": 33489,
        "name": "Gel Ba\u00f1o Dermatol\u00f3gico NATT\u00daRU PHAR",
        "price": 3.99,
        "price_kilo": 3.99,
        "slug": "gel-bano-dermatologico",
        "description": "Gel Ba\u00f1o Dermatol\u00f3gico 1 L",
        "image": "https:\/\/cdn-consum.aktiosdigitalservices.com\/tol\/consum\/media\/product\/img\/300x300\/7432750.jpg?t=20250312092842"
    },
    {
        "id": 33491,
        "name": "Leche Corporal Piel Seca. Urea NATT\u00daRU PHAR",
        "price": 3.99,
        "price_kilo": 1,
        "slug": "leche-corporal-piel-seca-urea",
        "description": "Leche Corporal Piel Seca. Urea 400 ml",
        "image": "https:\/\/cdn-consum.aktiosdigitalservices.com\/tol\/consum\/media\/product\/img\/300x300\/7432763.jpg?t=20250227095008"
    },
    {
        "id": 33492,
        "name": "Patatas Fritas Onduladas Sabor Jam\u00f3n RUFFLES",
        "price": 1.69,
        "price_kilo": 11.27,
        "slug": "patatas-fritas-onduladas-sabor-jamon",
        "description": "Patatas Fritas Onduladas Sabor Jam\u00f3n 150 Gr",
        "image": "https:\/\/cdn-consum.aktiosdigitalservices.com\/tol\/consum\/media\/product\/img\/300x300\/7432768.jpg?t=20250313081148"
    },
    {
        "id": 33493,
        "name": "Gel Ba\u00f1o y Ducha Pieles At\u00f3picas INST.ESPA\u00d1OL",
        "price": 3.99,
        "price_kilo": 0.8,
        "slug": "gel-bano-y-ducha-pieles-atopicas",
        "description": "Gel Ba\u00f1o y Ducha Pieles At\u00f3picas 500 ml",
        "image": "https:\/\/cdn-consum.aktiosdigitalservices.com\/tol\/consum\/media\/product\/img\/300x300\/7432784.jpg?t=20241217081333"
    },
    {
        "id": 33494,
        "name": "Plantequilla Tarrina TULIPAN",
        "price": 1.25,
        "price_kilo": 6.25,
        "slug": "plantequilla-tarrina",
        "description": "Plantequilla Tarrina 200 Gr",
        "image": "https:\/\/cdn-consum.aktiosdigitalservices.com\/tol\/consum\/media\/product\/img\/300x300\/7432912.jpg?t=20250227095018"
    },
    {
        "id": 33495,
        "name": "Saladitos CONSUM",
        "price": 1.13,
        "price_kilo": 4.52,
        "slug": "saladitos",
        "description": "Saladitos 250 Gr",
        "image": "https:\/\/cdn-consum.aktiosdigitalservices.com\/tol\/consum\/media\/product\/img\/300x300\/7432917.jpg?t=20250312092842"
    },
    {
        "id": 33496,
        "name": "Piquitos Bajos en Sal CONSUM",
        "price": 1.23,
        "price_kilo": 4.92,
        "slug": "piquitos-bajos-en-sal",
        "description": "Piquitos Bajos en Sal 250 Gr",
        "image": "https:\/\/cdn-consum.aktiosdigitalservices.com\/tol\/consum\/media\/product\/img\/300x300\/7432920.jpg?t=20250311113007"
    },
    {
        "id": 33497,
        "name": "Escamas de Jab\u00f3n Natural LAGARTO",
        "price": 2.9,
        "price_kilo": 7.25,
        "slug": "escamas-de-jabon-natural",
        "description": "Escamas de Jab\u00f3n Natural 400 Gr",
        "image": "https:\/\/cdn-consum.aktiosdigitalservices.com\/tol\/consum\/media\/product\/img\/300x300\/7432946.jpg?t=20241217081333"
    },
    {
        "id": 33498,
        "name": "Acondicionador Bif\u00e1sico Definici\u00f3n ANIAN",
        "price": 3.99,
        "price_kilo": 1,
        "slug": "acondicionador-bifasico-definicion",
        "description": "Acondicionador Bif\u00e1sico Definici\u00f3n 400 ml",
        "image": "https:\/\/cdn-consum.aktiosdigitalservices.com\/tol\/consum\/media\/product\/img\/300x300\/7432953.jpg?t=20250213080605"
    },
    {
        "id": 33499,
        "name": "Acondicionador Bif\u00e1sico Hidrataci\u00f3n ANIAN",
        "price": 3.99,
        "price_kilo": 1,
        "slug": "acondicionador-bifasico-hidratacion",
        "description": "Acondicionador Bif\u00e1sico Hidrataci\u00f3n 400 ml",
        "image": "https:\/\/cdn-consum.aktiosdigitalservices.com\/tol\/consum\/media\/product\/img\/300x300\/7432958.jpg?t=20250312092842"
    },
    {
        "id": 33500,
        "name": "Colonia Champions Lleague Star Hombre ADIDAS",
        "price": 11.99,
        "price_kilo": 11.99,
        "slug": "colonia-champions-lleague-star-hombre",
        "description": "Colonia Champions Lleague Star Hombre 100 ml",
        "image": "https:\/\/cdn-consum.aktiosdigitalservices.com\/tol\/consum\/media\/product\/img\/300x300\/7432990.jpg?t=20250228080722"
    },
    {
        "id": 33502,
        "name": "Mejillones en Salsa Brava 13\/18 CONSUM",
        "price": 2.15,
        "price_kilo": 34.13,
        "slug": "mejillones-en-salsa-brava-13-18",
        "description": "Mejillones en Salsa Brava 13\/18 63 Gr",
        "image": "https:\/\/cdn-consum.aktiosdigitalservices.com\/tol\/consum\/media\/product\/img\/300x300\/7418671.jpg?t=20241217081306"
    },
    {
        "id": 33503,
        "name": "Mejillones a la Vinagreta 13\/18 Piezas CONSUM",
        "price": 2.15,
        "price_kilo": 34.13,
        "slug": "mejillones-a-la-vinagreta-13-18-piezas",
        "description": "Mejillones a la Vinagreta 13\/18 Piezas 63 Gr",
        "image": "https:\/\/cdn-consum.aktiosdigitalservices.com\/tol\/consum\/media\/product\/img\/300x300\/7418676.jpg?t=20241217081306"
    },
    {
        "id": 33504,
        "name": "Filetes de Melva en Aceite de Oliva CONSUM",
        "price": 1.9,
        "price_kilo": 24.36,
        "slug": "filetes-de-melva-en-aceite-de-oliva",
        "description": "Filetes de Melva en Aceite de Oliva 78 Gr",
        "image": "https:\/\/cdn-consum.aktiosdigitalservices.com\/tol\/consum\/media\/product\/img\/300x300\/7426638.jpg?t=20241217081317"
    },
    {
        "id": 33505,
        "name": "Almejas Blancas al Natural CONSUM",
        "price": 2.99,
        "price_kilo": 47.46,
        "slug": "almejas-blancas-al-natural",
        "description": "Almejas Blancas al Natural 63 Gr",
        "image": "https:\/\/cdn-consum.aktiosdigitalservices.com\/tol\/consum\/media\/product\/img\/300x300\/7426641.jpg?t=20241217081318"
    },
    {
        "id": 33506,
        "name": "Almejones al Natural CONSUM",
        "price": 1.49,
        "price_kilo": 23.65,
        "slug": "almejones-al-natural",
        "description": "Almejones al Natural 63 Gr",
        "image": "https:\/\/cdn-consum.aktiosdigitalservices.com\/tol\/consum\/media\/product\/img\/300x300\/7426646.jpg?t=20241217081318"
    },
    {
        "id": 33508,
        "name": "Colgador Wc D\u00fao Hawaii BREF",
        "price": 3.35,
        "price_kilo": 1.68,
        "slug": "colgador-wc-duo-hawaii",
        "description": "Colgador Wc D\u00fao Hawaii 2 U",
        "image": "https:\/\/cdn-consum.aktiosdigitalservices.com\/tol\/consum\/media\/product\/img\/300x300\/7431831.jpg?t=20250312161347"
    },
    {
        "id": 33511,
        "name": "Panela Bio Tierra Madre Az\u00facar de Ca\u00f1a Integral OXFAM",
        "price": 1.95,
        "price_kilo": 4.88,
        "slug": "panela-bio-tierra-madre-azucar-de-cana-integral",
        "description": "Panela Bio Tierra Madre Az\u00facar de Ca\u00f1a Integral 400 Gr",
        "image": "https:\/\/cdn-consum.aktiosdigitalservices.com\/tol\/consum\/media\/product\/img\/300x300\/7432008.jpg?t=20250311112950"
    },
    {
        "id": 33512,
        "name": "Toallitas Desmaquillantes Agua Micelar Divisibles SALUSTAR",
        "price": 2.45,
        "price_kilo": 0.08,
        "slug": "toallitas-desmaquillantes-agua-micelar-divisibles",
        "description": "Toallitas Desmaquillantes Agua Micelar Divisibles 30 U",
        "image": "https:\/\/cdn-consum.aktiosdigitalservices.com\/tol\/consum\/media\/product\/img\/300x300\/7432073.jpg?t=20250312161354"
    },
    {
        "id": 33513,
        "name": "Quitaesmalte Extra Hidratante CUTEX",
        "price": 2.25,
        "price_kilo": 2.25,
        "slug": "quitaesmalte-extra-hidratante",
        "description": "Quitaesmalte Extra Hidratante 100 ml",
        "image": "https:\/\/cdn-consum.aktiosdigitalservices.com\/tol\/consum\/media\/product\/img\/300x300\/7432326.jpg?t=20250304114713"
    },
    {
        "id": 33515,
        "name": "Filete Panga WOFCO",
        "price": 3.39,
        "price_kilo": 6.78,
        "slug": "filete-panga",
        "description": "Filete Panga 500 Gr",
        "image": "https:\/\/cdn-consum.aktiosdigitalservices.com\/tol\/consum\/media\/product\/img\/300x300\/7432821.jpg?t=20250301080118"
    },
    {
        "id": 33516,
        "name": "Ricotta SPIGA",
        "price": 1.93,
        "price_kilo": 7.72,
        "slug": "ricotta",
        "description": "Ricotta 250 Gr",
        "image": "https:\/\/cdn-consum.aktiosdigitalservices.com\/tol\/consum\/media\/product\/img\/300x300\/7432867.jpg?t=20250212080304"
    },
    {
        "id": 33522,
        "name": "Miel Mil Flores Cruda Tarro R.APICOLA",
        "price": 4.7,
        "price_kilo": 9.4,
        "slug": "miel-mil-flores-cruda-tarro",
        "description": "Miel Mil Flores Cruda Tarro 500 Gr",
        "image": "https:\/\/cdn-consum.aktiosdigitalservices.com\/tol\/consum\/media\/product\/img\/300x300\/7433001.jpg?t=20250311113010"
    },
    {
        "id": 33523,
        "name": "Povidona Yodada CUIDAPLUS",
        "price": 2.25,
        "price_kilo": 1.8,
        "slug": "povidona-yodada",
        "description": "Povidona Yodada 125 ml",
        "image": "https:\/\/cdn-consum.aktiosdigitalservices.com\/tol\/consum\/media\/product\/img\/300x300\/7433055.jpg?t=20241217081333"
    },
    {
        "id": 33527,
        "name": "Jab\u00f3n de Manos Frutos del Bosque VITARELLE",
        "price": 2.19,
        "price_kilo": 0.44,
        "slug": "jabon-de-manos-frutos-del-bosque",
        "description": "Jab\u00f3n de Manos Frutos del Bosque 500 ml",
        "image": "https:\/\/cdn-consum.aktiosdigitalservices.com\/tol\/consum\/media\/product\/img\/300x300\/7433139.jpg?t=20250312161405"
    },
    {
        "id": 33528,
        "name": "Jab\u00f3n de Manos Lim\u00f3n y Azahar VITARELLE",
        "price": 2.19,
        "price_kilo": 0.44,
        "slug": "jabon-de-manos-limon-y-azahar",
        "description": "Jab\u00f3n de Manos Lim\u00f3n y Azahar 500 ml",
        "image": "https:\/\/cdn-consum.aktiosdigitalservices.com\/tol\/consum\/media\/product\/img\/300x300\/7433154.jpg?t=20250312161409"
    },
    {
        "id": 33529,
        "name": "Esponja Ba\u00f1o Infantil Bob Esponja SUAVIPIEL",
        "price": 1.99,
        "price_kilo": 1.99,
        "slug": "esponja-bano-infantil-bob-esponja",
        "description": "Esponja Ba\u00f1o Infantil Bob Esponja 1 U",
        "image": "https:\/\/cdn-consum.aktiosdigitalservices.com\/tol\/consum\/media\/product\/img\/300x300\/7433167.jpg?t=20250218081417"
    },
    {
        "id": 33531,
        "name": "Cacao Soluble 0% Az\u00facares A\u00f1adidos CONSUM",
        "price": 4.05,
        "price_kilo": 9,
        "slug": "cacao-soluble-0-azucares-anadidos",
        "description": "Cacao Soluble 0% Az\u00facares A\u00f1adidos 450 Gr",
        "image": "https:\/\/cdn-consum.aktiosdigitalservices.com\/tol\/consum\/media\/product\/img\/300x300\/7389091.jpg?t=20250311111841"
    },
    {
        "id": 33533,
        "name": "Perfumador L\u00edquido Ropa Jazm\u00edn S\u00e1ndalo y Vainilla CONSUM",
        "price": 3.15,
        "price_kilo": 0.09,
        "slug": "perfumador-liquido-ropa-jazmin-sandalo-y-vainilla",
        "description": "Perfumador L\u00edquido Ropa Jazm\u00edn S\u00e1ndalo y Vainilla 36 Lv",
        "image": "https:\/\/cdn-consum.aktiosdigitalservices.com\/tol\/consum\/media\/product\/img\/300x300\/7429236.jpg?t=20241217081322"
    },
    {
        "id": 33539,
        "name": "Jab\u00f3n de Manos Coco y Mango VITARELLE",
        "price": 2.19,
        "price_kilo": 0.44,
        "slug": "jabon-de-manos-coco-y-mango",
        "description": "Jab\u00f3n de Manos Coco y Mango 500 ml",
        "image": "https:\/\/cdn-consum.aktiosdigitalservices.com\/tol\/consum\/media\/product\/img\/300x300\/7433142.jpg?t=20250312161407"
    },
    {
        "id": 33541,
        "name": "Talonera Gel Dual Se\u00f1ora ACHUCHONAS",
        "price": 3.99,
        "price_kilo": 3.99,
        "slug": "talonera-gel-dual-senora",
        "description": "Talonera Gel Dual Se\u00f1ora 1 U",
        "image": "https:\/\/cdn-consum.aktiosdigitalservices.com\/tol\/consum\/media\/product\/img\/300x300\/7433381.jpg?t=20241217081334"
    },
    {
        "id": 33542,
        "name": "Talonera Gel Dual Caballero ACHUCHONAS",
        "price": 3.99,
        "price_kilo": 3.99,
        "slug": "talonera-gel-dual-caballero",
        "description": "Talonera Gel Dual Caballero 1 U",
        "image": "https:\/\/cdn-consum.aktiosdigitalservices.com\/tol\/consum\/media\/product\/img\/300x300\/7433394.jpg?t=20241217081334"
    },
    {
        "id": 33543,
        "name": "Plantilla 3\/4 Fascitis Talla 37-40 ACHUCHONAS",
        "price": 6.99,
        "price_kilo": 6.99,
        "slug": "plantilla-3-4-fascitis-talla-37-40",
        "description": "Plantilla 3\/4 Fascitis Talla 37-40 1 U",
        "image": "https:\/\/cdn-consum.aktiosdigitalservices.com\/tol\/consum\/media\/product\/img\/300x300\/7433399.jpg?t=20241217081334"
    },
    {
        "id": 33544,
        "name": "Plantilla 3\/4 Fascitis Talla 41-44 ACHUCHONAS",
        "price": 6.99,
        "price_kilo": 6.99,
        "slug": "plantilla-3-4-fascitis-talla-41-44",
        "description": "Plantilla 3\/4 Fascitis Talla 41-44 1 U",
        "image": "https:\/\/cdn-consum.aktiosdigitalservices.com\/tol\/consum\/media\/product\/img\/300x300\/7433402.jpg?t=20241217081334"
    },
    {
        "id": 33545,
        "name": "Protector Tal\u00f3n y Planta ACHUCHONAS",
        "price": 3.99,
        "price_kilo": 3.99,
        "slug": "protector-talon-y-planta",
        "description": "Protector Tal\u00f3n y Planta 1 U",
        "image": "https:\/\/cdn-consum.aktiosdigitalservices.com\/tol\/consum\/media\/product\/img\/300x300\/7433407.jpg?t=20241217081334"
    },
    {
        "id": 33546,
        "name": "Dipper de Pollo y Queso SE\u00d1OR POLLO",
        "price": 2.49,
        "price_kilo": 9.96,
        "slug": "dipper-de-pollo-y-queso",
        "description": "Dipper de Pollo y Queso 250 Gr",
        "image": "https:\/\/cdn-consum.aktiosdigitalservices.com\/tol\/consum\/media\/product\/img\/300x300\/7432292.jpg?t=20250318080741"
    },
    {
        "id": 33547,
        "name": "Colgador WC Agua Azul CONSUM",
        "price": 1.3,
        "price_kilo": 0.65,
        "slug": "colgador-wc-agua-azul",
        "description": "Colgador WC Agua Azul 2 U",
        "image": "https:\/\/cdn-consum.aktiosdigitalservices.com\/tol\/consum\/media\/product\/img\/300x300\/7423544.jpg?t=20250318081003"
    },
    {
        "id": 33548,
        "name": "Lavavajillas Concentrado Lim\u00f3n CONSUM",
        "price": 1.15,
        "price_kilo": 1.92,
        "slug": "lavavajillas-concentrado-limon",
        "description": "Lavavajillas Concentrado Lim\u00f3n 600 ml",
        "image": "https:\/\/cdn-consum.aktiosdigitalservices.com\/tol\/consum\/media\/product\/img\/300x300\/7423879.jpg?t=20250312130217"
    },
    {
        "id": 33549,
        "name": "Lavavajillas Concentrado Ultra CONSUM",
        "price": 1.15,
        "price_kilo": 1.92,
        "slug": "lavavajillas-concentrado-ultra",
        "description": "Lavavajillas Concentrado Ultra 600 ml",
        "image": "https:\/\/cdn-consum.aktiosdigitalservices.com\/tol\/consum\/media\/product\/img\/300x300\/7423882.jpg?t=20250312092836"
    },
    {
        "id": 33553,
        "name": "Copos Integrales con Fruta CERID\u00c9S",
        "price": 2.59,
        "price_kilo": 5.76,
        "slug": "copos-integrales-con-fruta",
        "description": "Copos Integrales con Fruta 450 Gr",
        "image": "https:\/\/cdn-consum.aktiosdigitalservices.com\/tol\/consum\/media\/product\/img\/300x300\/7432458.jpg?t=20250311112954"
    },
    {
        "id": 33554,
        "name": "Vinagre de Manzana Sin Filtrar V.RIOJANAS",
        "price": 1.7,
        "price_kilo": 3.4,
        "slug": "vinagre-de-manzana-sin-filtrar",
        "description": "Vinagre de Manzana Sin Filtrar 500 ml",
        "image": "https:\/\/cdn-consum.aktiosdigitalservices.com\/tol\/consum\/media\/product\/img\/300x300\/7432870.jpg?t=20241217081333"
    },
    {
        "id": 33555,
        "name": "Galleta Dorada Marb\u00fa 0% Az\u00facar m\u00e1s 33% ARTIACH",
        "price": 2.85,
        "price_kilo": 7.13,
        "slug": "galleta-dorada-marbu-0-azucar-mas-33",
        "description": "Galleta Dorada Marb\u00fa 0% Az\u00facar m\u00e1s 33% 400 Gr",
        "image": "https:\/\/cdn-consum.aktiosdigitalservices.com\/tol\/consum\/media\/product\/img\/300x300\/7433006.jpg?t=20250312161403"
    },
    {
        "id": 33558,
        "name": "Aceite de Oliva Sin Filtrar AIRES",
        "price": 2.7,
        "price_kilo": 10.8,
        "slug": "aceite-de-oliva-sin-filtrar",
        "description": "Aceite de Oliva Sin Filtrar 250 ml",
        "image": "https:\/\/cdn-consum.aktiosdigitalservices.com\/tol\/consum\/media\/product\/img\/300x300\/7433423.jpg?t=20250312092842"
    },
    {
        "id": 33559,
        "name": "Detergente L\u00edquido Original ARIEL",
        "price": 10.99,
        "price_kilo": 0.38,
        "slug": "detergente-liquido-original",
        "description": "Detergente L\u00edquido Original 29 Lv",
        "image": "https:\/\/cdn-consum.aktiosdigitalservices.com\/tol\/consum\/media\/product\/img\/300x300\/7433469.jpg?t=20250312092842"
    },
    {
        "id": 33560,
        "name": "Jam\u00f3n de Pavo Lonchas Finas CAMPOFR\u00cdO",
        "price": 1,
        "price_kilo": 14.29,
        "slug": "jamon-de-pavo-lonchas-finas",
        "description": "Jam\u00f3n de Pavo Lonchas Finas 70 Gr",
        "image": "https:\/\/cdn-consum.aktiosdigitalservices.com\/tol\/consum\/media\/product\/img\/300x300\/7433530.jpg?t=20241217081334"
    },
    {
        "id": 33561,
        "name": "Lunch Bowl de Zanahoria Garbanzos-Ma\u00edz-Quinoa BONDUELLE",
        "price": 2.99,
        "price_kilo": 11.96,
        "slug": "lunch-bowl-de-zanahoria-garbanzos-maiz-quinoa",
        "description": "Lunch Bowl de Zanahoria Garbanzos-Ma\u00edz-Quinoa 250 Gr",
        "image": "https:\/\/cdn-consum.aktiosdigitalservices.com\/tol\/consum\/media\/product\/img\/300x300\/7433584.jpg?t=20250318080748"
    },
    {
        "id": 33562,
        "name": "Abrillantador Metales Inox y Aluminio CONSUM",
        "price": 3.9,
        "price_kilo": 7.8,
        "slug": "abrillantador-metales-inox-y-aluminio",
        "description": "Abrillantador Metales Inox y Aluminio 0,5 L",
        "image": "https:\/\/cdn-consum.aktiosdigitalservices.com\/tol\/consum\/media\/product\/img\/300x300\/7417603.jpg?t=20250312130137"
    },
    {
        "id": 33564,
        "name": "Sepia Troceada CONSUM",
        "price": 5.39,
        "price_kilo": 17.97,
        "slug": "sepia-troceada",
        "description": "Sepia Troceada 300 Gr",
        "image": "https:\/\/cdn-consum.aktiosdigitalservices.com\/tol\/consum\/media\/product\/img\/300x300\/7420180.jpg?t=20250301080020"
    },
    {
        "id": 33565,
        "name": "Sepia Mediana Skin Congelada CONSUM",
        "price": 5.75,
        "price_kilo": 16.43,
        "slug": "sepia-mediana-skin-congelada",
        "description": "Sepia Mediana Skin Congelada 350 Gr",
        "image": "https:\/\/cdn-consum.aktiosdigitalservices.com\/tol\/consum\/media\/product\/img\/300x300\/7420185.jpg?t=20250318080633"
    },
    {
        "id": 33569,
        "name": "Bomb\u00f3n Magnum Euphoria x3 MAGNUM",
        "price": 4.99,
        "price_kilo": 23.99,
        "slug": "bombon-magnum-euphoria-x3",
        "description": "Bomb\u00f3n Magnum Euphoria x3 208 Gr",
        "image": "https:\/\/cdn-consum.aktiosdigitalservices.com\/tol\/consum\/media\/product\/img\/300x300\/7433022.jpg?t=20250312130310"
    },
    {
        "id": 33570,
        "name": "Bomb\u00f3n Blanco Biscoff LOTUS",
        "price": 4.49,
        "price_kilo": 17.96,
        "slug": "bombon-blanco-biscoff",
        "description": "Bomb\u00f3n Blanco Biscoff 250 Gr",
        "image": "https:\/\/cdn-consum.aktiosdigitalservices.com\/tol\/consum\/media\/product\/img\/300x300\/7433162.jpg?t=20250218081152"
    },
    {
        "id": 33572,
        "name": "Zumo Frutos Rojos y Granada VIA NATURE",
        "price": 2.49,
        "price_kilo": 3.32,
        "slug": "zumo-frutos-rojos-y-granada",
        "description": "Zumo Frutos Rojos y Granada 750 ml",
        "image": "https:\/\/cdn-consum.aktiosdigitalservices.com\/tol\/consum\/media\/product\/img\/300x300\/7433287.jpg?t=20250227095022"
    },
    {
        "id": 33574,
        "name": "Spray Isot\u00f3nico CARE FOR YOU",
        "price": 6.99,
        "price_kilo": 5.59,
        "slug": "spray-isotonico",
        "description": "Spray Isot\u00f3nico 125 ml",
        "image": "https:\/\/cdn-consum.aktiosdigitalservices.com\/tol\/consum\/media\/product\/img\/300x300\/7433449.jpg?t=20250312092842"
    },
    {
        "id": 33575,
        "name": "Spray O\u00eddos CARE FOR YOU",
        "price": 5.99,
        "price_kilo": 4.79,
        "slug": "spray-oidos",
        "description": "Spray O\u00eddos 125 ml",
        "image": "https:\/\/cdn-consum.aktiosdigitalservices.com\/tol\/consum\/media\/product\/img\/300x300\/7433451.jpg?t=20250206101209"
    },
    {
        "id": 33576,
        "name": "Spray Baby CARE FOR YOU",
        "price": 5.99,
        "price_kilo": 5.99,
        "slug": "spray-baby",
        "description": "Spray Baby 100 ml",
        "image": "https:\/\/cdn-consum.aktiosdigitalservices.com\/tol\/consum\/media\/product\/img\/300x300\/7433456.jpg?t=20250312092842"
    },
    {
        "id": 33577,
        "name": "Filet\u00f3n de Bacalao Extra ANGOMAR",
        "price": 19.9,
        "price_kilo": 19.9,
        "slug": "fileton-de-bacalao-extra",
        "description": "Filet\u00f3n de Bacalao Extra",
        "image": "https:\/\/cdn-consum.aktiosdigitalservices.com\/tol\/consum\/media\/product\/img\/300x300\/7433485.jpg?t=20250315075932"
    },
    {
        "id": 33578,
        "name": "Spray Hipert\u00f3nico CARE FOR YOU",
        "price": 6.49,
        "price_kilo": 5.19,
        "slug": "spray-hipertonico",
        "description": "Spray Hipert\u00f3nico 125 ml",
        "image": "https:\/\/cdn-consum.aktiosdigitalservices.com\/tol\/consum\/media\/product\/img\/300x300\/7433527.jpg?t=20250312092844"
    },
    {
        "id": 33585,
        "name": "Guiso Lentejas con Verduras VIANATURE",
        "price": 2.99,
        "price_kilo": 8.54,
        "slug": "guiso-lentejas-con-verduras",
        "description": "Guiso Lentejas con Verduras 350 Gr",
        "image": "https:\/\/cdn-consum.aktiosdigitalservices.com\/tol\/consum\/media\/product\/img\/300x300\/7433605.jpg?t=20250227095029"
    },
    {
        "id": 33586,
        "name": "Croqueta Jam\u00f3n Ib\u00e9rico Horneable LA COCINERA",
        "price": 4.99,
        "price_kilo": 14.68,
        "slug": "croqueta-jamon-iberico-horneable",
        "description": "Croqueta Jam\u00f3n Ib\u00e9rico Horneable 340 Gr",
        "image": "https:\/\/cdn-consum.aktiosdigitalservices.com\/tol\/consum\/media\/product\/img\/300x300\/7433613.jpg?t=20250227095030"
    },
    {
        "id": 33587,
        "name": "Croquetas Espinacas LA COCINERA",
        "price": 4.99,
        "price_kilo": 12.48,
        "slug": "croquetas-espinacas",
        "description": "Croquetas Espinacas 400 Gr",
        "image": "https:\/\/cdn-consum.aktiosdigitalservices.com\/tol\/consum\/media\/product\/img\/300x300\/7433618.jpg?t=20250320080324"
    },
    {
        "id": 33590,
        "name": "Cera Suelo Abrillantadora CONSUM",
        "price": 2.3,
        "price_kilo": 2.3,
        "slug": "cera-suelo-abrillantadora",
        "description": "Cera Suelo Abrillantadora 1 L",
        "image": "https:\/\/cdn-consum.aktiosdigitalservices.com\/tol\/consum\/media\/product\/img\/300x300\/7405095.jpg?t=20241217081243"
    },
    {
        "id": 33592,
        "name": "Detergente C\u00e1psulas Color CONSUM",
        "price": 4.49,
        "price_kilo": 0.19,
        "slug": "detergente-capsulas-color",
        "description": "Detergente C\u00e1psulas Color 24 Lv",
        "image": "https:\/\/cdn-consum.aktiosdigitalservices.com\/tol\/consum\/media\/product\/img\/300x300\/7423726.jpg?t=20250212080247"
    },
    {
        "id": 33616,
        "name": "Cepillo Interdental Ultra Fino PHD 0.7mm PROFARMA",
        "price": 1.5,
        "price_kilo": 0.25,
        "slug": "cepillo-interdental-ultra-fino-phd-07mm",
        "description": "Cepillo Interdental Ultra Fino PHD 0.7mm 6 U",
        "image": "https:\/\/cdn-consum.aktiosdigitalservices.com\/tol\/consum\/media\/product\/img\/300x300\/7433220.jpg?t=20241217081334"
    },
    {
        "id": 33617,
        "name": "Cepillo Interdental Extra Fino PHD 0.9mm PROFARMA",
        "price": 1.5,
        "price_kilo": 0.25,
        "slug": "cepillo-interdental-extra-fino-phd-09mm",
        "description": "Cepillo Interdental Extra Fino PHD 0.9mm 6 U",
        "image": "https:\/\/cdn-consum.aktiosdigitalservices.com\/tol\/consum\/media\/product\/img\/300x300\/7433225.jpg?t=20241217081334"
    },
    {
        "id": 33618,
        "name": "Cepillo Interdental Fino PHD 1.0mm PROFARMA",
        "price": 1.5,
        "price_kilo": 0.25,
        "slug": "cepillo-interdental-fino-phd-10mm",
        "description": "Cepillo Interdental Fino PHD 1.0mm 6 U",
        "image": "https:\/\/cdn-consum.aktiosdigitalservices.com\/tol\/consum\/media\/product\/img\/300x300\/7433233.jpg?t=20241217081334"
    },
    {
        "id": 33620,
        "name": "Capellanes Secos ANGOMAR",
        "price": 4.08,
        "price_kilo": 15.65,
        "slug": "capellanes-secos",
        "description": "Capellanes Secos",
        "image": "https:\/\/cdn-consum.aktiosdigitalservices.com\/tol\/consum\/media\/product\/img\/300x300\/7433480.jpg?t=20250319080036"
    },
    {
        "id": 33623,
        "name": "Agua Mineral Natural Garrafa TELENO",
        "price": 1.09,
        "price_kilo": 0.22,
        "slug": "agua-mineral-natural-garrafa",
        "description": "Agua Mineral Natural Garrafa 5 L",
        "image": "https:\/\/cdn-consum.aktiosdigitalservices.com\/tol\/consum\/media\/product\/img\/300x300\/7433662.jpg?t=20241217081335"
    },
    {
        "id": 33624,
        "name": "Toallitas Pure Aqua Cuidado Total DODOT",
        "price": 3.49,
        "price_kilo": 0.07,
        "slug": "toallitas-pure-aqua-cuidado-total",
        "description": "Toallitas Pure Aqua Cuidado Total 48 U",
        "image": "https:\/\/cdn-consum.aktiosdigitalservices.com\/tol\/consum\/media\/product\/img\/300x300\/7433688.jpg?t=20250313081154"
    },
    {
        "id": 33625,
        "name": "Discos Activos WC Lima Fresca PATO",
        "price": 1.99,
        "price_kilo": 1.99,
        "slug": "discos-activos-wc-lima-fresca",
        "description": "Discos Activos WC Lima Fresca 1 U",
        "image": "https:\/\/cdn-consum.aktiosdigitalservices.com\/tol\/consum\/media\/product\/img\/300x300\/7433691.jpg?t=20250313081156"
    },
    {
        "id": 33626,
        "name": "Recambio Maquinilla Mach 3 Hojas GILLETTE",
        "price": 12.95,
        "price_kilo": 3.24,
        "slug": "recambio-maquinilla-mach-3-hojas",
        "description": "Recambio Maquinilla Mach 3 Hojas 4 U",
        "image": "https:\/\/cdn-consum.aktiosdigitalservices.com\/tol\/consum\/media\/product\/img\/300x300\/7433696.jpg?t=20241217081335"
    },
    {
        "id": 33628,
        "name": "Pimientos Rellenos de Bacalao COCINARTE",
        "price": 2.45,
        "price_kilo": 10.21,
        "slug": "pimientos-rellenos-de-bacalao",
        "description": "Pimientos Rellenos de Bacalao 240 Gr",
        "image": "https:\/\/cdn-consum.aktiosdigitalservices.com\/tol\/consum\/media\/product\/img\/300x300\/7433894.jpg?t=20241217081336"
    },
    {
        "id": 33637,
        "name": "Gamba Alistada Peq Caja congelada CRUZADO",
        "price": 8.99,
        "price_kilo": 17.98,
        "slug": "gamba-alistada-peq-caja-congelada",
        "description": "Gamba Alistada Peq Caja congelada 500 Gr",
        "image": "https:\/\/cdn-consum.aktiosdigitalservices.com\/tol\/consum\/media\/product\/img\/300x300\/7340490.jpg?t=20250318080400"
    },
    {
        "id": 33641,
        "name": "Gamb\u00f3n Extra Caja PESCANOVA",
        "price": 10.95,
        "price_kilo": 13.69,
        "slug": "gambon-extra-caja",
        "description": "Gamb\u00f3n Extra Caja 800 Gr",
        "image": "https:\/\/cdn-consum.aktiosdigitalservices.com\/tol\/consum\/media\/product\/img\/300x300\/7421852.jpg?t=20250318080645"
    },
    {
        "id": 33642,
        "name": "Gamb\u00f3n Grande Caja WOFCO",
        "price": 5.5,
        "price_kilo": 13.75,
        "slug": "gambon-grande-caja",
        "description": "Gamb\u00f3n Grande Caja 400 Gr",
        "image": "https:\/\/cdn-consum.aktiosdigitalservices.com\/tol\/consum\/media\/product\/img\/300x300\/7421881.jpg?t=20250318080647"
    },
    {
        "id": 33643,
        "name": "Langostino Cocido Congelado PESCANOVA",
        "price": 8.59,
        "price_kilo": 17.18,
        "slug": "langostino-cocido-congelado",
        "description": "Langostino Cocido Congelado 500 Gr",
        "image": "https:\/\/cdn-consum.aktiosdigitalservices.com\/tol\/consum\/media\/product\/img\/300x300\/7426195.jpg?t=20250318080712"
    },
    {
        "id": 33644,
        "name": "Langostino Crudo Congelado PESCANOVA",
        "price": 7.99,
        "price_kilo": 15.98,
        "slug": "langostino-crudo-congelado",
        "description": "Langostino Crudo Congelado 500 Gr",
        "image": "https:\/\/cdn-consum.aktiosdigitalservices.com\/tol\/consum\/media\/product\/img\/300x300\/7426211.jpg?t=20250318080714"
    },
    {
        "id": 33646,
        "name": "Gamba Alistada Congelada MARINES",
        "price": 3.75,
        "price_kilo": 18.75,
        "slug": "gamba-alistada-congelada",
        "description": "Gamba Alistada Congelada 200 Gr",
        "image": "https:\/\/cdn-consum.aktiosdigitalservices.com\/tol\/consum\/media\/product\/img\/300x300\/7428477.jpg?t=20250318080722"
    },
    {
        "id": 33647,
        "name": "Gamba Blanca MARINES",
        "price": 4.4,
        "price_kilo": 22,
        "slug": "gamba-blanca",
        "description": "Gamba Blanca 200 Gr",
        "image": "https:\/\/cdn-consum.aktiosdigitalservices.com\/tol\/consum\/media\/product\/img\/300x300\/7432185.jpg?t=20250318080737"
    },
    {
        "id": 33648,
        "name": "Ensaladilla Rusa CONSUM",
        "price": 2.7,
        "price_kilo": 6,
        "slug": "ensaladilla-rusa",
        "description": "Ensaladilla Rusa 450 Gr",
        "image": "https:\/\/cdn-consum.aktiosdigitalservices.com\/tol\/consum\/media\/product\/img\/300x300\/7426682.jpg?t=20241217081318"
    },
    {
        "id": 33649,
        "name": "Ensaladilla Rusa CONSUM",
        "price": 1.8,
        "price_kilo": 7.2,
        "slug": "ensaladilla-rusa",
        "description": "Ensaladilla Rusa 250 Gr",
        "image": "https:\/\/cdn-consum.aktiosdigitalservices.com\/tol\/consum\/media\/product\/img\/300x300\/7427623.jpg?t=20241217081318"
    },
    {
        "id": 33650,
        "name": "Ensalada Cangrejo CONSUM",
        "price": 1.8,
        "price_kilo": 7.2,
        "slug": "ensalada-cangrejo",
        "description": "Ensalada Cangrejo 250 Gr",
        "image": "https:\/\/cdn-consum.aktiosdigitalservices.com\/tol\/consum\/media\/product\/img\/300x300\/7428162.jpg?t=20241217081319"
    },
    {
        "id": 33651,
        "name": "Ensalada Americana CONSUM",
        "price": 1.6,
        "price_kilo": 6.4,
        "slug": "ensalada-americana",
        "description": "Ensalada Americana 250 Gr",
        "image": "https:\/\/cdn-consum.aktiosdigitalservices.com\/tol\/consum\/media\/product\/img\/300x300\/7428167.jpg?t=20241217081319"
    },
    {
        "id": 33652,
        "name": "Ensalada Cangrejo CONSUM",
        "price": 3.15,
        "price_kilo": 7,
        "slug": "ensalada-cangrejo",
        "description": "Ensalada Cangrejo 450 Gr",
        "image": "https:\/\/cdn-consum.aktiosdigitalservices.com\/tol\/consum\/media\/product\/img\/300x300\/7428196.jpg?t=20250227094848"
    },
    {
        "id": 33657,
        "name": "Bebida Energ\u00e9tica Cero Green lata MONSTER",
        "price": 1.79,
        "price_kilo": 3.58,
        "slug": "bebida-energetica-cero-green-lata",
        "description": "Bebida Energ\u00e9tica Cero Green lata 0,5 L",
        "image": "https:\/\/cdn-consum.aktiosdigitalservices.com\/tol\/consum\/media\/product\/img\/300x300\/7433519.jpg?t=20250320080322"
    },
    {
        "id": 33658,
        "name": "Cigala Mediana 14-18 AMATSU",
        "price": 11.9,
        "price_kilo": 23.8,
        "slug": "cigala-mediana-14-18",
        "description": "Cigala Mediana 14-18 500 Gr",
        "image": "https:\/\/cdn-consum.aktiosdigitalservices.com\/tol\/consum\/media\/product\/img\/300x300\/7433522.jpg?t=20250318080746"
    },
    {
        "id": 33660,
        "name": "Jam\u00f3n Cocido ELPOZO",
        "price": 1,
        "price_kilo": 12.5,
        "slug": "jamon-cocido",
        "description": "Jam\u00f3n Cocido 80 Gr",
        "image": "https:\/\/cdn-consum.aktiosdigitalservices.com\/tol\/consum\/media\/product\/img\/300x300\/7433597.jpg?t=20241217081334"
    },
    {
        "id": 33665,
        "name": "Spray Aceite de Oliva Virgen Extra LA ESPA\u00d1OLA",
        "price": 2.69,
        "price_kilo": 13.45,
        "slug": "spray-aceite-de-oliva-virgen-extra",
        "description": "Spray Aceite de Oliva Virgen Extra 200 ml",
        "image": "https:\/\/cdn-consum.aktiosdigitalservices.com\/tol\/consum\/media\/product\/img\/300x300\/7433915.jpg?t=20250313081158"
    },
    {
        "id": 33666,
        "name": "Spray Aceite de Oliva Virgen Extra a la Trufa LA ESPA\u00d1OLA",
        "price": 2.99,
        "price_kilo": 14.95,
        "slug": "spray-aceite-de-oliva-virgen-extra-a-la-trufa",
        "description": "Spray Aceite de Oliva Virgen Extra a la Trufa 200 ml",
        "image": "https:\/\/cdn-consum.aktiosdigitalservices.com\/tol\/consum\/media\/product\/img\/300x300\/7433923.jpg?t=20250214080029"
    },
    {
        "id": 33667,
        "name": "Mejill\u00f3n en Escabeche 8\/12 Piezas FRISCOS",
        "price": 2.99,
        "price_kilo": 43.33,
        "slug": "mejillon-en-escabeche-8-12-piezas",
        "description": "Mejill\u00f3n en Escabeche 8\/12 Piezas 69 Gr",
        "image": "https:\/\/cdn-consum.aktiosdigitalservices.com\/tol\/consum\/media\/product\/img\/300x300\/7434041.jpg?t=20250125075938"
    },
    {
        "id": 33668,
        "name": "Fregona Microfibra Premium VILEDA",
        "price": 2.99,
        "price_kilo": 2.99,
        "slug": "fregona-microfibra-premium",
        "description": "Fregona Microfibra Premium 1 U",
        "image": "https:\/\/cdn-consum.aktiosdigitalservices.com\/tol\/consum\/media\/product\/img\/300x300\/7434319.jpg?t=20250227095042"
    },
    {
        "id": 33670,
        "name": "Crema Untar Avellana y Cacao Tarro NUTELLA",
        "price": 6.69,
        "price_kilo": 8.92,
        "slug": "crema-untar-avellana-y-cacao-tarro",
        "description": "Crema Untar Avellana y Cacao Tarro 750 Gr",
        "image": "https:\/\/cdn-consum.aktiosdigitalservices.com\/tol\/consum\/media\/product\/img\/300x300\/7434504.jpg?t=20250311134916"
    },
    {
        "id": 33671,
        "name": "Suavizante Origins Rosas Silvestres MIMOSIN",
        "price": 3.35,
        "price_kilo": 0.07,
        "slug": "suavizante-origins-rosas-silvestres",
        "description": "Suavizante Origins Rosas Silvestres 50 Lv",
        "image": "https:\/\/cdn-consum.aktiosdigitalservices.com\/tol\/consum\/media\/product\/img\/300x300\/7434561.jpg?t=20250227095051"
    },
    {
        "id": 33672,
        "name": "Suavizante Origins Bergamota Salvaje MIMOSIN",
        "price": 3.35,
        "price_kilo": 0.07,
        "slug": "suavizante-origins-bergamota-salvaje",
        "description": "Suavizante Origins Bergamota Salvaje 50 Lv",
        "image": "https:\/\/cdn-consum.aktiosdigitalservices.com\/tol\/consum\/media\/product\/img\/300x300\/7434566.jpg?t=20250227095052"
    },
    {
        "id": 33673,
        "name": "Quitamanchas Recambio KH-7",
        "price": 4.45,
        "price_kilo": 5.71,
        "slug": "quitamanchas-recambio",
        "description": "Quitamanchas Recambio 780 ml",
        "image": "https:\/\/cdn-consum.aktiosdigitalservices.com\/tol\/consum\/media\/product\/img\/300x300\/7434640.jpg?t=20250128080435"
    },
    {
        "id": 33674,
        "name": "Porci\u00f3n de Rosada Del Cabo Congelada CONSUM",
        "price": 4.99,
        "price_kilo": 19.96,
        "slug": "porcion-de-rosada-del-cabo-congelada",
        "description": "Porci\u00f3n de Rosada Del Cabo Congelada 250 Gr",
        "image": "https:\/\/cdn-consum.aktiosdigitalservices.com\/tol\/consum\/media\/product\/img\/300x300\/7424468.jpg?t=20250301080048"
    },
    {
        "id": 33675,
        "name": "Pizza Pepperoni CONSUM",
        "price": 2.6,
        "price_kilo": 7.65,
        "slug": "pizza-pepperoni",
        "description": "Pizza Pepperoni 340 Gr",
        "image": "https:\/\/cdn-consum.aktiosdigitalservices.com\/tol\/consum\/media\/product\/img\/300x300\/7423965.jpg?t=20241217081313"
    },
    {
        "id": 33676,
        "name": "Fregona Microfibra Hilo CONSUM",
        "price": 2.8,
        "price_kilo": 1.4,
        "slug": "fregona-microfibra-hilo",
        "description": "Fregona Microfibra Hilo 2 U",
        "image": "https:\/\/cdn-consum.aktiosdigitalservices.com\/tol\/consum\/media\/product\/img\/300x300\/7424005.jpg?t=20241217081313"
    },
    {
        "id": 33677,
        "name": "Lomitos Bacalao Congelado CONSUM",
        "price": 8.99,
        "price_kilo": 29.97,
        "slug": "lomitos-bacalao-congelado",
        "description": "Lomitos Bacalao Congelado 300 Gr",
        "image": "https:\/\/cdn-consum.aktiosdigitalservices.com\/tol\/consum\/media\/product\/img\/300x300\/7424463.jpg?t=20250301080046"
    },
    {
        "id": 33692,
        "name": "Discos Activos WC Frescor Marino PATO",
        "price": 1.99,
        "price_kilo": 1.99,
        "slug": "discos-activos-wc-frescor-marino",
        "description": "Discos Activos WC Frescor Marino 1 U",
        "image": "https:\/\/cdn-consum.aktiosdigitalservices.com\/tol\/consum\/media\/product\/img\/300x300\/7434058.jpg?t=20250313081200"
    },
    {
        "id": 33693,
        "name": "Clorhexidina Spray Desinfectante CUIDAPLUS",
        "price": 2.99,
        "price_kilo": 2.99,
        "slug": "clorhexidina-spray-desinfectante",
        "description": "Clorhexidina Spray Desinfectante 100 ml",
        "image": "https:\/\/cdn-consum.aktiosdigitalservices.com\/tol\/consum\/media\/product\/img\/300x300\/7434061.jpg?t=20241217081336"
    },
    {
        "id": 33694,
        "name": "Loci\u00f3n Antipiojos CUIDAPLUS",
        "price": 3.45,
        "price_kilo": 1.92,
        "slug": "locion-antipiojos",
        "description": "Loci\u00f3n Antipiojos 180 ml",
        "image": "https:\/\/cdn-consum.aktiosdigitalservices.com\/tol\/consum\/media\/product\/img\/300x300\/7434074.jpg?t=20241217081336"
    },
    {
        "id": 33729,
        "name": "Crema Catalana Pack de 2 Unidades DHUL",
        "price": 1.79,
        "price_kilo": 8.95,
        "slug": "crema-catalana-pack-de-2-unidades",
        "description": "Crema Catalana Pack de 2 Unidades 2 x 100 Gr",
        "image": "https:\/\/cdn-consum.aktiosdigitalservices.com\/tol\/consum\/media\/product\/img\/300x300\/7434327.jpg?t=20250227095044"
    },
    {
        "id": 33730,
        "name": "Pizcas de Jam\u00f3n LORIENTE",
        "price": 1.6,
        "price_kilo": 20,
        "slug": "pizcas-de-jamon",
        "description": "Pizcas de Jam\u00f3n 2 x 40 Gr",
        "image": "https:\/\/cdn-consum.aktiosdigitalservices.com\/tol\/consum\/media\/product\/img\/300x300\/7434348.jpg?t=20241217081336"
    },
    {
        "id": 33731,
        "name": "Mega-Roulette Caramelo de Gominola HARIBO",
        "price": 0.95,
        "price_kilo": 2.11,
        "slug": "mega-roulette-caramelo-de-gominola",
        "description": "Mega-Roulette Caramelo de Gominola 45 Gr",
        "image": "https:\/\/cdn-consum.aktiosdigitalservices.com\/tol\/consum\/media\/product\/img\/300x300\/7434389.jpg?t=20250311125426"
    },
    {
        "id": 33732,
        "name": "Galleta Choco Bom Ba\u00f1ada Chocolate Leche GULLON",
        "price": 1.19,
        "price_kilo": 11.9,
        "slug": "galleta-choco-bom-banada-chocolate-leche",
        "description": "Galleta Choco Bom Ba\u00f1ada Chocolate Leche 100 Gr",
        "image": "https:\/\/cdn-consum.aktiosdigitalservices.com\/tol\/consum\/media\/product\/img\/300x300\/7434392.jpg?t=20250312161416"
    },
    {
        "id": 33733,
        "name": "Galleta Choco Bom Ba\u00f1ada Choco Blanco GULLON",
        "price": 1.19,
        "price_kilo": 11.9,
        "slug": "galleta-choco-bom-banada-choco-blanco",
        "description": "Galleta Choco Bom Ba\u00f1ada Choco Blanco 100 Gr",
        "image": "https:\/\/cdn-consum.aktiosdigitalservices.com\/tol\/consum\/media\/product\/img\/300x300\/7434397.jpg?t=20250312161418"
    },
    {
        "id": 33734,
        "name": "Galletas con Chocolate Leche Funny Mushrooms MILTONAS",
        "price": 1.15,
        "price_kilo": 19.17,
        "slug": "galletas-con-chocolate-leche-funny-mushrooms",
        "description": "Galletas con Chocolate Leche Funny Mushrooms 60 Gr",
        "image": "https:\/\/cdn-consum.aktiosdigitalservices.com\/tol\/consum\/media\/product\/img\/300x300\/7434400.jpg?t=20250319080038"
    },
    {
        "id": 33736,
        "name": "Nutella&Go Crema Cacao y Palitos de Pan NUTELLA",
        "price": 1.65,
        "price_kilo": 20.63,
        "slug": "nutellago-crema-cacao-y-palitos-de-pan",
        "description": "Nutella&Go Crema Cacao y Palitos de Pan 80 Gr",
        "image": "https:\/\/cdn-consum.aktiosdigitalservices.com\/tol\/consum\/media\/product\/img\/300x300\/7434413.jpg?t=20250311134914"
    },
    {
        "id": 33737,
        "name": "Galleta con Chocolate Cards KINDER",
        "price": 0.69,
        "price_kilo": 2.56,
        "slug": "galleta-con-chocolate-cards",
        "description": "Galleta con Chocolate Cards 27 Gr",
        "image": "https:\/\/cdn-consum.aktiosdigitalservices.com\/tol\/consum\/media\/product\/img\/300x300\/7434418.jpg?t=20250311113033"
    },
    {
        "id": 33738,
        "name": "Caramelo Crema sin Az\u00facar ZERO",
        "price": 0.99,
        "price_kilo": 3.09,
        "slug": "caramelo-crema-sin-azucar",
        "description": "Caramelo Crema sin Az\u00facar 32 Gr",
        "image": "https:\/\/cdn-consum.aktiosdigitalservices.com\/tol\/consum\/media\/product\/img\/300x300\/7434421.jpg?t=20250311125430"
    },
    {
        "id": 33739,
        "name": "Caramelo Eucalipto sin Az\u00facar ZERO",
        "price": 0.99,
        "price_kilo": 3.09,
        "slug": "caramelo-eucalipto-sin-azucar",
        "description": "Caramelo Eucalipto sin Az\u00facar 32 Gr",
        "image": "https:\/\/cdn-consum.aktiosdigitalservices.com\/tol\/consum\/media\/product\/img\/300x300\/7434426.jpg?t=20250311125433"
    },
    {
        "id": 33740,
        "name": "Caramelo Fresa con Nata Yogur Griego sin Az\u00facar ZERO",
        "price": 0.99,
        "price_kilo": 3.09,
        "slug": "caramelo-fresa-con-nata-yogur-griego-sin-azucar",
        "description": "Caramelo Fresa con Nata Yogur Griego sin Az\u00facar 32 Gr",
        "image": "https:\/\/cdn-consum.aktiosdigitalservices.com\/tol\/consum\/media\/product\/img\/300x300\/7434434.jpg?t=20250311125435"
    },
    {
        "id": 33741,
        "name": "Caramelo Miel Lim\u00f3n sin Az\u00facar PECTOL",
        "price": 0.75,
        "price_kilo": 2.42,
        "slug": "caramelo-miel-limon-sin-azucar",
        "description": "Caramelo Miel Lim\u00f3n sin Az\u00facar 31 Gr",
        "image": "https:\/\/cdn-consum.aktiosdigitalservices.com\/tol\/consum\/media\/product\/img\/300x300\/7434439.jpg?t=20250311125437"
    },
    {
        "id": 33742,
        "name": "Caramelo Eucalipto sin Az\u00facar PECTOL",
        "price": 0.75,
        "price_kilo": 2.42,
        "slug": "caramelo-eucalipto-sin-azucar",
        "description": "Caramelo Eucalipto sin Az\u00facar 31 Gr",
        "image": "https:\/\/cdn-consum.aktiosdigitalservices.com\/tol\/consum\/media\/product\/img\/300x300\/7434442.jpg?t=20250311125439"
    },
    {
        "id": 33743,
        "name": "Chucrut al Vino Blanco ORZECH",
        "price": 2,
        "price_kilo": 3.08,
        "slug": "chucrut-al-vino-blanco",
        "description": "Chucrut al Vino Blanco 650 Gr",
        "image": "https:\/\/cdn-consum.aktiosdigitalservices.com\/tol\/consum\/media\/product\/img\/300x300\/7434459.jpg?t=20241217081336"
    },
    {
        "id": 33744,
        "name": "Suavizante Frescor Floral MIMOSIN",
        "price": 2.19,
        "price_kilo": 0.04,
        "slug": "suavizante-frescor-floral",
        "description": "Suavizante Frescor Floral 56 Lv",
        "image": "https:\/\/cdn-consum.aktiosdigitalservices.com\/tol\/consum\/media\/product\/img\/300x300\/7434541.jpg?t=20250227095046"
    },
    {
        "id": 33745,
        "name": "Suavizante Azul Vital MIMOSIN",
        "price": 2.19,
        "price_kilo": 0.04,
        "slug": "suavizante-azul-vital",
        "description": "Suavizante Azul Vital 56 Lv",
        "image": "https:\/\/cdn-consum.aktiosdigitalservices.com\/tol\/consum\/media\/product\/img\/300x300\/7434553.jpg?t=20250227095048"
    },
    {
        "id": 33746,
        "name": "Suavizante Caricias MIMOSIN",
        "price": 2.19,
        "price_kilo": 0.04,
        "slug": "suavizante-caricias",
        "description": "Suavizante Caricias 56 Lv",
        "image": "https:\/\/cdn-consum.aktiosdigitalservices.com\/tol\/consum\/media\/product\/img\/300x300\/7434558.jpg?t=20250227095049"
    },
    {
        "id": 33752,
        "name": "Quitamanchas Spray KH-7",
        "price": 4.95,
        "price_kilo": 6.35,
        "slug": "quitamanchas-spray",
        "description": "Quitamanchas Spray 780 ml",
        "image": "https:\/\/cdn-consum.aktiosdigitalservices.com\/tol\/consum\/media\/product\/img\/300x300\/7434637.jpg?t=20250128080433"
    },
    {
        "id": 33753,
        "name": "Recambio Maquinilla Hydro 3 hojas WILKINSON",
        "price": 10.49,
        "price_kilo": 2.62,
        "slug": "recambio-maquinilla-hydro-3-hojas",
        "description": "Recambio Maquinilla Hydro 3 hojas 4 U",
        "image": "https:\/\/cdn-consum.aktiosdigitalservices.com\/tol\/consum\/media\/product\/img\/300x300\/7434660.jpg?t=20250320080327"
    },
    {
        "id": 33755,
        "name": "Cappuccino Soluble SHIP",
        "price": 2.79,
        "price_kilo": 11.16,
        "slug": "cappuccino-soluble",
        "description": "Cappuccino Soluble 250 Gr",
        "image": "https:\/\/cdn-consum.aktiosdigitalservices.com\/tol\/consum\/media\/product\/img\/300x300\/7434934.jpg?t=20250311134919"
    },
    {
        "id": 33758,
        "name": "Roquefort DOP PASTOURELLE",
        "price": 23.7,
        "price_kilo": 23.7,
        "slug": "roquefort-dop",
        "description": "Roquefort DOP",
        "image": "https:\/\/cdn-consum.aktiosdigitalservices.com\/tol\/consum\/media\/product\/img\/300x300\/7434975.jpg?t=20250321080015"
    },
    {
        "id": 33760,
        "name": "Raclette ENTREMONT",
        "price": 3.09,
        "price_kilo": 12.36,
        "slug": "raclette",
        "description": "Raclette 250 Gr",
        "image": "https:\/\/cdn-consum.aktiosdigitalservices.com\/tol\/consum\/media\/product\/img\/300x300\/7434988.jpg?t=20250206101330"
    },
    {
        "id": 33761,
        "name": "Salero Sal Baja en Sodio CHALUPA",
        "price": 2.25,
        "price_kilo": 9,
        "slug": "salero-sal-baja-en-sodio",
        "description": "Salero Sal Baja en Sodio 250 Gr",
        "image": "https:\/\/cdn-consum.aktiosdigitalservices.com\/tol\/consum\/media\/product\/img\/300x300\/7435027.jpg?t=20250319080040"
    },
    {
        "id": 33763,
        "name": "Champ\u00fa M\u00e9todo Rizos N\u00ba1 FRUCTIS",
        "price": 4.99,
        "price_kilo": 2.5,
        "slug": "champu-metodo-rizos-n1",
        "description": "Champ\u00fa M\u00e9todo Rizos N\u00ba1 200 ml",
        "image": "https:\/\/cdn-consum.aktiosdigitalservices.com\/tol\/consum\/media\/product\/img\/300x300\/7435055.jpg?t=20250206101335"
    },
    {
        "id": 33764,
        "name": "Mascarilla M\u00e9todo Rizos N\u00ba2 FRUCTIS",
        "price": 7.99,
        "price_kilo": 2.16,
        "slug": "mascarilla-metodo-rizos-n2",
        "description": "Mascarilla M\u00e9todo Rizos N\u00ba2 370 ml",
        "image": "https:\/\/cdn-consum.aktiosdigitalservices.com\/tol\/consum\/media\/product\/img\/300x300\/7435063.jpg?t=20250213080612"
    },
    {
        "id": 33765,
        "name": "Champ\u00fa Violeta ELVIVE",
        "price": 5,
        "price_kilo": 2.5,
        "slug": "champu-violeta",
        "description": "Champ\u00fa Violeta 200 ml",
        "image": "https:\/\/cdn-consum.aktiosdigitalservices.com\/tol\/consum\/media\/product\/img\/300x300\/7435092.jpg?t=20250312161432"
    },
    {
        "id": 33766,
        "name": "Champ\u00fa Hialur\u00f3nico Pure ELVIVE",
        "price": 3.8,
        "price_kilo": 1,
        "slug": "champu-hialuronico-pure",
        "description": "Champ\u00fa Hialur\u00f3nico Pure 380 ml",
        "image": "https:\/\/cdn-consum.aktiosdigitalservices.com\/tol\/consum\/media\/product\/img\/300x300\/7435097.jpg?t=20250312161434"
    },
    {
        "id": 33767,
        "name": "Champ\u00fa Glycolic Gloss ELVIVE",
        "price": 5.99,
        "price_kilo": 3,
        "slug": "champu-glycolic-gloss",
        "description": "Champ\u00fa Glycolic Gloss 200 ml",
        "image": "https:\/\/cdn-consum.aktiosdigitalservices.com\/tol\/consum\/media\/product\/img\/300x300\/7435100.jpg?t=20250312161437"
    },
    {
        "id": 33768,
        "name": "Acondicionador Glycolic Gloss ELVIVE",
        "price": 5.99,
        "price_kilo": 3.99,
        "slug": "acondicionador-glycolic-gloss",
        "description": "Acondicionador Glycolic Gloss 150 ml",
        "image": "https:\/\/cdn-consum.aktiosdigitalservices.com\/tol\/consum\/media\/product\/img\/300x300\/7435113.jpg?t=20250312161439"
    },
    {
        "id": 33769,
        "name": "Cerveza Reserva Botella Pack 6 1906",
        "price": 4.99,
        "price_kilo": 4.16,
        "slug": "cerveza-reserva-botella-pack-6",
        "description": "Cerveza Reserva Botella Pack 6 6 x 0,2 L",
        "image": "https:\/\/cdn-consum.aktiosdigitalservices.com\/tol\/consum\/media\/product\/img\/300x300\/7435159.jpg?t=20250109111038"
    },
    {
        "id": 33770,
        "name": "Merluza Empanada Horneable CONSUM",
        "price": 4.65,
        "price_kilo": 7.75,
        "slug": "merluza-empanada-horneable",
        "description": "Merluza Empanada Horneable 600 Gr",
        "image": "https:\/\/cdn-consum.aktiosdigitalservices.com\/tol\/consum\/media\/product\/img\/300x300\/7424716.jpg?t=20241217081315"
    },
    {
        "id": 33771,
        "name": "Filete Lubina Congelada CONSUM",
        "price": 5.29,
        "price_kilo": 22.95,
        "slug": "filete-lubina-congelada",
        "description": "Filete Lubina Congelada",
        "image": "https:\/\/cdn-consum.aktiosdigitalservices.com\/tol\/consum\/media\/product\/img\/300x300\/7426278.jpg?t=20250320080259"
    },
    {
        "id": 33772,
        "name": "Mini Panecillos 2 Unidades ",
        "price": 0.89,
        "price_kilo": 5.56,
        "slug": "mini-panecillos-2-unidades",
        "description": "Mini Panecillos 2 Unidades 160 Gr",
        "image": "https:\/\/cdn-consum.aktiosdigitalservices.com\/tol\/consum\/media\/product\/img\/300x300\/7427250.jpg?t=20250103082630"
    },
    {
        "id": 33773,
        "name": "Salteado Verduras y Pollo CONSUM",
        "price": 2.15,
        "price_kilo": 4.78,
        "slug": "salteado-verduras-y-pollo",
        "description": "Salteado Verduras y Pollo 450 Gr",
        "image": "https:\/\/cdn-consum.aktiosdigitalservices.com\/tol\/consum\/media\/product\/img\/300x300\/7429413.jpg?t=20241217081322"
    },
    {
        "id": 33775,
        "name": "Pirulo Fruity Mix x7 NESTLE",
        "price": 5.79,
        "price_kilo": 14.19,
        "slug": "pirulo-fruity-mix-x7",
        "description": "Pirulo Fruity Mix x7 408 Gr",
        "image": "https:\/\/cdn-consum.aktiosdigitalservices.com\/tol\/consum\/media\/product\/img\/300x300\/7433043.jpg?t=20250312092842"
    },
    {
        "id": 33776,
        "name": "Spray Fungicida Hongos-Bacterias CUIDAPLUS",
        "price": 3.85,
        "price_kilo": 3.85,
        "slug": "spray-fungicida-hongos-bacterias",
        "description": "Spray Fungicida Hongos-Bacterias 100 ml",
        "image": "https:\/\/cdn-consum.aktiosdigitalservices.com\/tol\/consum\/media\/product\/img\/300x300\/7434066.jpg?t=20250312092844"
    },
    {
        "id": 33777,
        "name": "Mojama de At\u00fan ANGOMAR",
        "price": 3.25,
        "price_kilo": 21.67,
        "slug": "mojama-de-atun",
        "description": "Mojama de At\u00fan 150 Gr",
        "image": "https:\/\/cdn-consum.aktiosdigitalservices.com\/tol\/consum\/media\/product\/img\/300x300\/7434228.jpg?t=20250312092846"
    },
    {
        "id": 33778,
        "name": "Rodaja Emperador Congelado DP WOFCO",
        "price": 2.98,
        "price_kilo": 14.9,
        "slug": "rodaja-emperador-congelado-dp",
        "description": "Rodaja Emperador Congelado DP",
        "image": "https:\/\/cdn-consum.aktiosdigitalservices.com\/tol\/consum\/media\/product\/img\/300x300\/7434256.jpg?t=20250301080124"
    },
    {
        "id": 33779,
        "name": "Paleta Curada Reserva BOADAS",
        "price": 2.69,
        "price_kilo": 20.69,
        "slug": "paleta-curada-reserva",
        "description": "Paleta Curada Reserva 130 Gr",
        "image": "https:\/\/cdn-consum.aktiosdigitalservices.com\/tol\/consum\/media\/product\/img\/300x300\/7434343.jpg?t=20241217081336"
    },
    {
        "id": 33780,
        "name": "Cepillo Dental Medio DENTINET",
        "price": 0.69,
        "price_kilo": 0.35,
        "slug": "cepillo-dental-medio",
        "description": "Cepillo Dental Medio 2 U",
        "image": "https:\/\/cdn-consum.aktiosdigitalservices.com\/tol\/consum\/media\/product\/img\/300x300\/7434350.jpg?t=20241217081336"
    },
    {
        "id": 33781,
        "name": "Espumoso Brut Blanc de Blancs CAST.LIRIA",
        "price": 2.49,
        "price_kilo": 3.32,
        "slug": "espumoso-brut-blanc-de-blancs",
        "description": "Espumoso Brut Blanc de Blancs 0,75 L",
        "image": "https:\/\/cdn-consum.aktiosdigitalservices.com\/tol\/consum\/media\/product\/img\/300x300\/7434710.jpg?t=20250311125457"
    },
    {
        "id": 33783,
        "name": "Champ\u00fa Miracles Seda PANTENE",
        "price": 4.99,
        "price_kilo": 2,
        "slug": "champu-miracles-seda",
        "description": "Champ\u00fa Miracles Seda 250 ml",
        "image": "https:\/\/cdn-consum.aktiosdigitalservices.com\/tol\/consum\/media\/product\/img\/300x300\/7435001.jpg?t=20250312092847"
    },
    {
        "id": 33784,
        "name": "Juguete para perro cuerda y nudo BIOZOO",
        "price": 1.6,
        "price_kilo": 1.6,
        "slug": "juguete-para-perro-cuerda-y-nudo",
        "description": "Juguete para perro cuerda y nudo 1 U",
        "image": "https:\/\/cdn-consum.aktiosdigitalservices.com\/tol\/consum\/media\/product\/img\/300x300\/7435170.jpg?t=20250318081008"
    },
    {
        "id": 33785,
        "name": "Juguete para perro Pelota dental BIOZOO",
        "price": 2.99,
        "price_kilo": 2.99,
        "slug": "juguete-para-perro-pelota-dental",
        "description": "Juguete para perro Pelota dental 1 U",
        "image": "https:\/\/cdn-consum.aktiosdigitalservices.com\/tol\/consum\/media\/product\/img\/300x300\/7435175.jpg?t=20250318081008"
    },
    {
        "id": 33786,
        "name": "Burger Meat Pollo y Zanahoria (20%) ",
        "price": 1.39,
        "price_kilo": 11.12,
        "slug": "burger-meat-pollo-y-zanahoria-20",
        "description": "Burger Meat Pollo y Zanahoria (20%) 125 Gr",
        "image": "https:\/\/cdn-consum.aktiosdigitalservices.com\/tol\/consum\/media\/product\/img\/300x300\/7435605.jpg?t=20250318080759"
    },
    {
        "id": 33787,
        "name": "Burger Meat Vacuno Cebolla Carameliza (10%) ",
        "price": 1.84,
        "price_kilo": 12.27,
        "slug": "burger-meat-vacuno-cebolla-carameliza-10",
        "description": "Burger Meat Vacuno Cebolla Carameliza (10%) 150 Gr",
        "image": "https:\/\/cdn-consum.aktiosdigitalservices.com\/tol\/consum\/media\/product\/img\/300x300\/7435618.jpg?t=20250318080801"
    },
    {
        "id": 33788,
        "name": "Librito de Pollo Relleno de York y Queso ",
        "price": 1.35,
        "price_kilo": 13.78,
        "slug": "librito-de-pollo-relleno-de-york-y-queso",
        "description": "Librito de Pollo Relleno de York y Queso 98 Gr",
        "image": "https:\/\/cdn-consum.aktiosdigitalservices.com\/tol\/consum\/media\/product\/img\/300x300\/7435626.jpg?t=20250318080803"
    },
    {
        "id": 33789,
        "name": "Puerro Limpio Bandeja Peso Variable ",
        "price": 0.8,
        "price_kilo": 4.68,
        "slug": "puerro-limpio-bandeja-peso-variable",
        "description": "Puerro Limpio Bandeja Peso Variable",
        "image": "https:\/\/cdn-consum.aktiosdigitalservices.com\/tol\/consum\/media\/product\/img\/300x300\/7435894.jpg?t=20250322080057"
    },
    {
        "id": 33792,
        "name": "Mascarilla Aqua Revive GLISS",
        "price": 6.15,
        "price_kilo": 1.54,
        "slug": "mascarilla-aqua-revive",
        "description": "Mascarilla Aqua Revive 400 ml",
        "image": "https:\/\/cdn-consum.aktiosdigitalservices.com\/tol\/consum\/media\/product\/img\/300x300\/7433621.jpg?t=20250312161412"
    },
    {
        "id": 33793,
        "name": "Mascarilla Ultra Repair GLISS",
        "price": 6.15,
        "price_kilo": 1.54,
        "slug": "mascarilla-ultra-repair",
        "description": "Mascarilla Ultra Repair 400 ml",
        "image": "https:\/\/cdn-consum.aktiosdigitalservices.com\/tol\/consum\/media\/product\/img\/300x300\/7433626.jpg?t=20250312161414"
    },
    {
        "id": 33796,
        "name": "Magnum Afterdinner Classic 8 Unidades FRIGO",
        "price": 4.99,
        "price_kilo": 21.51,
        "slug": "magnum-afterdinner-classic-8-unidades",
        "description": "Magnum Afterdinner Classic 8 Unidades 232 Gr",
        "image": "https:\/\/cdn-consum.aktiosdigitalservices.com\/tol\/consum\/media\/product\/img\/300x300\/7433659.jpg?t=20250318080750"
    },
    {
        "id": 33797,
        "name": "Magnum Classic Super Precio MAGNUM",
        "price": 2.99,
        "price_kilo": 12.62,
        "slug": "magnum-classic-super-precio",
        "description": "Magnum Classic Super Precio 237 Gr",
        "image": "https:\/\/cdn-consum.aktiosdigitalservices.com\/tol\/consum\/media\/product\/img\/300x300\/7434017.jpg?t=20241217081336"
    },
    {
        "id": 33800,
        "name": "Cepillo Lavaplatos Standard VIGAR",
        "price": 1.25,
        "price_kilo": 1.25,
        "slug": "cepillo-lavaplatos-standard",
        "description": "Cepillo Lavaplatos Standard 1 U",
        "image": "https:\/\/cdn-consum.aktiosdigitalservices.com\/tol\/consum\/media\/product\/img\/300x300\/7434616.jpg?t=20241217081337"
    },
    {
        "id": 33801,
        "name": "Limpia Mamparas Basic VIGAR",
        "price": 1.79,
        "price_kilo": 1.79,
        "slug": "limpia-mamparas-basic",
        "description": "Limpia Mamparas Basic 1 U",
        "image": "https:\/\/cdn-consum.aktiosdigitalservices.com\/tol\/consum\/media\/product\/img\/300x300\/7434624.jpg?t=20241217081337"
    },
    {
        "id": 33802,
        "name": "Pa\u00f1al Extra Care Talla 2 de 3 a 6 Kilos HUGGIES",
        "price": 5.99,
        "price_kilo": 0.25,
        "slug": "panal-extra-care-talla-2-de-3-a-6-kilos",
        "description": "Pa\u00f1al Extra Care Talla 2 de 3 a 6 Kilos 24 U",
        "image": "https:\/\/cdn-consum.aktiosdigitalservices.com\/tol\/consum\/media\/product\/img\/300x300\/7434694.jpg?t=20250312161423"
    },
    {
        "id": 33803,
        "name": "Pa\u00f1al Extra Care Talla 3 de 6 a 10 Kilos HUGGIES",
        "price": 9.99,
        "price_kilo": 0.25,
        "slug": "panal-extra-care-talla-3-de-6-a-10-kilos",
        "description": "Pa\u00f1al Extra Care Talla 3 de 6 a 10 Kilos 40 U",
        "image": "https:\/\/cdn-consum.aktiosdigitalservices.com\/tol\/consum\/media\/product\/img\/300x300\/7434699.jpg?t=20250312161425"
    },
    {
        "id": 33804,
        "name": "Pa\u00f1al Extra Care Talla 4 de 8 a 16 Kilos HUGGIES",
        "price": 9.99,
        "price_kilo": 0.3,
        "slug": "panal-extra-care-talla-4-de-8-a-16-kilos",
        "description": "Pa\u00f1al Extra Care Talla 4 de 8 a 16 Kilos 33 U",
        "image": "https:\/\/cdn-consum.aktiosdigitalservices.com\/tol\/consum\/media\/product\/img\/300x300\/7434702.jpg?t=20250312161427"
    },
    {
        "id": 33805,
        "name": "Pa\u00f1al Extra Care Talla 5 de 11 a 25 Kilos HUGGIES",
        "price": 9.99,
        "price_kilo": 0.36,
        "slug": "panal-extra-care-talla-5-de-11-a-25-kilos",
        "description": "Pa\u00f1al Extra Care Talla 5 de 11 a 25 Kilos 28 U",
        "image": "https:\/\/cdn-consum.aktiosdigitalservices.com\/tol\/consum\/media\/product\/img\/300x300\/7434707.jpg?t=20250312161429"
    },
    {
        "id": 33808,
        "name": "Acondicionador Miracles Antiencrespamiento PANTENE",
        "price": 4.99,
        "price_kilo": 3.12,
        "slug": "acondicionador-miracles-antiencrespamiento",
        "description": "Acondicionador Miracles Antiencrespamiento 160 ml",
        "image": "https:\/\/cdn-consum.aktiosdigitalservices.com\/tol\/consum\/media\/product\/img\/300x300\/7435006.jpg?t=20250318080756"
    },
    {
        "id": 33809,
        "name": "Champ\u00fa Cl\u00e1sico 2 En 1 Anticaspa H&S",
        "price": 8.25,
        "price_kilo": 1.32,
        "slug": "champu-clasico-2-en-1-anticaspa",
        "description": "Champ\u00fa Cl\u00e1sico 2 En 1 Anticaspa 625 ml",
        "image": "https:\/\/cdn-consum.aktiosdigitalservices.com\/tol\/consum\/media\/product\/img\/300x300\/7435035.jpg?t=20241217081337"
    },
    {
        "id": 33810,
        "name": "Champ\u00fa Citrus Fresh Anticaspa Cabello Graso H&S",
        "price": 8.25,
        "price_kilo": 1.32,
        "slug": "champu-citrus-fresh-anticaspa-cabello-graso",
        "description": "Champ\u00fa Citrus Fresh Anticaspa Cabello Graso 625 ml",
        "image": "https:\/\/cdn-consum.aktiosdigitalservices.com\/tol\/consum\/media\/product\/img\/300x300\/7435043.jpg?t=20241217081337"
    },
    {
        "id": 33811,
        "name": "Champ\u00fa Menthol Fresh Anticaspa H&S",
        "price": 8.25,
        "price_kilo": 1.32,
        "slug": "champu-menthol-fresh-anticaspa",
        "description": "Champ\u00fa Menthol Fresh Anticaspa 625 ml",
        "image": "https:\/\/cdn-consum.aktiosdigitalservices.com\/tol\/consum\/media\/product\/img\/300x300\/7435048.jpg?t=20241217081337"
    },
    {
        "id": 33816,
        "name": "Detergente en Polvo WIPP",
        "price": 11.05,
        "price_kilo": 0.37,
        "slug": "detergente-en-polvo",
        "description": "Detergente en Polvo 30 Lv",
        "image": "https:\/\/cdn-consum.aktiosdigitalservices.com\/tol\/consum\/media\/product\/img\/300x300\/7435444.jpg?t=20250227095125"
    },
    {
        "id": 33817,
        "name": "Anilla Pota Illex WOFCO",
        "price": 5.15,
        "price_kilo": 14.31,
        "slug": "anilla-pota-illex",
        "description": "Anilla Pota Illex 360 Gr",
        "image": "https:\/\/cdn-consum.aktiosdigitalservices.com\/tol\/consum\/media\/product\/img\/300x300\/7435548.jpg?t=20250312130318"
    },
    {
        "id": 33819,
        "name": "Burger de Pollo 2 Quesos (9%) ",
        "price": 1.49,
        "price_kilo": 12.42,
        "slug": "burger-de-pollo-2-quesos-9",
        "description": "Burger de Pollo 2 Quesos (9%) 120 Gr",
        "image": "https:\/\/cdn-consum.aktiosdigitalservices.com\/tol\/consum\/media\/product\/img\/300x300\/7435613.jpg?t=20250218081203"
    },
    {
        "id": 33821,
        "name": "Veggie Balls GARDEN GOURM",
        "price": 3.29,
        "price_kilo": 16.45,
        "slug": "veggie-balls",
        "description": "Veggie Balls 200 Gr",
        "image": "https:\/\/cdn-consum.aktiosdigitalservices.com\/tol\/consum\/media\/product\/img\/300x300\/7435639.jpg?t=20250109111049"
    },
    {
        "id": 33822,
        "name": "Baguettina 5 Unidades ",
        "price": 1.48,
        "price_kilo": 2.69,
        "slug": "baguettina-5-unidades",
        "description": "Baguettina 5 Unidades 550 Gr",
        "image": "https:\/\/cdn-consum.aktiosdigitalservices.com\/tol\/consum\/media\/product\/img\/300x300\/7435662.jpg?t=20250103082726"
    },
    {
        "id": 33823,
        "name": "Compota De Manzana Frasco MOCITOS",
        "price": 1.89,
        "price_kilo": 2.7,
        "slug": "compota-de-manzana-frasco",
        "description": "Compota De Manzana Frasco 700 Gr",
        "image": "https:\/\/cdn-consum.aktiosdigitalservices.com\/tol\/consum\/media\/product\/img\/300x300\/7435733.jpg?t=20250311134924"
    },
    {
        "id": 33850,
        "name": "Lenguado Congelado DP CONSUM",
        "price": 2.3,
        "price_kilo": 11.5,
        "slug": "lenguado-congelado-dp",
        "description": "Lenguado Congelado DP",
        "image": "https:\/\/cdn-consum.aktiosdigitalservices.com\/tol\/consum\/media\/product\/img\/300x300\/7426120.jpg?t=20250301080052"
    },
    {
        "id": 33851,
        "name": "Antical Lavadoras CONSUM",
        "price": 1.69,
        "price_kilo": 0.09,
        "slug": "antical-lavadoras",
        "description": "Antical Lavadoras 18 U",
        "image": "https:\/\/cdn-consum.aktiosdigitalservices.com\/tol\/consum\/media\/product\/img\/300x300\/7430833.jpg?t=20241217081328"
    },
    {
        "id": 33853,
        "name": "Champ\u00fa Cactus Miracles Antiencrespamiento PANTENE",
        "price": 4.99,
        "price_kilo": 2,
        "slug": "champu-cactus-miracles-antiencrespamiento",
        "description": "Champ\u00fa Cactus Miracles Antiencrespamiento 250 ml",
        "image": "https:\/\/cdn-consum.aktiosdigitalservices.com\/tol\/consum\/media\/product\/img\/300x300\/7434996.jpg?t=20241217081337"
    },
    {
        "id": 33854,
        "name": "Mascarilla Miracles Antiencrespamiento PANTENE",
        "price": 7.99,
        "price_kilo": 2.66,
        "slug": "mascarilla-miracles-antiencrespamiento",
        "description": "Mascarilla Miracles Antiencrespamiento 300 ml",
        "image": "https:\/\/cdn-consum.aktiosdigitalservices.com\/tol\/consum\/media\/product\/img\/300x300\/7435019.jpg?t=20241217081337"
    },
    {
        "id": 33855,
        "name": "Champ\u00fa Cl\u00e1sico Anticaspa H&S",
        "price": 8.25,
        "price_kilo": 1.32,
        "slug": "champu-clasico-anticaspa",
        "description": "Champ\u00fa Cl\u00e1sico Anticaspa 625 ml",
        "image": "https:\/\/cdn-consum.aktiosdigitalservices.com\/tol\/consum\/media\/product\/img\/300x300\/7435030.jpg?t=20241217081337"
    },
    {
        "id": 33857,
        "name": "Set Monodosis Aceite Vinagre Sal CAPRICHO",
        "price": 2.15,
        "price_kilo": 0.14,
        "slug": "set-monodosis-aceite-vinagre-sal",
        "description": "Set Monodosis Aceite Vinagre Sal 15 U",
        "image": "https:\/\/cdn-consum.aktiosdigitalservices.com\/tol\/consum\/media\/product\/img\/300x300\/7435308.jpg?t=20250319080042"
    },
    {
        "id": 33858,
        "name": "Galletas Cola Cao Ba\u00f1adas con Chocoolate COLA CAO",
        "price": 2.99,
        "price_kilo": 19.04,
        "slug": "galletas-cola-cao-banadas-con-chocoolate",
        "description": "Galletas Cola Cao Ba\u00f1adas con Chocoolate 157 Gr",
        "image": "https:\/\/cdn-consum.aktiosdigitalservices.com\/tol\/consum\/media\/product\/img\/300x300\/7435386.jpg?t=20250311113129"
    },
    {
        "id": 33859,
        "name": "Galletas Mini Cola Cao Ba\u00f1adas con Chocolate COLA CAO",
        "price": 1.99,
        "price_kilo": 19.9,
        "slug": "galletas-mini-cola-cao-banadas-con-chocolate",
        "description": "Galletas Mini Cola Cao Ba\u00f1adas con Chocolate 100 Gr",
        "image": "https:\/\/cdn-consum.aktiosdigitalservices.com\/tol\/consum\/media\/product\/img\/300x300\/7435394.jpg?t=20250311113131"
    },
    {
        "id": 33864,
        "name": "Ambientador Concentrado Pure FORESAN",
        "price": 1.7,
        "price_kilo": 1.36,
        "slug": "ambientador-concentrado-pure",
        "description": "Ambientador Concentrado Pure 125 ml",
        "image": "https:\/\/cdn-consum.aktiosdigitalservices.com\/tol\/consum\/media\/product\/img\/300x300\/7436145.jpg?t=20241217081343"
    },
    {
        "id": 33865,
        "name": "Champ\u00fa Cl\u00e1sico TRESEMME",
        "price": 5.99,
        "price_kilo": 8.74,
        "slug": "champu-clasico",
        "description": "Champ\u00fa Cl\u00e1sico 685 ml",
        "image": "https:\/\/cdn-consum.aktiosdigitalservices.com\/tol\/consum\/media\/product\/img\/300x300\/7436210.jpg?t=20250312161502"
    },
    {
        "id": 33866,
        "name": "Champ\u00fa Hidratante TRESEMME",
        "price": 5.99,
        "price_kilo": 8.74,
        "slug": "champu-hidratante",
        "description": "Champ\u00fa Hidratante 685 ml",
        "image": "https:\/\/cdn-consum.aktiosdigitalservices.com\/tol\/consum\/media\/product\/img\/300x300\/7436215.jpg?t=20250312161504"
    },
    {
        "id": 33867,
        "name": "Acondicionador Hidratante TRESEMME",
        "price": 5.99,
        "price_kilo": 8.74,
        "slug": "acondicionador-hidratante",
        "description": "Acondicionador Hidratante 685 ml",
        "image": "https:\/\/cdn-consum.aktiosdigitalservices.com\/tol\/consum\/media\/product\/img\/300x300\/7436231.jpg?t=20250312161506"
    },
    {
        "id": 33869,
        "name": "Cereales Fitness Original NESTLE",
        "price": 2.95,
        "price_kilo": 9.83,
        "slug": "cereales-fitness-original",
        "description": "Cereales Fitness Original 300 Gr",
        "image": "https:\/\/cdn-consum.aktiosdigitalservices.com\/tol\/consum\/media\/product\/img\/300x300\/7436330.jpg?t=20250313081224"
    },
    {
        "id": 33870,
        "name": "Estropajo con Esponja Desincrusta CONSUM",
        "price": 0.9,
        "price_kilo": 0.3,
        "slug": "estropajo-con-esponja-desincrusta",
        "description": "Estropajo con Esponja Desincrusta 3 U",
        "image": "https:\/\/cdn-consum.aktiosdigitalservices.com\/tol\/consum\/media\/product\/img\/300x300\/7410087.jpg?t=20241231080029"
    },
    {
        "id": 33872,
        "name": "Copos de Avena CONSUM",
        "price": 0.9,
        "price_kilo": 1.8,
        "slug": "copos-de-avena",
        "description": "Copos de Avena 500 Gr",
        "image": "https:\/\/cdn-consum.aktiosdigitalservices.com\/tol\/consum\/media\/product\/img\/300x300\/7427933.jpg?t=20250312092838"
    },
    {
        "id": 33876,
        "name": "Chicle Grageado Sabor menta Refresher\u00b4s ORBIT",
        "price": 1.29,
        "price_kilo": 9.21,
        "slug": "chicle-grageado-sabor-menta-refreshers",
        "description": "Chicle Grageado Sabor menta Refresher\u00b4s 14 Gr",
        "image": "https:\/\/cdn-consum.aktiosdigitalservices.com\/tol\/consum\/media\/product\/img\/300x300\/7434462.jpg?t=20250311125442"
    },
    {
        "id": 33877,
        "name": "Chicle Grageado Menta Refresher\u00b4s Bote ORBIT",
        "price": 3.99,
        "price_kilo": 59.55,
        "slug": "chicle-grageado-menta-refreshers-bote",
        "description": "Chicle Grageado Menta Refresher\u00b4s Bote 67 Gr",
        "image": "https:\/\/cdn-consum.aktiosdigitalservices.com\/tol\/consum\/media\/product\/img\/300x300\/7434467.jpg?t=20250311125444"
    },
    {
        "id": 33878,
        "name": "Chicle Grageado Refresh Sabor Hierbabuena ORBIT",
        "price": 1.29,
        "price_kilo": 9.21,
        "slug": "chicle-grageado-refresh-sabor-hierbabuena",
        "description": "Chicle Grageado Refresh Sabor Hierbabuena 14 Gr",
        "image": "https:\/\/cdn-consum.aktiosdigitalservices.com\/tol\/consum\/media\/product\/img\/300x300\/7434470.jpg?t=20250311125446"
    },
    {
        "id": 33879,
        "name": "Chicle Grageado Refresh sabor Hierbabuena Bote ORBIT",
        "price": 3.99,
        "price_kilo": 59.55,
        "slug": "chicle-grageado-refresh-sabor-hierbabuena-bote",
        "description": "Chicle Grageado Refresh sabor Hierbabuena Bote 67 Gr",
        "image": "https:\/\/cdn-consum.aktiosdigitalservices.com\/tol\/consum\/media\/product\/img\/300x300\/7434475.jpg?t=20250311125448"
    },
    {
        "id": 33880,
        "name": "Chicle Grageado Refresh sabor Bubblemint ORBIT",
        "price": 1.29,
        "price_kilo": 9.21,
        "slug": "chicle-grageado-refresh-sabor-bubblemint",
        "description": "Chicle Grageado Refresh sabor Bubblemint 14 Gr",
        "image": "https:\/\/cdn-consum.aktiosdigitalservices.com\/tol\/consum\/media\/product\/img\/300x300\/7434483.jpg?t=20250311125451"
    },
    {
        "id": 33881,
        "name": "Chicle Grageado Refresh Sabor Bubblemint Bote ORBIT",
        "price": 3.99,
        "price_kilo": 59.55,
        "slug": "chicle-grageado-refresh-sabor-bubblemint-bote",
        "description": "Chicle Grageado Refresh Sabor Bubblemint Bote 67 Gr",
        "image": "https:\/\/cdn-consum.aktiosdigitalservices.com\/tol\/consum\/media\/product\/img\/300x300\/7434488.jpg?t=20250311125453"
    },
    {
        "id": 33882,
        "name": "Chicle Grageado Sabor Fresa ORBIT",
        "price": 1.29,
        "price_kilo": 9.21,
        "slug": "chicle-grageado-sabor-fresa",
        "description": "Chicle Grageado Sabor Fresa 14 Gr",
        "image": "https:\/\/cdn-consum.aktiosdigitalservices.com\/tol\/consum\/media\/product\/img\/300x300\/7434491.jpg?t=20250311125455"
    },
    {
        "id": 33883,
        "name": "Mix Mrcorn \u00c1frica Bolsa MISTERCORN",
        "price": 1.95,
        "price_kilo": 12.58,
        "slug": "mix-mrcorn-africa-bolsa",
        "description": "Mix Mrcorn \u00c1frica Bolsa 155 Gr",
        "image": "https:\/\/cdn-consum.aktiosdigitalservices.com\/tol\/consum\/media\/product\/img\/300x300\/7434736.jpg?t=20250227095105"
    },
    {
        "id": 33886,
        "name": "Pastillas Lavavajillas Ultimate Plus FINISH",
        "price": 6.55,
        "price_kilo": 0.3,
        "slug": "pastillas-lavavajillas-ultimate-plus",
        "description": "Pastillas Lavavajillas Ultimate Plus 22 U",
        "image": "https:\/\/cdn-consum.aktiosdigitalservices.com\/tol\/consum\/media\/product\/img\/300x300\/7434942.jpg?t=20250227095107"
    },
    {
        "id": 33888,
        "name": "Set Vasos Vela Maxi Sandalo y Vainilla AROMATIUM",
        "price": 3.99,
        "price_kilo": 2,
        "slug": "set-vasos-vela-maxi-sandalo-y-vainilla",
        "description": "Set Vasos Vela Maxi Sandalo y Vainilla 2 x 1 U",
        "image": "https:\/\/cdn-consum.aktiosdigitalservices.com\/tol\/consum\/media\/product\/img\/300x300\/7435183.jpg?t=20241217081337"
    },
    {
        "id": 33893,
        "name": "Cheetos Flamin' Hot Bolsa CHEETOS",
        "price": 1.5,
        "price_kilo": 18.75,
        "slug": "cheetos-flamin-hot-bolsa",
        "description": "Cheetos Flamin' Hot Bolsa 80 Gr",
        "image": "https:\/\/cdn-consum.aktiosdigitalservices.com\/tol\/consum\/media\/product\/img\/300x300\/7435600.jpg?t=20250304114845"
    },
    {
        "id": 33907,
        "name": "Cepillo Medio LACER",
        "price": 4.55,
        "price_kilo": 4.55,
        "slug": "cepillo-medio",
        "description": "Cepillo Medio 1 U",
        "image": "https:\/\/cdn-consum.aktiosdigitalservices.com\/tol\/consum\/media\/product\/img\/300x300\/7435761.jpg?t=20250312092850"
    },
    {
        "id": 33908,
        "name": "Cepillo Suave LACER",
        "price": 4.55,
        "price_kilo": 4.55,
        "slug": "cepillo-suave",
        "description": "Cepillo Suave 1 U",
        "image": "https:\/\/cdn-consum.aktiosdigitalservices.com\/tol\/consum\/media\/product\/img\/300x300\/7435774.jpg?t=20250312092850"
    },
    {
        "id": 33910,
        "name": "Colonia Gold Masculina FLOR DE MAYO",
        "price": 1.7,
        "price_kilo": 7.39,
        "slug": "colonia-gold-masculina",
        "description": "Colonia Gold Masculina 23 ml",
        "image": "https:\/\/cdn-consum.aktiosdigitalservices.com\/tol\/consum\/media\/product\/img\/300x300\/7435795.jpg?t=20241231080037"
    },
    {
        "id": 33912,
        "name": "Patatas Flamin' Hot Bolsa RUFFLES",
        "price": 1.5,
        "price_kilo": 20,
        "slug": "patatas-flamin-hot-bolsa",
        "description": "Patatas Flamin' Hot Bolsa 75 Gr",
        "image": "https:\/\/cdn-consum.aktiosdigitalservices.com\/tol\/consum\/media\/product\/img\/300x300\/7435980.jpg?t=20250312092851"
    },
    {
        "id": 33913,
        "name": "Salsa Cheddar YBARRA",
        "price": 2.29,
        "price_kilo": 7.63,
        "slug": "salsa-cheddar",
        "description": "Salsa Cheddar 300 ml",
        "image": "https:\/\/cdn-consum.aktiosdigitalservices.com\/tol\/consum\/media\/product\/img\/300x300\/7436116.jpg?t=20250313081210"
    },
    {
        "id": 33915,
        "name": "Copos de Avena Con Chocolate ALEA",
        "price": 2.39,
        "price_kilo": 4.78,
        "slug": "copos-de-avena-con-chocolate",
        "description": "Copos de Avena Con Chocolate 500 Gr",
        "image": "https:\/\/cdn-consum.aktiosdigitalservices.com\/tol\/consum\/media\/product\/img\/300x300\/7436244.jpg?t=20250313081214"
    },
    {
        "id": 33916,
        "name": "Pate de H\u00edgado de Cerdo Lata LA PIARA",
        "price": 3.95,
        "price_kilo": 15.13,
        "slug": "pate-de-higado-de-cerdo-lata",
        "description": "Pate de H\u00edgado de Cerdo Lata 3 x 87 Gr",
        "image": "https:\/\/cdn-consum.aktiosdigitalservices.com\/tol\/consum\/media\/product\/img\/300x300\/7436306.jpg?t=20250206101433"
    },
    {
        "id": 33917,
        "name": "Base Pizza S\/Gluten PANACELIAC",
        "price": 3.95,
        "price_kilo": 9.88,
        "slug": "base-pizza-s-gluten",
        "description": "Base Pizza S\/Gluten 400 Gr",
        "image": "https:\/\/cdn-consum.aktiosdigitalservices.com\/tol\/consum\/media\/product\/img\/300x300\/7436327.jpg?t=20250319080044"
    },
    {
        "id": 33918,
        "name": "Maquillaje Fluido 00 Instant Perfector Glow MAYBELLINE",
        "price": 14.99,
        "price_kilo": 74.95,
        "slug": "maquillaje-fluido-00-instant-perfector-glow",
        "description": "Maquillaje Fluido 00 Instant Perfector Glow 20 ml",
        "image": "https:\/\/cdn-consum.aktiosdigitalservices.com\/tol\/consum\/media\/product\/img\/300x300\/7436348.jpg?t=20250131080013"
    },
    {
        "id": 33919,
        "name": "Maquillaje Fluido 05 Instant Perfector Glow MAYBELLINE",
        "price": 14.99,
        "price_kilo": 74.95,
        "slug": "maquillaje-fluido-05-instant-perfector-glow",
        "description": "Maquillaje Fluido 05 Instant Perfector Glow 20 ml",
        "image": "https:\/\/cdn-consum.aktiosdigitalservices.com\/tol\/consum\/media\/product\/img\/300x300\/7436350.jpg?t=20250312092851"
    },
    {
        "id": 33920,
        "name": "Maquillaje Fluido 01 Instant Perfector Glow MAYBELLINE",
        "price": 14.99,
        "price_kilo": 74.95,
        "slug": "maquillaje-fluido-01-instant-perfector-glow",
        "description": "Maquillaje Fluido 01 Instant Perfector Glow 20 ml",
        "image": "https:\/\/cdn-consum.aktiosdigitalservices.com\/tol\/consum\/media\/product\/img\/300x300\/7436355.jpg?t=20250312092851"
    },
    {
        "id": 33922,
        "name": "Perfilador Ojos Lasting Drama Marr\u00f3n MAYBELLINE",
        "price": 3.99,
        "price_kilo": 3.99,
        "slug": "perfilador-ojos-lasting-drama-marron",
        "description": "Perfilador Ojos Lasting Drama Marr\u00f3n 1 U",
        "image": "https:\/\/cdn-consum.aktiosdigitalservices.com\/tol\/consum\/media\/product\/img\/300x300\/7436368.jpg?t=20250227095138"
    },
    {
        "id": 33923,
        "name": "Perfilador Ojos Lasting Drama Azul MAYBELLINE",
        "price": 3.99,
        "price_kilo": 3.99,
        "slug": "perfilador-ojos-lasting-drama-azul",
        "description": "Perfilador Ojos Lasting Drama Azul 1 U",
        "image": "https:\/\/cdn-consum.aktiosdigitalservices.com\/tol\/consum\/media\/product\/img\/300x300\/7436371.jpg?t=20250312092851"
    },
    {
        "id": 33924,
        "name": "Perfilador Ojos Lasting Drama Verde MAYBELLINE",
        "price": 3.99,
        "price_kilo": 3.99,
        "slug": "perfilador-ojos-lasting-drama-verde",
        "description": "Perfilador Ojos Lasting Drama Verde 1 U",
        "image": "https:\/\/cdn-consum.aktiosdigitalservices.com\/tol\/consum\/media\/product\/img\/300x300\/7436384.jpg?t=20250227095143"
    },
    {
        "id": 33933,
        "name": "Compresa Incontinencia Discreet Extra AUSONIA",
        "price": 5.49,
        "price_kilo": 0.46,
        "slug": "compresa-incontinencia-discreet-extra",
        "description": "Compresa Incontinencia Discreet Extra 12 U",
        "image": "https:\/\/cdn-consum.aktiosdigitalservices.com\/tol\/consum\/media\/product\/img\/300x300\/7436434.jpg?t=20241217081344"
    },
    {
        "id": 33934,
        "name": "Masa Pizza con Aceite de Oliva TARRADELLAS",
        "price": 1.45,
        "price_kilo": 5.58,
        "slug": "masa-pizza-con-aceite-de-oliva",
        "description": "Masa Pizza con Aceite de Oliva 260 Gr",
        "image": "https:\/\/cdn-consum.aktiosdigitalservices.com\/tol\/consum\/media\/product\/img\/300x300\/7436439.jpg?t=20241217081344"
    },
    {
        "id": 33936,
        "name": "Compresa Incontinencia Discreet Mini AUSONIA",
        "price": 5.49,
        "price_kilo": 0.23,
        "slug": "compresa-incontinencia-discreet-mini",
        "description": "Compresa Incontinencia Discreet Mini 24 U",
        "image": "https:\/\/cdn-consum.aktiosdigitalservices.com\/tol\/consum\/media\/product\/img\/300x300\/7436447.jpg?t=20241217081344"
    },
    {
        "id": 33938,
        "name": "Compresa Incontinencia Discreet Normal AUSONIA",
        "price": 5.49,
        "price_kilo": 0.39,
        "slug": "compresa-incontinencia-discreet-normal",
        "description": "Compresa Incontinencia Discreet Normal 14 U",
        "image": "https:\/\/cdn-consum.aktiosdigitalservices.com\/tol\/consum\/media\/product\/img\/300x300\/7436459.jpg?t=20241217081344"
    },
    {
        "id": 33941,
        "name": "Desodorante Spray Ultra Pink NIKE",
        "price": 2.25,
        "price_kilo": 1.13,
        "slug": "desodorante-spray-ultra-pink",
        "description": "Desodorante Spray Ultra Pink 200 ml",
        "image": "https:\/\/cdn-consum.aktiosdigitalservices.com\/tol\/consum\/media\/product\/img\/300x300\/7436942.jpg?t=20250313081240"
    },
    {
        "id": 33942,
        "name": "Bebida de Soja Ligera Sin Az\u00facar VIVESOY",
        "price": 1.99,
        "price_kilo": 1.99,
        "slug": "bebida-de-soja-ligera-sin-azucar",
        "description": "Bebida de Soja Ligera Sin Az\u00facar 1 L",
        "image": "https:\/\/cdn-consum.aktiosdigitalservices.com\/tol\/consum\/media\/product\/img\/300x300\/7436975.jpg?t=20250311113148"
    },
    {
        "id": 33945,
        "name": "Padre Rico Padre Pobre Robert T. Kiyosaky DEBOLSILLO",
        "price": 10.95,
        "price_kilo": 10.95,
        "slug": "padre-rico-padre-pobre-robert-t-kiyosaky",
        "description": "Padre Rico Padre Pobre Robert T. Kiyosaky 1 U",
        "image": "https:\/\/cdn-consum.aktiosdigitalservices.com\/tol\/consum\/media\/product\/img\/300x300\/7401094.jpg?t=20250301075946"
    },
    {
        "id": 33947,
        "name": "Bruma Infantil FP 50 KYREY",
        "price": 7.99,
        "price_kilo": 4,
        "slug": "bruma-infantil-fp-50",
        "description": "Bruma Infantil FP 50 200 ml",
        "image": "https:\/\/cdn-consum.aktiosdigitalservices.com\/tol\/consum\/media\/product\/img\/300x300\/7424187.jpg?t=20250312092836"
    },
    {
        "id": 33948,
        "name": "Bruma Solar FP 50 KYREY",
        "price": 7.85,
        "price_kilo": 3.93,
        "slug": "bruma-solar-fp-50",
        "description": "Bruma Solar FP 50 200 ml",
        "image": "https:\/\/cdn-consum.aktiosdigitalservices.com\/tol\/consum\/media\/product\/img\/300x300\/7424190.jpg?t=20250312092836"
    },
    {
        "id": 33949,
        "name": "Caldo de Marisco Paella y Fideu\u00e1 con Sofrito CONSUM",
        "price": 2.1,
        "price_kilo": 2.1,
        "slug": "caldo-de-marisco-paella-y-fideua-con-sofrito",
        "description": "Caldo de Marisco Paella y Fideu\u00e1 con Sofrito 1 L",
        "image": "https:\/\/cdn-consum.aktiosdigitalservices.com\/tol\/consum\/media\/product\/img\/300x300\/7424559.jpg?t=20241217081315"
    },
    {
        "id": 33950,
        "name": "Caldo de Carne Arroces y Guisos con Sofrito CONSUM",
        "price": 2.25,
        "price_kilo": 2.25,
        "slug": "caldo-de-carne-arroces-y-guisos-con-sofrito",
        "description": "Caldo de Carne Arroces y Guisos con Sofrito 1 L",
        "image": "https:\/\/cdn-consum.aktiosdigitalservices.com\/tol\/consum\/media\/product\/img\/300x300\/7424562.jpg?t=20250109105953"
    },
    {
        "id": 33952,
        "name": "Friegasuelos Colonia CONSUM",
        "price": 0.95,
        "price_kilo": 0.63,
        "slug": "friegasuelos-colonia",
        "description": "Friegasuelos Colonia 1,5 L",
        "image": "https:\/\/cdn-consum.aktiosdigitalservices.com\/tol\/consum\/media\/product\/img\/300x300\/7430338.jpg?t=20250312092838"
    },
    {
        "id": 33954,
        "name": "Cerveza sin Filtrar Botella MAHOU 5 ESTR",
        "price": 0.99,
        "price_kilo": 3,
        "slug": "cerveza-sin-filtrar-botella",
        "description": "Cerveza sin Filtrar Botella 0,33 L",
        "image": "https:\/\/cdn-consum.aktiosdigitalservices.com\/tol\/consum\/media\/product\/img\/300x300\/7434009.jpg?t=20250312130312"
    },
    {
        "id": 33957,
        "name": "Discos Activos Agua Azul PATO",
        "price": 1.99,
        "price_kilo": 1.99,
        "slug": "discos-activos-agua-azul",
        "description": "Discos Activos Agua Azul 1 U",
        "image": "https:\/\/cdn-consum.aktiosdigitalservices.com\/tol\/consum\/media\/product\/img\/300x300\/7434686.jpg?t=20250313081202"
    },
    {
        "id": 33958,
        "name": "Mix Mrcorn Am\u00e9rica Bolsa MISTERCORN",
        "price": 1.95,
        "price_kilo": 13.45,
        "slug": "mix-mrcorn-america-bolsa",
        "description": "Mix Mrcorn Am\u00e9rica Bolsa 145 Gr",
        "image": "https:\/\/cdn-consum.aktiosdigitalservices.com\/tol\/consum\/media\/product\/img\/300x300\/7434731.jpg?t=20250227095104"
    },
    {
        "id": 33959,
        "name": "Filete de Salm\u00f3n Bandeja ",
        "price": 5.99,
        "price_kilo": 23.95,
        "slug": "filete-de-salmon-bandeja",
        "description": "Filete de Salm\u00f3n Bandeja",
        "image": "https:\/\/cdn-consum.aktiosdigitalservices.com\/tol\/consum\/media\/product\/img\/300x300\/7434744.jpg?t=20250318081005"
    },
    {
        "id": 33960,
        "name": "Porciones Salm\u00f3n Bandeja ",
        "price": 8,
        "price_kilo": 26.63,
        "slug": "porciones-salmon-bandeja",
        "description": "Porciones Salm\u00f3n Bandeja",
        "image": "https:\/\/cdn-consum.aktiosdigitalservices.com\/tol\/consum\/media\/product\/img\/300x300\/7434749.jpg?t=20250318081006"
    },
    {
        "id": 33962,
        "name": "Porcion Salm\u00f3n Bandeja ",
        "price": 12.79,
        "price_kilo": 25.58,
        "slug": "porcion-salmon-bandeja",
        "description": "Porcion Salm\u00f3n Bandeja",
        "image": "https:\/\/cdn-consum.aktiosdigitalservices.com\/tol\/consum\/media\/product\/img\/300x300\/7434769.jpg?t=20250319080039"
    },
    {
        "id": 33964,
        "name": "Pastillas Lavavajillas Ultimate Plus FINISH",
        "price": 9.99,
        "price_kilo": 0.28,
        "slug": "pastillas-lavavajillas-ultimate-plus",
        "description": "Pastillas Lavavajillas Ultimate Plus 36 U",
        "image": "https:\/\/cdn-consum.aktiosdigitalservices.com\/tol\/consum\/media\/product\/img\/300x300\/7435266.jpg?t=20250312092850"
    },
    {
        "id": 33965,
        "name": "Detergente C\u00e1psulas Advance Nenuco COLON",
        "price": 4.65,
        "price_kilo": 0.39,
        "slug": "detergente-capsulas-advance-nenuco",
        "description": "Detergente C\u00e1psulas Advance Nenuco 12 U",
        "image": "https:\/\/cdn-consum.aktiosdigitalservices.com\/tol\/consum\/media\/product\/img\/300x300\/7435274.jpg?t=20250313081205"
    },
    {
        "id": 33984,
        "name": "Crema Adhesiva POLIDENT",
        "price": 4.85,
        "price_kilo": 11.02,
        "slug": "crema-adhesiva",
        "description": "Crema Adhesiva 44 Gr",
        "image": "https:\/\/cdn-consum.aktiosdigitalservices.com\/tol\/consum\/media\/product\/img\/300x300\/7436033.jpg?t=20250206101420"
    },
    {
        "id": 33985,
        "name": "Tarrina Chocolate Belga Pack 4 Unidades HAAGEN DAZS",
        "price": 6.39,
        "price_kilo": 19.72,
        "slug": "tarrina-chocolate-belga-pack-4-unidades",
        "description": "Tarrina Chocolate Belga Pack 4 Unidades 324 Gr",
        "image": "https:\/\/cdn-consum.aktiosdigitalservices.com\/tol\/consum\/media\/product\/img\/300x300\/7436314.jpg?t=20250227095136"
    },
    {
        "id": 33986,
        "name": "Perfilador Ojos Lasting Drama Negro MAYBELLINE",
        "price": 3.99,
        "price_kilo": 3.99,
        "slug": "perfilador-ojos-lasting-drama-negro",
        "description": "Perfilador Ojos Lasting Drama Negro 1 U",
        "image": "https:\/\/cdn-consum.aktiosdigitalservices.com\/tol\/consum\/media\/product\/img\/300x300\/7436376.jpg?t=20250227095141"
    },
    {
        "id": 33988,
        "name": "Pasta Fresca Bolo\u00f1esa RANA",
        "price": 2.7,
        "price_kilo": 10.8,
        "slug": "pasta-fresca-bolonesa",
        "description": "Pasta Fresca Bolo\u00f1esa 250 Gr",
        "image": "https:\/\/cdn-consum.aktiosdigitalservices.com\/tol\/consum\/media\/product\/img\/300x300\/7436657.jpg?t=20250312130330"
    },
    {
        "id": 33990,
        "name": "Mosto Tinto Pet DON SIMON",
        "price": 1.49,
        "price_kilo": 1.49,
        "slug": "mosto-tinto-pet",
        "description": "Mosto Tinto Pet 1 L",
        "image": "https:\/\/cdn-consum.aktiosdigitalservices.com\/tol\/consum\/media\/product\/img\/300x300\/7436913.jpg?t=20241217081344"
    },
    {
        "id": 33991,
        "name": "Mosto Blanco Pet DON SIMON",
        "price": 1.49,
        "price_kilo": 1.49,
        "slug": "mosto-blanco-pet",
        "description": "Mosto Blanco Pet 1 L",
        "image": "https:\/\/cdn-consum.aktiosdigitalservices.com\/tol\/consum\/media\/product\/img\/300x300\/7436921.jpg?t=20241217081344"
    },
    {
        "id": 33992,
        "name": "Tinte N\u00ba 03 Rubio ultra claro ceniza EXCELLENCE",
        "price": 8.9,
        "price_kilo": 8.9,
        "slug": "tinte-n-03-rubio-ultra-claro-ceniza",
        "description": "Tinte N\u00ba 03 Rubio ultra claro ceniza 1 U",
        "image": "https:\/\/cdn-consum.aktiosdigitalservices.com\/tol\/consum\/media\/product\/img\/300x300\/7436939.jpg?t=20241217081344"
    },
    {
        "id": 33993,
        "name": "Barritas de Chocolate Rellenas de Leche HIBBI",
        "price": 1.55,
        "price_kilo": 15.5,
        "slug": "barritas-de-chocolate-rellenas-de-leche",
        "description": "Barritas de Chocolate Rellenas de Leche 100 Gr",
        "image": "https:\/\/cdn-consum.aktiosdigitalservices.com\/tol\/consum\/media\/product\/img\/300x300\/7436988.jpg?t=20250311134932"
    },
    {
        "id": 33994,
        "name": "Barrita de Chocolate Rellena Avellana y Leche HAPPY TIME",
        "price": 1.49,
        "price_kilo": 17.53,
        "slug": "barrita-de-chocolate-rellena-avellana-y-leche",
        "description": "Barrita de Chocolate Rellena Avellana y Leche 5 x 17 Gr",
        "image": "https:\/\/cdn-consum.aktiosdigitalservices.com\/tol\/consum\/media\/product\/img\/300x300\/7436996.jpg?t=20250311134934"
    },
    {
        "id": 33995,
        "name": "Piruletas Coraz\u00f3n Sabor Cereza Bolsa FIESTA",
        "price": 2.15,
        "price_kilo": 23.63,
        "slug": "piruletas-corazon-sabor-cereza-bolsa",
        "description": "Piruletas Coraz\u00f3n Sabor Cereza Bolsa 91 Gr",
        "image": "https:\/\/cdn-consum.aktiosdigitalservices.com\/tol\/consum\/media\/product\/img\/300x300\/7437023.jpg?t=20250311125516"
    },
    {
        "id": 33996,
        "name": "Chicle Sabor Mel\u00f3n Bolsa FINI",
        "price": 1,
        "price_kilo": 11.11,
        "slug": "chicle-sabor-melon-bolsa",
        "description": "Chicle Sabor Mel\u00f3n Bolsa 90 Gr",
        "image": "https:\/\/cdn-consum.aktiosdigitalservices.com\/tol\/consum\/media\/product\/img\/300x300\/7437028.jpg?t=20250311125519"
    },
    {
        "id": 33997,
        "name": "Jelly Beans Sabores Bolsa FINI",
        "price": 1,
        "price_kilo": 11.76,
        "slug": "jelly-beans-sabores-bolsa",
        "description": "Jelly Beans Sabores Bolsa 85 Gr",
        "image": "https:\/\/cdn-consum.aktiosdigitalservices.com\/tol\/consum\/media\/product\/img\/300x300\/7437031.jpg?t=20250311125521"
    },
    {
        "id": 33999,
        "name": "Crema Bright Reveal Anti-manchas SPF50 L'OREAL",
        "price": 22.99,
        "price_kilo": 45.98,
        "slug": "crema-bright-reveal-anti-manchas-spf50",
        "description": "Crema Bright Reveal Anti-manchas SPF50 50 ml",
        "image": "https:\/\/cdn-consum.aktiosdigitalservices.com\/tol\/consum\/media\/product\/img\/300x300\/7437069.jpg?t=20250312161509"
    },
    {
        "id": 34000,
        "name": "S\u00e9rum Bright Reveal Anti-manchas L'OREAL",
        "price": 23.99,
        "price_kilo": 79.97,
        "slug": "serum-bright-reveal-anti-manchas",
        "description": "S\u00e9rum Bright Reveal Anti-manchas 30 ml",
        "image": "https:\/\/cdn-consum.aktiosdigitalservices.com\/tol\/consum\/media\/product\/img\/300x300\/7437072.jpg?t=20250312161512"
    },
    {
        "id": 34001,
        "name": "El cuco de cristal Javier Castillo DEBOLSILLO",
        "price": 11.95,
        "price_kilo": 11.95,
        "slug": "el-cuco-de-cristal-javier-castillo",
        "description": "El cuco de cristal Javier Castillo 1 U",
        "image": "https:\/\/cdn-consum.aktiosdigitalservices.com\/tol\/consum\/media\/product\/img\/300x300\/7437080.jpg?t=20250312092851"
    },
    {
        "id": 34009,
        "name": "Lomito Salm\u00f3n Congelado CONSUM",
        "price": 7.99,
        "price_kilo": 39.95,
        "slug": "lomito-salmon-congelado",
        "description": "Lomito Salm\u00f3n Congelado 200 Gr",
        "image": "https:\/\/cdn-consum.aktiosdigitalservices.com\/tol\/consum\/media\/product\/img\/300x300\/7437317.jpg?t=20250318081009"
    },
    {
        "id": 34010,
        "name": "Bizcochos de Zanahoria Sin Az\u00facares A\u00f1adidos LALY",
        "price": 3.09,
        "price_kilo": 6.87,
        "slug": "bizcochos-de-zanahoria-sin-azucares-anadidos",
        "description": "Bizcochos de Zanahoria Sin Az\u00facares A\u00f1adidos 450 Gr",
        "image": "https:\/\/cdn-consum.aktiosdigitalservices.com\/tol\/consum\/media\/product\/img\/300x300\/7437325.jpg?t=20250311113212"
    },
    {
        "id": 34011,
        "name": "Cacao Soluble Bolsa COLA CAO",
        "price": 7.99,
        "price_kilo": 7.99,
        "slug": "cacao-soluble-bolsa",
        "description": "Cacao Soluble Bolsa 1 Kg",
        "image": "https:\/\/cdn-consum.aktiosdigitalservices.com\/tol\/consum\/media\/product\/img\/300x300\/7437333.jpg?t=20250312161520"
    },
    {
        "id": 34012,
        "name": "Aceitunas Negras Arag\u00f3n Frasco BERNAL",
        "price": 2.99,
        "price_kilo": 11.96,
        "slug": "aceitunas-negras-aragon-frasco",
        "description": "Aceitunas Negras Arag\u00f3n Frasco 250 Gr",
        "image": "https:\/\/cdn-consum.aktiosdigitalservices.com\/tol\/consum\/media\/product\/img\/300x300\/7437346.jpg?t=20250312092853"
    },
    {
        "id": 34013,
        "name": "Toreras Sabor Anchoa Frasco KIMBO",
        "price": 3.25,
        "price_kilo": 20.31,
        "slug": "toreras-sabor-anchoa-frasco",
        "description": "Toreras Sabor Anchoa Frasco 160 Gr",
        "image": "https:\/\/cdn-consum.aktiosdigitalservices.com\/tol\/consum\/media\/product\/img\/300x300\/7437361.jpg?t=20250227095151"
    },
    {
        "id": 34015,
        "name": "Limpiador Freidora Aire MPL",
        "price": 2.95,
        "price_kilo": 5.9,
        "slug": "limpiador-freidora-aire",
        "description": "Limpiador Freidora Aire 0,5 L",
        "image": "https:\/\/cdn-consum.aktiosdigitalservices.com\/tol\/consum\/media\/product\/img\/300x300\/7437395.jpg?t=20250312092853"
    },
    {
        "id": 34017,
        "name": "Jurel Lonjas del Mediterr\u00e1neo ",
        "price": 0.99,
        "price_kilo": 4.95,
        "slug": "jurel-lonjas-del-mediterraneo",
        "description": "Jurel Lonjas del Mediterr\u00e1neo",
        "image": "https:\/\/cdn-consum.aktiosdigitalservices.com\/tol\/consum\/media\/product\/img\/300x300\/7107188.jpg?t=20250318080934"
    },
    {
        "id": 34018,
        "name": "Sardinillas Picantes en Aceite de Girasol CONSUM",
        "price": 1.75,
        "price_kilo": 13.46,
        "slug": "sardinillas-picantes-en-aceite-de-girasol",
        "description": "Sardinillas Picantes en Aceite de Girasol 2 x 65 Gr",
        "image": "https:\/\/cdn-consum.aktiosdigitalservices.com\/tol\/consum\/media\/product\/img\/300x300\/7429806.jpg?t=20250125075933"
    },
    {
        "id": 34019,
        "name": "Sazonador de Aguacate JUST SPICES",
        "price": 5.99,
        "price_kilo": 99.83,
        "slug": "sazonador-de-aguacate",
        "description": "Sazonador de Aguacate 60 Gr",
        "image": "https:\/\/cdn-consum.aktiosdigitalservices.com\/tol\/consum\/media\/product\/img\/300x300\/7429983.jpg?t=20241217081325"
    },
    {
        "id": 34020,
        "name": "Sazonador de Pollo JUST SPICES",
        "price": 4.99,
        "price_kilo": 63.16,
        "slug": "sazonador-de-pollo",
        "description": "Sazonador de Pollo 79 Gr",
        "image": "https:\/\/cdn-consum.aktiosdigitalservices.com\/tol\/consum\/media\/product\/img\/300x300\/7430010.jpg?t=20250222080008"
    },
    {
        "id": 34021,
        "name": "Sazonador de Verduras Mediterr\u00e1neas JUST SPICES",
        "price": 4.99,
        "price_kilo": 99.8,
        "slug": "sazonador-de-verduras-mediterraneas",
        "description": "Sazonador de Verduras Mediterr\u00e1neas 50 Gr",
        "image": "https:\/\/cdn-consum.aktiosdigitalservices.com\/tol\/consum\/media\/product\/img\/300x300\/7430015.jpg?t=20241217081325"
    },
    {
        "id": 34022,
        "name": "Sazonador de Patatas JUST SPICES",
        "price": 4.99,
        "price_kilo": 83.17,
        "slug": "sazonador-de-patatas",
        "description": "Sazonador de Patatas 60 Gr",
        "image": "https:\/\/cdn-consum.aktiosdigitalservices.com\/tol\/consum\/media\/product\/img\/300x300\/7430031.jpg?t=20241217081325"
    },
    {
        "id": 34025,
        "name": "Friegasuelos Bouquet CONSUM",
        "price": 0.95,
        "price_kilo": 0.63,
        "slug": "friegasuelos-bouquet",
        "description": "Friegasuelos Bouquet 1,5 L",
        "image": "https:\/\/cdn-consum.aktiosdigitalservices.com\/tol\/consum\/media\/product\/img\/300x300\/7430346.jpg?t=20241217081327"
    },
    {
        "id": 34026,
        "name": "Pi\u00f1ones Calconut CONSUM",
        "price": 1.99,
        "price_kilo": 39.8,
        "slug": "pinones-calconut",
        "description": "Pi\u00f1ones Calconut 50 Gr",
        "image": "https:\/\/cdn-consum.aktiosdigitalservices.com\/tol\/consum\/media\/product\/img\/300x300\/7431377.jpg?t=20250108081353"
    },
    {
        "id": 34027,
        "name": "Edp Shakira Rojo Mujer SHAKIRA",
        "price": 10.95,
        "price_kilo": 21.9,
        "slug": "edp-shakira-rojo-mujer",
        "description": "Edp Shakira Rojo Mujer 50 ml",
        "image": "https:\/\/cdn-consum.aktiosdigitalservices.com\/tol\/consum\/media\/product\/img\/300x300\/7432268.jpg?t=20241217081332"
    },
    {
        "id": 34036,
        "name": "Chocolate Blanco para Postres NESTLE",
        "price": 3.69,
        "price_kilo": 21.71,
        "slug": "chocolate-blanco-para-postres",
        "description": "Chocolate Blanco para Postres 170 Gr",
        "image": "https:\/\/cdn-consum.aktiosdigitalservices.com\/tol\/consum\/media\/product\/img\/300x300\/7435167.jpg?t=20250311134921"
    },
    {
        "id": 34039,
        "name": "Insecticida Aerosol Hogar E Interiores RAID",
        "price": 3.99,
        "price_kilo": 1,
        "slug": "insecticida-aerosol-hogar-e-interiores",
        "description": "Insecticida Aerosol Hogar E Interiores 400 ml",
        "image": "https:\/\/cdn-consum.aktiosdigitalservices.com\/tol\/consum\/media\/product\/img\/300x300\/7436066.jpg?t=20250320080330"
    },
    {
        "id": 34041,
        "name": "Bloom Aero Zero BLOOM",
        "price": 5.95,
        "price_kilo": 1.49,
        "slug": "bloom-aero-zero",
        "description": "Bloom Aero Zero 400 ml",
        "image": "https:\/\/cdn-consum.aktiosdigitalservices.com\/tol\/consum\/media\/product\/img\/300x300\/7436843.jpg?t=20250320080334"
    },
    {
        "id": 34047,
        "name": "Bacalao Patata Verduras Tarrito SMILEAT",
        "price": 2.69,
        "price_kilo": 11.7,
        "slug": "bacalao-patata-verduras-tarrito",
        "description": "Bacalao Patata Verduras Tarrito 230 Gr",
        "image": "https:\/\/cdn-consum.aktiosdigitalservices.com\/tol\/consum\/media\/product\/img\/300x300\/7436947.jpg?t=20250311134929"
    },
    {
        "id": 34048,
        "name": "Tarta Nata y Yema Sin Gluten ",
        "price": 10.99,
        "price_kilo": 26.8,
        "slug": "tarta-nata-y-yema-sin-gluten",
        "description": "Tarta Nata y Yema Sin Gluten 410 Gr",
        "image": "https:\/\/cdn-consum.aktiosdigitalservices.com\/tol\/consum\/media\/product\/img\/300x300\/7436962.jpg?t=20250213080630"
    },
    {
        "id": 34049,
        "name": "Espiral Antimosquitos CUCHOL",
        "price": 1.99,
        "price_kilo": 1.99,
        "slug": "espiral-antimosquitos",
        "description": "Espiral Antimosquitos 1 U",
        "image": "https:\/\/cdn-consum.aktiosdigitalservices.com\/tol\/consum\/media\/product\/img\/300x300\/7437320.jpg?t=20250312130333"
    },
    {
        "id": 34051,
        "name": "Aceitunas Manzanilla en Rodajas JOLCA",
        "price": 1.79,
        "price_kilo": 11.93,
        "slug": "aceitunas-manzanilla-en-rodajas",
        "description": "Aceitunas Manzanilla en Rodajas 150 Gr",
        "image": "https:\/\/cdn-consum.aktiosdigitalservices.com\/tol\/consum\/media\/product\/img\/300x300\/7437549.jpg?t=20250318080809"
    },
    {
        "id": 34053,
        "name": "Pollo Teriyaki con Arroz Japon\u00e9s TA-TUNG",
        "price": 3.45,
        "price_kilo": 13.8,
        "slug": "pollo-teriyaki-con-arroz-japones",
        "description": "Pollo Teriyaki con Arroz Japon\u00e9s 250 Gr",
        "image": "https:\/\/cdn-consum.aktiosdigitalservices.com\/tol\/consum\/media\/product\/img\/300x300\/7437619.jpg?t=20250312130337"
    },
    {
        "id": 34062,
        "name": "Langostino Pelado Cocido PESCANOVA",
        "price": 4.99,
        "price_kilo": 33.27,
        "slug": "langostino-pelado-cocido",
        "description": "Langostino Pelado Cocido 150 Gr",
        "image": "https:\/\/cdn-consum.aktiosdigitalservices.com\/tol\/consum\/media\/product\/img\/300x300\/7438570.jpg?t=20250301080140"
    },
    {
        "id": 34065,
        "name": "Harina de Trigo Reposter\u00eda CONSUM",
        "price": 1.09,
        "price_kilo": 1.09,
        "slug": "harina-de-trigo-reposteria",
        "description": "Harina de Trigo Reposter\u00eda 1 Kg",
        "image": "https:\/\/cdn-consum.aktiosdigitalservices.com\/tol\/consum\/media\/product\/img\/300x300\/7426083.jpg?t=20250312092836"
    },
    {
        "id": 34066,
        "name": "Harina de Trigo Fuerza CONSUM",
        "price": 0.95,
        "price_kilo": 0.95,
        "slug": "harina-de-trigo-fuerza",
        "description": "Harina de Trigo Fuerza 1 Kg",
        "image": "https:\/\/cdn-consum.aktiosdigitalservices.com\/tol\/consum\/media\/product\/img\/300x300\/7426088.jpg?t=20250109110131"
    },
    {
        "id": 34070,
        "name": "Longaniza Criolla CONSUM",
        "price": 4.05,
        "price_kilo": 8.99,
        "slug": "longaniza-criolla",
        "description": "Longaniza Criolla",
        "image": "https:\/\/cdn-consum.aktiosdigitalservices.com\/tol\/consum\/media\/product\/img\/300x300\/7435162.jpg?t=20250304114831"
    },
    {
        "id": 34071,
        "name": "Higi\u00e9nico Doble Capa Original SCOTTEX",
        "price": 7.99,
        "price_kilo": 0.33,
        "slug": "higienico-doble-capa-original",
        "description": "Higi\u00e9nico Doble Capa Original 24 U",
        "image": "https:\/\/cdn-consum.aktiosdigitalservices.com\/tol\/consum\/media\/product\/img\/300x300\/7436553.jpg?t=20250227095144"
    },
    {
        "id": 34072,
        "name": "Monedas de Chocolate con Leche Red WALCOR",
        "price": 1.2,
        "price_kilo": 16.67,
        "slug": "monedas-de-chocolate-con-leche-red",
        "description": "Monedas de Chocolate con Leche Red 72 Gr",
        "image": "https:\/\/cdn-consum.aktiosdigitalservices.com\/tol\/consum\/media\/product\/img\/300x300\/7437010.jpg?t=20250311134939"
    },
    {
        "id": 34073,
        "name": "Insecticida Aerosol Moscas y Mosquitos RAID",
        "price": 3.99,
        "price_kilo": 1,
        "slug": "insecticida-aerosol-moscas-y-mosquitos",
        "description": "Insecticida Aerosol Moscas y Mosquitos 400 ml",
        "image": "https:\/\/cdn-consum.aktiosdigitalservices.com\/tol\/consum\/media\/product\/img\/300x300\/7437064.jpg?t=20250206101451"
    },
    {
        "id": 34074,
        "name": "Vino Blanco D.O. Rioja VI\u00d1A POMAL",
        "price": 8.45,
        "price_kilo": 11.27,
        "slug": "vino-blanco-do-rioja",
        "description": "Vino Blanco D.O. Rioja 0,75 L",
        "image": "https:\/\/cdn-consum.aktiosdigitalservices.com\/tol\/consum\/media\/product\/img\/300x300\/7437465.jpg?t=20250312092854"
    },
    {
        "id": 34075,
        "name": "Cola de Rape Congelada DP MASCATO",
        "price": 6.3,
        "price_kilo": 17.95,
        "slug": "cola-de-rape-congelada-dp",
        "description": "Cola de Rape Congelada DP",
        "image": "https:\/\/cdn-consum.aktiosdigitalservices.com\/tol\/consum\/media\/product\/img\/300x300\/7437510.jpg?t=20250301080137"
    },
    {
        "id": 34085,
        "name": "Cigala 250g MARINES",
        "price": 5.59,
        "price_kilo": 22.36,
        "slug": "cigala-250g",
        "description": "Cigala 250g 250 Gr",
        "image": "https:\/\/cdn-consum.aktiosdigitalservices.com\/tol\/consum\/media\/product\/img\/300x300\/7438109.jpg?t=20250318080811"
    },
    {
        "id": 34086,
        "name": "Pan de Pueblo ",
        "price": 1.26,
        "price_kilo": 4,
        "slug": "pan-de-pueblo",
        "description": "Pan de Pueblo 315 Gr",
        "image": "https:\/\/cdn-consum.aktiosdigitalservices.com\/tol\/consum\/media\/product\/img\/300x300\/7438260.jpg?t=20250320080337"
    },
    {
        "id": 34087,
        "name": "Crema Antimanchas SPF 50 Piel Normal-Seca BELLA AURORA",
        "price": 19.5,
        "price_kilo": 39,
        "slug": "crema-antimanchas-spf-50-piel-normal-seca",
        "description": "Crema Antimanchas SPF 50 Piel Normal-Seca 50 ml",
        "image": "https:\/\/cdn-consum.aktiosdigitalservices.com\/tol\/consum\/media\/product\/img\/300x300\/7438278.jpg?t=20250312092854"
    },
    {
        "id": 34089,
        "name": "Estropajo Scrub Daddy CIF",
        "price": 3.99,
        "price_kilo": 3.99,
        "slug": "estropajo-scrub-daddy",
        "description": "Estropajo Scrub Daddy 1 U",
        "image": "https:\/\/cdn-consum.aktiosdigitalservices.com\/tol\/consum\/media\/product\/img\/300x300\/7438427.jpg?t=20250312130344"
    },
    {
        "id": 34090,
        "name": "Rodaja Emperador WOFCO",
        "price": 8.59,
        "price_kilo": 14.32,
        "slug": "rodaja-emperador",
        "description": "Rodaja Emperador 600 Gr",
        "image": "https:\/\/cdn-consum.aktiosdigitalservices.com\/tol\/consum\/media\/product\/img\/300x300\/7438620.jpg?t=20250301080141"
    },
    {
        "id": 34091,
        "name": "Harina de Trigo Cl\u00e1sica CONSUM",
        "price": 0.72,
        "price_kilo": 0.72,
        "slug": "harina-de-trigo-clasica",
        "description": "Harina de Trigo Cl\u00e1sica 1 Kg",
        "image": "https:\/\/cdn-consum.aktiosdigitalservices.com\/tol\/consum\/media\/product\/img\/300x300\/7426091.jpg?t=20250312092836"
    },
    {
        "id": 34094,
        "name": "Corrector Flex Wear Bisque REVLON",
        "price": 14.99,
        "price_kilo": 149.9,
        "slug": "corrector-flex-wear-bisque",
        "description": "Corrector Flex Wear Bisque 10 ml",
        "image": "https:\/\/cdn-consum.aktiosdigitalservices.com\/tol\/consum\/media\/product\/img\/300x300\/7436475.jpg?t=20250312092851"
    },
    {
        "id": 34095,
        "name": "Corrector Flex Light REVLON",
        "price": 14.99,
        "price_kilo": 149.9,
        "slug": "corrector-flex-light",
        "description": "Corrector Flex Light 10 ml",
        "image": "https:\/\/cdn-consum.aktiosdigitalservices.com\/tol\/consum\/media\/product\/img\/300x300\/7436541.jpg?t=20250304114910"
    },
    {
        "id": 34096,
        "name": "Corrector Flex Wear Medium REVLON",
        "price": 14.99,
        "price_kilo": 149.9,
        "slug": "corrector-flex-wear-medium",
        "description": "Corrector Flex Wear Medium 10 ml",
        "image": "https:\/\/cdn-consum.aktiosdigitalservices.com\/tol\/consum\/media\/product\/img\/300x300\/7436561.jpg?t=20250312092851"
    },
    {
        "id": 34098,
        "name": "Crema Urea Cica Repair Piel seca MIXA",
        "price": 7.99,
        "price_kilo": 2,
        "slug": "crema-urea-cica-repair-piel-seca",
        "description": "Crema Urea Cica Repair Piel seca 400 ml",
        "image": "https:\/\/cdn-consum.aktiosdigitalservices.com\/tol\/consum\/media\/product\/img\/300x300\/7437155.jpg?t=20250312161514"
    },
    {
        "id": 34100,
        "name": "Body Milk Urea Cica Repair Piel Seca MIXA",
        "price": 4.99,
        "price_kilo": 2,
        "slug": "body-milk-urea-cica-repair-piel-seca",
        "description": "Body Milk Urea Cica Repair Piel Seca 250 ml",
        "image": "https:\/\/cdn-consum.aktiosdigitalservices.com\/tol\/consum\/media\/product\/img\/300x300\/7437218.jpg?t=20250312161516"
    },
    {
        "id": 34101,
        "name": "Crema Ceramide Protect Piel muy Seca MIXA",
        "price": 7.99,
        "price_kilo": 2,
        "slug": "crema-ceramide-protect-piel-muy-seca",
        "description": "Crema Ceramide Protect Piel muy Seca 400 ml",
        "image": "https:\/\/cdn-consum.aktiosdigitalservices.com\/tol\/consum\/media\/product\/img\/300x300\/7437221.jpg?t=20250312161518"
    },
    {
        "id": 34102,
        "name": "Snatt's Lenteja Queso y Eneldo SNATTS",
        "price": 1.99,
        "price_kilo": 22.11,
        "slug": "snatts-lenteja-queso-y-eneldo",
        "description": "Snatt's Lenteja Queso y Eneldo 90 Gr",
        "image": "https:\/\/cdn-consum.aktiosdigitalservices.com\/tol\/consum\/media\/product\/img\/300x300\/7437267.jpg?t=20250313081243"
    },
    {
        "id": 34103,
        "name": "Crema de Cacahuete Crujiente 100% Natural WE NATURAL",
        "price": 2.69,
        "price_kilo": 5.66,
        "slug": "crema-de-cacahuete-crujiente-100-natural",
        "description": "Crema de Cacahuete Crujiente 100% Natural 475 Gr",
        "image": "https:\/\/cdn-consum.aktiosdigitalservices.com\/tol\/consum\/media\/product\/img\/300x300\/7437275.jpg?t=20250322080102"
    },
    {
        "id": 34105,
        "name": "Kombucha Superglow Bebida Org\u00e1nica KOMVIDA",
        "price": 2.2,
        "price_kilo": 8.8,
        "slug": "kombucha-superglow-bebida-organica",
        "description": "Kombucha Superglow Bebida Org\u00e1nica 250 ml",
        "image": "https:\/\/cdn-consum.aktiosdigitalservices.com\/tol\/consum\/media\/product\/img\/300x300\/7437551.jpg?t=20250312130335"
    },
    {
        "id": 34106,
        "name": "Crema Noche Luminous Anti-Manchas NIVEA",
        "price": 24.49,
        "price_kilo": 48.98,
        "slug": "crema-noche-luminous-anti-manchas",
        "description": "Crema Noche Luminous Anti-Manchas 50 ml",
        "image": "https:\/\/cdn-consum.aktiosdigitalservices.com\/tol\/consum\/media\/product\/img\/300x300\/7438104.jpg?t=20250312092854"
    },
    {
        "id": 34107,
        "name": "S\u00e9rum Lift 3 \u00c1reas Bakuchiol Puro NIVEA",
        "price": 19.99,
        "price_kilo": 66.63,
        "slug": "serum-lift-3-areas-bakuchiol-puro",
        "description": "S\u00e9rum Lift 3 \u00c1reas Bakuchiol Puro 30 ml",
        "image": "https:\/\/cdn-consum.aktiosdigitalservices.com\/tol\/consum\/media\/product\/img\/300x300\/7438112.jpg?t=20250312092854"
    },
    {
        "id": 34108,
        "name": "Crema D\u00eda Expert Lift Antiedad SPF 30 NIVEA",
        "price": 18.69,
        "price_kilo": 37.38,
        "slug": "crema-dia-expert-lift-antiedad-spf-30",
        "description": "Crema D\u00eda Expert Lift Antiedad SPF 30 50 ml",
        "image": "https:\/\/cdn-consum.aktiosdigitalservices.com\/tol\/consum\/media\/product\/img\/300x300\/7438120.jpg?t=20250102081055"
    },
    {
        "id": 34118,
        "name": "Collar Repelente para Perros DIXIE BASIC",
        "price": 3.2,
        "price_kilo": 3.2,
        "slug": "collar-repelente-para-perros",
        "description": "Collar Repelente para Perros 1 U",
        "image": "https:\/\/cdn-consum.aktiosdigitalservices.com\/tol\/consum\/media\/product\/img\/300x300\/7438229.jpg?t=20241217081346"
    },
    {
        "id": 34119,
        "name": "Pipeta Repelente para Perros DIXIE BASIC",
        "price": 4.6,
        "price_kilo": 2.3,
        "slug": "pipeta-repelente-para-perros",
        "description": "Pipeta Repelente para Perros 2 x 1 U",
        "image": "https:\/\/cdn-consum.aktiosdigitalservices.com\/tol\/consum\/media\/product\/img\/300x300\/7438232.jpg?t=20241217081346"
    },
    {
        "id": 34120,
        "name": "Pipeta Repelente para Gatos DIXIE BASIC",
        "price": 4.6,
        "price_kilo": 2.3,
        "slug": "pipeta-repelente-para-gatos",
        "description": "Pipeta Repelente para Gatos 2 x 1 U",
        "image": "https:\/\/cdn-consum.aktiosdigitalservices.com\/tol\/consum\/media\/product\/img\/300x300\/7438237.jpg?t=20241217081346"
    },
    {
        "id": 34123,
        "name": "Cacahuetes Recubiertos Sabor Chili Suave GREFUSA",
        "price": 1.75,
        "price_kilo": 19.44,
        "slug": "cacahuetes-recubiertos-sabor-chili-suave",
        "description": "Cacahuetes Recubiertos Sabor Chili Suave 90 Gr",
        "image": "https:\/\/cdn-consum.aktiosdigitalservices.com\/tol\/consum\/media\/product\/img\/300x300\/7438448.jpg?t=20250206101540"
    },
    {
        "id": 34125,
        "name": "Fluido Antimanchas Glow Vitamina C GARNIER",
        "price": 12.99,
        "price_kilo": 32.48,
        "slug": "fluido-antimanchas-glow-vitamina-c",
        "description": "Fluido Antimanchas Glow Vitamina C 40 ml",
        "image": "https:\/\/cdn-consum.aktiosdigitalservices.com\/tol\/consum\/media\/product\/img\/300x300\/7438526.jpg?t=20250312092854"
    },
    {
        "id": 34128,
        "name": "Galletas Digestive Avena sin Az\u00facares GULLON ZERO",
        "price": 1.99,
        "price_kilo": 4.85,
        "slug": "galletas-digestive-avena-sin-azucares",
        "description": "Galletas Digestive Avena sin Az\u00facares 410 Gr",
        "image": "https:\/\/cdn-consum.aktiosdigitalservices.com\/tol\/consum\/media\/product\/img\/300x300\/7438617.jpg?t=20250311113258"
    },
    {
        "id": 34130,
        "name": "Mojicones con Aceite de Oliva Virgen Extra LUNA",
        "price": 2.49,
        "price_kilo": 4.15,
        "slug": "mojicones-con-aceite-de-oliva-virgen-extra",
        "description": "Mojicones con Aceite de Oliva Virgen Extra 600 Gr",
        "image": "https:\/\/cdn-consum.aktiosdigitalservices.com\/tol\/consum\/media\/product\/img\/300x300\/7438708.jpg?t=20250312092854"
    },
    {
        "id": 34131,
        "name": "Pastel de Crema 64% 1 Unidad ",
        "price": 0.55,
        "price_kilo": 9.65,
        "slug": "pastel-de-crema-64-1-unidad",
        "description": "Pastel de Crema 64% 1 Unidad 57 Gr",
        "image": "https:\/\/cdn-consum.aktiosdigitalservices.com\/tol\/consum\/media\/product\/img\/300x300\/7436223.jpg?t=20250318081008"
    },
    {
        "id": 34132,
        "name": "Mini Croissant Margarina 23% 1 Unidad ",
        "price": 0.23,
        "price_kilo": 0.92,
        "slug": "mini-croissant-margarina-23-1-unidad",
        "description": "Mini Croissant Margarina 23% 1 Unidad 25 Gr",
        "image": "https:\/\/cdn-consum.aktiosdigitalservices.com\/tol\/consum\/media\/product\/img\/300x300\/7436256.jpg?t=20250318081008"
    },
    {
        "id": 34133,
        "name": "Mini Croissant Relleno de Chocolate 20% 1U ",
        "price": 0.34,
        "price_kilo": 1.13,
        "slug": "mini-croissant-relleno-de-chocolate-20-1u",
        "description": "Mini Croissant Relleno de Chocolate 20% 1U 30 Gr",
        "image": "https:\/\/cdn-consum.aktiosdigitalservices.com\/tol\/consum\/media\/product\/img\/300x300\/7436264.jpg?t=20250318081008"
    },
    {
        "id": 34134,
        "name": "Mini Ensaimada Hojaldrada 1U ",
        "price": 0.39,
        "price_kilo": 1.34,
        "slug": "mini-ensaimada-hojaldrada-1u",
        "description": "Mini Ensaimada Hojaldrada 1U 29 Gr",
        "image": "https:\/\/cdn-consum.aktiosdigitalservices.com\/tol\/consum\/media\/product\/img\/300x300\/7436285.jpg?t=20250318081008"
    },
    {
        "id": 34135,
        "name": "Mini Croissant Relleno de Crema 20% 1 Unidad ",
        "price": 0.34,
        "price_kilo": 1.13,
        "slug": "mini-croissant-relleno-de-crema-20-1-unidad",
        "description": "Mini Croissant Relleno de Crema 20% 1 Unidad 30 Gr",
        "image": "https:\/\/cdn-consum.aktiosdigitalservices.com\/tol\/consum\/media\/product\/img\/300x300\/7436293.jpg?t=20250318081008"
    },
    {
        "id": 34136,
        "name": "Napolitana Mixta 1 Unidad ",
        "price": 0.9,
        "price_kilo": 7.2,
        "slug": "napolitana-mixta-1-unidad",
        "description": "Napolitana Mixta 1 Unidad 125 Gr",
        "image": "https:\/\/cdn-consum.aktiosdigitalservices.com\/tol\/consum\/media\/product\/img\/300x300\/7436483.jpg?t=20250318081008"
    },
    {
        "id": 34137,
        "name": "Pizza de At\u00fan 15% y York 11% 1 Unidad ",
        "price": 1.99,
        "price_kilo": 12.84,
        "slug": "pizza-de-atun-15-y-york-11-1-unidad",
        "description": "Pizza de At\u00fan 15% y York 11% 1 Unidad 155 Gr",
        "image": "https:\/\/cdn-consum.aktiosdigitalservices.com\/tol\/consum\/media\/product\/img\/300x300\/7436491.jpg?t=20250318081008"
    },
    {
        "id": 34138,
        "name": "Trenza de Nueces 3,3% 1 Unidad ",
        "price": 1.1,
        "price_kilo": 9.17,
        "slug": "trenza-de-nueces-33-1-unidad",
        "description": "Trenza de Nueces 3,3% 1 Unidad 120 Gr",
        "image": "https:\/\/cdn-consum.aktiosdigitalservices.com\/tol\/consum\/media\/product\/img\/300x300\/7436504.jpg?t=20250318081008"
    },
    {
        "id": 34139,
        "name": "Calzone Jam\u00f3n 11% y Queso 19% ",
        "price": 1.59,
        "price_kilo": 10.26,
        "slug": "calzone-jamon-11-y-queso-19",
        "description": "Calzone Jam\u00f3n 11% y Queso 19% 155 Gr",
        "image": "https:\/\/cdn-consum.aktiosdigitalservices.com\/tol\/consum\/media\/product\/img\/300x300\/7436517.jpg?t=20250318081008"
    },
    {
        "id": 34141,
        "name": "Ensaimada Hojaldrada 1 Unidad ",
        "price": 1.1,
        "price_kilo": 13.1,
        "slug": "ensaimada-hojaldrada-1-unidad",
        "description": "Ensaimada Hojaldrada 1 Unidad 84 Gr",
        "image": "https:\/\/cdn-consum.aktiosdigitalservices.com\/tol\/consum\/media\/product\/img\/300x300\/7436538.jpg?t=20250318081008"
    },
    {
        "id": 34142,
        "name": "Empanadilla Pollo 10% y Champi\u00f1ones 3% 1U ",
        "price": 1.45,
        "price_kilo": 13.18,
        "slug": "empanadilla-pollo-10-y-champinones-3-1u",
        "description": "Empanadilla Pollo 10% y Champi\u00f1ones 3% 1U 110 Gr",
        "image": "https:\/\/cdn-consum.aktiosdigitalservices.com\/tol\/consum\/media\/product\/img\/300x300\/7436558.jpg?t=20250318081008"
    },
    {
        "id": 34143,
        "name": "Panal de Cabello 36% 1 Unidad ",
        "price": 1.19,
        "price_kilo": 10.17,
        "slug": "panal-de-cabello-36-1-unidad",
        "description": "Panal de Cabello 36% 1 Unidad 117 Gr",
        "image": "https:\/\/cdn-consum.aktiosdigitalservices.com\/tol\/consum\/media\/product\/img\/300x300\/7436566.jpg?t=20250318081008"
    },
    {
        "id": 34144,
        "name": "Tarta de Manzana 23% 1 Unidad ",
        "price": 1.45,
        "price_kilo": 11.6,
        "slug": "tarta-de-manzana-23-1-unidad",
        "description": "Tarta de Manzana 23% 1 Unidad 125 Gr",
        "image": "https:\/\/cdn-consum.aktiosdigitalservices.com\/tol\/consum\/media\/product\/img\/300x300\/7436590.jpg?t=20250322080059"
    },
    {
        "id": 34146,
        "name": "Napolitana de Chocolate 23% 1 Unidad ",
        "price": 0.89,
        "price_kilo": 9.37,
        "slug": "napolitana-de-chocolate-23-1-unidad",
        "description": "Napolitana de Chocolate 23% 1 Unidad 95 Gr",
        "image": "https:\/\/cdn-consum.aktiosdigitalservices.com\/tol\/consum\/media\/product\/img\/300x300\/7436611.jpg?t=20250318081008"
    },
    {
        "id": 34147,
        "name": "Hojaldre de Carne 20% 1 Unidad ",
        "price": 1.49,
        "price_kilo": 11.46,
        "slug": "hojaldre-de-carne-20-1-unidad",
        "description": "Hojaldre de Carne 20% 1 Unidad 130 Gr",
        "image": "https:\/\/cdn-consum.aktiosdigitalservices.com\/tol\/consum\/media\/product\/img\/300x300\/7436624.jpg?t=20250318081008"
    },
    {
        "id": 34148,
        "name": "Empanadilla Pisto 40% 1 Unidad ",
        "price": 1.29,
        "price_kilo": 12.29,
        "slug": "empanadilla-pisto-40-1-unidad",
        "description": "Empanadilla Pisto 40% 1 Unidad 105 Gr",
        "image": "https:\/\/cdn-consum.aktiosdigitalservices.com\/tol\/consum\/media\/product\/img\/300x300\/7436637.jpg?t=20250320080331"
    },
    {
        "id": 34149,
        "name": "Cesta de Queso de Cabra 15% 1 Unidad ",
        "price": 1.52,
        "price_kilo": 19,
        "slug": "cesta-de-queso-de-cabra-15-1-unidad",
        "description": "Cesta de Queso de Cabra 15% 1 Unidad 80 Gr",
        "image": "https:\/\/cdn-consum.aktiosdigitalservices.com\/tol\/consum\/media\/product\/img\/300x300\/7436640.jpg?t=20250318081008"
    },
    {
        "id": 34150,
        "name": "Empanadilla de Espinacas 35% 1U ",
        "price": 1.45,
        "price_kilo": 13.18,
        "slug": "empanadilla-de-espinacas-35-1u",
        "description": "Empanadilla de Espinacas 35% 1U 110 Gr",
        "image": "https:\/\/cdn-consum.aktiosdigitalservices.com\/tol\/consum\/media\/product\/img\/300x300\/7436660.jpg?t=20250318081008"
    },
    {
        "id": 34152,
        "name": "Croissant Artesano 1 Unidad ",
        "price": 0.79,
        "price_kilo": 10.53,
        "slug": "croissant-artesano-1-unidad",
        "description": "Croissant Artesano 1 Unidad 75 Gr",
        "image": "https:\/\/cdn-consum.aktiosdigitalservices.com\/tol\/consum\/media\/product\/img\/300x300\/7436681.jpg?t=20250318081008"
    },
    {
        "id": 34153,
        "name": "Croissant Mantequilla 26% 1 Unidad ",
        "price": 0.6,
        "price_kilo": 9.23,
        "slug": "croissant-mantequilla-26-1-unidad",
        "description": "Croissant Mantequilla 26% 1 Unidad 65 Gr",
        "image": "https:\/\/cdn-consum.aktiosdigitalservices.com\/tol\/consum\/media\/product\/img\/300x300\/7436694.jpg?t=20250318081008"
    },
    {
        "id": 34155,
        "name": "Caldo de Pollo 100% Natural CONSUM",
        "price": 1.15,
        "price_kilo": 1.15,
        "slug": "caldo-de-pollo-100-natural",
        "description": "Caldo de Pollo 100% Natural 1 L",
        "image": "https:\/\/cdn-consum.aktiosdigitalservices.com\/tol\/consum\/media\/product\/img\/300x300\/7428253.jpg?t=20250206100903"
    },
    {
        "id": 34156,
        "name": "Caldo de Cocido 100% Natural CONSUM",
        "price": 1.15,
        "price_kilo": 1.15,
        "slug": "caldo-de-cocido-100-natural",
        "description": "Caldo de Cocido 100% Natural 1 L",
        "image": "https:\/\/cdn-consum.aktiosdigitalservices.com\/tol\/consum\/media\/product\/img\/300x300\/7428258.jpg?t=20250206100906"
    },
    {
        "id": 34157,
        "name": "Galletas Chococream 5 packs de 4 unidades CONSUM",
        "price": 0.85,
        "price_kilo": 3.86,
        "slug": "galletas-chococream-5-packs-de-4-unidades",
        "description": "Galletas Chococream 5 packs de 4 unidades 220 Gr",
        "image": "https:\/\/cdn-consum.aktiosdigitalservices.com\/tol\/consum\/media\/product\/img\/300x300\/7431950.jpg?t=20250312092841"
    },
    {
        "id": 34158,
        "name": "Pesto All'Arrabbiata con Basilico Genovese Dop GAROFALO",
        "price": 3.15,
        "price_kilo": 18,
        "slug": "pesto-allarrabbiata-con-basilico-genovese-dop",
        "description": "Pesto All'Arrabbiata con Basilico Genovese Dop 175 Gr",
        "image": "https:\/\/cdn-consum.aktiosdigitalservices.com\/tol\/consum\/media\/product\/img\/300x300\/7434772.jpg?t=20250312092847"
    },
    {
        "id": 34159,
        "name": "Pesto al Tartufo Nero e Grana Padano Dop GAROFALO",
        "price": 4.45,
        "price_kilo": 25.43,
        "slug": "pesto-al-tartufo-nero-e-grana-padano-dop",
        "description": "Pesto al Tartufo Nero e Grana Padano Dop 175 Gr",
        "image": "https:\/\/cdn-consum.aktiosdigitalservices.com\/tol\/consum\/media\/product\/img\/300x300\/7434780.jpg?t=20250206101323"
    },
    {
        "id": 34166,
        "name": "Huevo de Chocolate con Sorpresa Infantil WALCOR",
        "price": 0.79,
        "price_kilo": 3.95,
        "slug": "huevo-de-chocolate-con-sorpresa-infantil",
        "description": "Huevo de Chocolate con Sorpresa Infantil 20 Gr",
        "image": "https:\/\/cdn-consum.aktiosdigitalservices.com\/tol\/consum\/media\/product\/img\/300x300\/7437007.jpg?t=20250311134936"
    },
    {
        "id": 34169,
        "name": "Crema de Cacahuete Cremosa 100% Natural WE NATURAL",
        "price": 2.69,
        "price_kilo": 5.66,
        "slug": "crema-de-cacahuete-cremosa-100-natural",
        "description": "Crema de Cacahuete Cremosa 100% Natural 475 Gr",
        "image": "https:\/\/cdn-consum.aktiosdigitalservices.com\/tol\/consum\/media\/product\/img\/300x300\/7437270.jpg?t=20250311134941"
    },
    {
        "id": 34170,
        "name": "Patatas Jumpers Mantequilla JUMPERS",
        "price": 1.4,
        "price_kilo": 12.73,
        "slug": "patatas-jumpers-mantequilla",
        "description": "Patatas Jumpers Mantequilla 110 Gr",
        "image": "https:\/\/cdn-consum.aktiosdigitalservices.com\/tol\/consum\/media\/product\/img\/300x300\/7437296.jpg?t=20250220081057"
    },
    {
        "id": 34171,
        "name": "Galleta Mikado Chocolate Blanco LU",
        "price": 2.25,
        "price_kilo": 32.14,
        "slug": "galleta-mikado-chocolate-blanco",
        "description": "Galleta Mikado Chocolate Blanco 70 Gr",
        "image": "https:\/\/cdn-consum.aktiosdigitalservices.com\/tol\/consum\/media\/product\/img\/300x300\/7437531.jpg?t=20250312161522"
    },
    {
        "id": 34172,
        "name": "Arcos con Hilo Dental FORAMEN",
        "price": 0.99,
        "price_kilo": 0.03,
        "slug": "arcos-con-hilo-dental",
        "description": "Arcos con Hilo Dental 30 U",
        "image": "https:\/\/cdn-consum.aktiosdigitalservices.com\/tol\/consum\/media\/product\/img\/300x300\/7437705.jpg?t=20241217081345"
    },
    {
        "id": 34173,
        "name": "Salchicha de Pollo Sabor Ahumado CAMPOFR\u00cdO",
        "price": 2,
        "price_kilo": 3.92,
        "slug": "salchicha-de-pollo-sabor-ahumado",
        "description": "Salchicha de Pollo Sabor Ahumado 3 x 170 Gr",
        "image": "https:\/\/cdn-consum.aktiosdigitalservices.com\/tol\/consum\/media\/product\/img\/300x300\/7437791.jpg?t=20250312092854"
    },
    {
        "id": 34175,
        "name": "Chocolate Negro 70% sin Az\u00facar VALOR",
        "price": 2.79,
        "price_kilo": 27.9,
        "slug": "chocolate-negro-70-sin-azucar",
        "description": "Chocolate Negro 70% sin Az\u00facar 100 Gr",
        "image": "https:\/\/cdn-consum.aktiosdigitalservices.com\/tol\/consum\/media\/product\/img\/300x300\/7438083.jpg?t=20250311134951"
    },
    {
        "id": 34177,
        "name": "Salsa Fresca Trufa Negra RANA",
        "price": 2.59,
        "price_kilo": 17.27,
        "slug": "salsa-fresca-trufa-negra",
        "description": "Salsa Fresca Trufa Negra 150 Gr",
        "image": "https:\/\/cdn-consum.aktiosdigitalservices.com\/tol\/consum\/media\/product\/img\/300x300\/7438125.jpg?t=20250312130342"
    },
    {
        "id": 34179,
        "name": "Jab\u00f3n de Manos Pastilla Original HENO DE PRAV",
        "price": 2.35,
        "price_kilo": 10.22,
        "slug": "jabon-de-manos-pastilla-original",
        "description": "Jab\u00f3n de Manos Pastilla Original 230 Gr",
        "image": "https:\/\/cdn-consum.aktiosdigitalservices.com\/tol\/consum\/media\/product\/img\/300x300\/7438245.jpg?t=20250312092854"
    },
    {
        "id": 34180,
        "name": "Colgador WC D\u00fao Blue Active BREF",
        "price": 2.85,
        "price_kilo": 1.43,
        "slug": "colgador-wc-duo-blue-active",
        "description": "Colgador WC D\u00fao Blue Active 2 U",
        "image": "https:\/\/cdn-consum.aktiosdigitalservices.com\/tol\/consum\/media\/product\/img\/300x300\/7438257.jpg?t=20250227095201"
    },
    {
        "id": 34181,
        "name": "Bebida Energ\u00e9tica Ultra Rosa Lata MONSTER",
        "price": 1.79,
        "price_kilo": 3.58,
        "slug": "bebida-energetica-ultra-rosa-lata",
        "description": "Bebida Energ\u00e9tica Ultra Rosa Lata 0,5 L",
        "image": "https:\/\/cdn-consum.aktiosdigitalservices.com\/tol\/consum\/media\/product\/img\/300x300\/7438450.jpg?t=20250320080339"
    },
    {
        "id": 34182,
        "name": "Chocolate Relleno de Cremosa Leche MILKA",
        "price": 1.99,
        "price_kilo": 19.9,
        "slug": "chocolate-relleno-de-cremosa-leche",
        "description": "Chocolate Relleno de Cremosa Leche 100 Gr",
        "image": "https:\/\/cdn-consum.aktiosdigitalservices.com\/tol\/consum\/media\/product\/img\/300x300\/7438542.jpg?t=20250312161524"
    },
    {
        "id": 34187,
        "name": "Pouch Manzana y Pl\u00e1tano BE PLUS",
        "price": 0.99,
        "price_kilo": 8.25,
        "slug": "pouch-manzana-y-platano",
        "description": "Pouch Manzana y Pl\u00e1tano 120 Gr",
        "image": "https:\/\/cdn-consum.aktiosdigitalservices.com\/tol\/consum\/media\/product\/img\/300x300\/7438612.jpg?t=20250311113256"
    },
    {
        "id": 34188,
        "name": "Mermerlada de Fresa VIEJA FABRIC",
        "price": 2.69,
        "price_kilo": 9.61,
        "slug": "mermerlada-de-fresa",
        "description": "Mermerlada de Fresa 280 Gr",
        "image": "https:\/\/cdn-consum.aktiosdigitalservices.com\/tol\/consum\/media\/product\/img\/300x300\/7438633.jpg?t=20250313081256"
    },
    {
        "id": 34190,
        "name": "Mermelada Frutas del Bosque VIEJA FABRIC",
        "price": 2.69,
        "price_kilo": 9.61,
        "slug": "mermelada-frutas-del-bosque",
        "description": "Mermelada Frutas del Bosque 280 Gr",
        "image": "https:\/\/cdn-consum.aktiosdigitalservices.com\/tol\/consum\/media\/product\/img\/300x300\/7438661.jpg?t=20250313081258"
    },
    {
        "id": 34191,
        "name": "Galleta Digestive Cacao FAM.BISCUITS",
        "price": 1.79,
        "price_kilo": 4.48,
        "slug": "galleta-digestive-cacao",
        "description": "Galleta Digestive Cacao 400 Gr",
        "image": "https:\/\/cdn-consum.aktiosdigitalservices.com\/tol\/consum\/media\/product\/img\/300x300\/7438674.jpg?t=20250312092854"
    },
    {
        "id": 34192,
        "name": "Mermelada De Melocot\u00f3n VIEJA FABRIC",
        "price": 2.59,
        "price_kilo": 9.25,
        "slug": "mermelada-de-melocoton",
        "description": "Mermelada De Melocot\u00f3n 280 Gr",
        "image": "https:\/\/cdn-consum.aktiosdigitalservices.com\/tol\/consum\/media\/product\/img\/300x300\/7438679.jpg?t=20250313081300"
    },
    {
        "id": 34193,
        "name": "Mermelada De Naranja Amarga VIEJA FABRIC",
        "price": 2.59,
        "price_kilo": 8.93,
        "slug": "mermelada-de-naranja-amarga",
        "description": "Mermelada De Naranja Amarga 290 Gr",
        "image": "https:\/\/cdn-consum.aktiosdigitalservices.com\/tol\/consum\/media\/product\/img\/300x300\/7438682.jpg?t=20250313081302"
    },
    {
        "id": 34194,
        "name": "Galletas de Mantequilla Surtido Lata DANESITA",
        "price": 3.8,
        "price_kilo": 8.37,
        "slug": "galletas-de-mantequilla-surtido-lata",
        "description": "Galletas de Mantequilla Surtido Lata 454 Gr",
        "image": "https:\/\/cdn-consum.aktiosdigitalservices.com\/tol\/consum\/media\/product\/img\/300x300\/7438687.jpg?t=20250311135008"
    },
    {
        "id": 34195,
        "name": "Galleta Digestive 100% Integral FAM.BISCUITS",
        "price": 1.49,
        "price_kilo": 3.73,
        "slug": "galleta-digestive-100-integral",
        "description": "Galleta Digestive 100% Integral 400 Gr",
        "image": "https:\/\/cdn-consum.aktiosdigitalservices.com\/tol\/consum\/media\/product\/img\/300x300\/7438690.jpg?t=20250311113322"
    },
    {
        "id": 34196,
        "name": "Zumo Tomate Tarro Vidrio DON SIMON",
        "price": 0.59,
        "price_kilo": 2.95,
        "slug": "zumo-tomate-tarro-vidrio",
        "description": "Zumo Tomate Tarro Vidrio 0,2 L",
        "image": "https:\/\/cdn-consum.aktiosdigitalservices.com\/tol\/consum\/media\/product\/img\/300x300\/7438716.jpg?t=20250114084751"
    },
    {
        "id": 34197,
        "name": "Limpia Zapatillas Neutraliza El Mal Olor MPL",
        "price": 2.95,
        "price_kilo": 4.92,
        "slug": "limpia-zapatillas-neutraliza-el-mal-olor",
        "description": "Limpia Zapatillas Neutraliza El Mal Olor 0,6 L",
        "image": "https:\/\/cdn-consum.aktiosdigitalservices.com\/tol\/consum\/media\/product\/img\/300x300\/7438737.jpg?t=20241217081348"
    },
    {
        "id": 34200,
        "name": "Refresco Lima-Lim\u00f3n Botella SEVEN UP",
        "price": 1.59,
        "price_kilo": 0.8,
        "slug": "refresco-lima-limon-botella",
        "description": "Refresco Lima-Lim\u00f3n Botella 2 L",
        "image": "https:\/\/cdn-consum.aktiosdigitalservices.com\/tol\/consum\/media\/product\/img\/300x300\/7438799.jpg?t=20250204082012"
    },
    {
        "id": 34213,
        "name": "Vela Sandia AROMATIUM",
        "price": 3.19,
        "price_kilo": 3.19,
        "slug": "vela-sandia",
        "description": "Vela Sandia 1 U",
        "image": "https:\/\/cdn-consum.aktiosdigitalservices.com\/tol\/consum\/media\/product\/img\/300x300\/7439172.jpg?t=20241217081348"
    },
    {
        "id": 34214,
        "name": "Plumero Atrapapolvo con 5 recambios PAMEX",
        "price": 1.85,
        "price_kilo": 1.85,
        "slug": "plumero-atrapapolvo-con-5-recambios",
        "description": "Plumero Atrapapolvo con 5 recambios 1 U",
        "image": "https:\/\/cdn-consum.aktiosdigitalservices.com\/tol\/consum\/media\/product\/img\/300x300\/7439193.jpg?t=20250318081009"
    },
    {
        "id": 34215,
        "name": "Refresco Lima-Lim\u00f3n Lata SEVEN UP",
        "price": 0.59,
        "price_kilo": 1.79,
        "slug": "refresco-lima-limon-lata",
        "description": "Refresco Lima-Lim\u00f3n Lata 0,33 L",
        "image": "https:\/\/cdn-consum.aktiosdigitalservices.com\/tol\/consum\/media\/product\/img\/300x300\/7439227.jpg?t=20250227095226"
    },
    {
        "id": 34223,
        "name": "Queso Havarti Lonchas IGP CONSUM",
        "price": 3.39,
        "price_kilo": 11.3,
        "slug": "queso-havarti-lonchas-igp",
        "description": "Queso Havarti Lonchas IGP 300 Gr",
        "image": "https:\/\/cdn-consum.aktiosdigitalservices.com\/tol\/consum\/media\/product\/img\/300x300\/7422616.jpg?t=20250123080026"
    },
    {
        "id": 34224,
        "name": "Harina de Trigo Fritos CONSUM",
        "price": 1.2,
        "price_kilo": 1.2,
        "slug": "harina-de-trigo-fritos",
        "description": "Harina de Trigo Fritos 1 Kg",
        "image": "https:\/\/cdn-consum.aktiosdigitalservices.com\/tol\/consum\/media\/product\/img\/300x300\/7426096.jpg?t=20250109110137"
    },
    {
        "id": 34225,
        "name": "Crema Depilatoria Pieles Sensibles KYREY",
        "price": 2.99,
        "price_kilo": 1.5,
        "slug": "crema-depilatoria-pieles-sensibles",
        "description": "Crema Depilatoria Pieles Sensibles 200 ml",
        "image": "https:\/\/cdn-consum.aktiosdigitalservices.com\/tol\/consum\/media\/product\/img\/300x300\/7426109.jpg?t=20250314121710"
    },
    {
        "id": 34226,
        "name": "Sardinillas con Lim\u00f3n Pack 2 CONSUM",
        "price": 1.75,
        "price_kilo": 13.46,
        "slug": "sardinillas-con-limon-pack-2",
        "description": "Sardinillas con Lim\u00f3n Pack 2 2 x 65 Gr",
        "image": "https:\/\/cdn-consum.aktiosdigitalservices.com\/tol\/consum\/media\/product\/img\/300x300\/7429801.jpg?t=20250312092838"
    },
    {
        "id": 34227,
        "name": "Magdalenas Redondas Bolsa 15 Unidades CONSUM",
        "price": 1.85,
        "price_kilo": 3.43,
        "slug": "magdalenas-redondas-bolsa-15-unidades",
        "description": "Magdalenas Redondas Bolsa 15 Unidades 540 Gr",
        "image": "https:\/\/cdn-consum.aktiosdigitalservices.com\/tol\/consum\/media\/product\/img\/300x300\/7435139.jpg?t=20250311113116"
    },
    {
        "id": 34241,
        "name": "Galera Congelada MARINES",
        "price": 3.89,
        "price_kilo": 12.97,
        "slug": "galera-congelada",
        "description": "Galera Congelada 300 Gr",
        "image": "https:\/\/cdn-consum.aktiosdigitalservices.com\/tol\/consum\/media\/product\/img\/300x300\/7437457.jpg?t=20250318080807"
    },
    {
        "id": 34247,
        "name": "Contorno Ojos Q10 Firmeza NIVEA",
        "price": 10.99,
        "price_kilo": 73.27,
        "slug": "contorno-ojos-q10-firmeza",
        "description": "Contorno Ojos Q10 Firmeza 15 ml",
        "image": "https:\/\/cdn-consum.aktiosdigitalservices.com\/tol\/consum\/media\/product\/img\/300x300\/7438138.jpg?t=20250313081247"
    },
    {
        "id": 34250,
        "name": "Cacahuetes Tijuana Crunch GREFUSA",
        "price": 1.75,
        "price_kilo": 15.91,
        "slug": "cacahuetes-tijuana-crunch",
        "description": "Cacahuetes Tijuana Crunch 110 Gr",
        "image": "https:\/\/cdn-consum.aktiosdigitalservices.com\/tol\/consum\/media\/product\/img\/300x300\/7438521.jpg?t=20250313081252"
    },
    {
        "id": 34251,
        "name": "Refresco Frambuesa Zero Lata FANTA",
        "price": 0.75,
        "price_kilo": 2.27,
        "slug": "refresco-frambuesa-zero-lata",
        "description": "Refresco Frambuesa Zero Lata 0,33 L",
        "image": "https:\/\/cdn-consum.aktiosdigitalservices.com\/tol\/consum\/media\/product\/img\/300x300\/7438539.jpg?t=20250227095206"
    },
    {
        "id": 34252,
        "name": "Inimitables Bolsa GREFUSA",
        "price": 1.95,
        "price_kilo": 13,
        "slug": "inimitables-bolsa",
        "description": "Inimitables Bolsa 150 Gr",
        "image": "https:\/\/cdn-consum.aktiosdigitalservices.com\/tol\/consum\/media\/product\/img\/300x300\/7438562.jpg?t=20250313081254"
    },
    {
        "id": 34253,
        "name": "Galleta Digestive sin Az\u00facar + 100g Gratis GULLON ZERO",
        "price": 1.59,
        "price_kilo": 3.98,
        "slug": "galleta-digestive-sin-azucar-100g-gratis",
        "description": "Galleta Digestive sin Az\u00facar + 100g Gratis 400 Gr",
        "image": "https:\/\/cdn-consum.aktiosdigitalservices.com\/tol\/consum\/media\/product\/img\/300x300\/7438588.jpg?t=20250311113253"
    },
    {
        "id": 34254,
        "name": "Mini Galletas Dinosaurus Chocolate Blanco ARTIACH",
        "price": 1.99,
        "price_kilo": 16.58,
        "slug": "mini-galletas-dinosaurus-chocolate-blanco",
        "description": "Mini Galletas Dinosaurus Chocolate Blanco 120 Gr",
        "image": "https:\/\/cdn-consum.aktiosdigitalservices.com\/tol\/consum\/media\/product\/img\/300x300\/7438625.jpg?t=20250311113301"
    },
    {
        "id": 34255,
        "name": "Galleta Choco Flakes Chocolate Blanco CUETARA",
        "price": 1.99,
        "price_kilo": 19.9,
        "slug": "galleta-choco-flakes-chocolate-blanco",
        "description": "Galleta Choco Flakes Chocolate Blanco 100 Gr",
        "image": "https:\/\/cdn-consum.aktiosdigitalservices.com\/tol\/consum\/media\/product\/img\/300x300\/7438641.jpg?t=20250311113307"
    },
    {
        "id": 34256,
        "name": "Galletas Choco Flakes Chocolate con Leche CUETARA",
        "price": 1.99,
        "price_kilo": 19.9,
        "slug": "galletas-choco-flakes-chocolate-con-leche",
        "description": "Galletas Choco Flakes Chocolate con Leche 100 Gr",
        "image": "https:\/\/cdn-consum.aktiosdigitalservices.com\/tol\/consum\/media\/product\/img\/300x300\/7438646.jpg?t=20250311113309"
    },
    {
        "id": 34258,
        "name": "Salsa Vegetal HELLMANN'S",
        "price": 3.25,
        "price_kilo": 9.56,
        "slug": "salsa-vegetal",
        "description": "Salsa Vegetal 340 ml",
        "image": "https:\/\/cdn-consum.aktiosdigitalservices.com\/tol\/consum\/media\/product\/img\/300x300\/7438773.jpg?t=20250318080816"
    },
    {
        "id": 34259,
        "name": "Anisette Dulce M.BRIZARD",
        "price": 6.99,
        "price_kilo": 9.98,
        "slug": "anisette-dulce",
        "description": "Anisette Dulce 0,7 L",
        "image": "https:\/\/cdn-consum.aktiosdigitalservices.com\/tol\/consum\/media\/product\/img\/300x300\/7438935.jpg?t=20250312130349"
    },
    {
        "id": 34262,
        "name": "Tortelloni Carne GALLO",
        "price": 1.59,
        "price_kilo": 7.95,
        "slug": "tortelloni-carne",
        "description": "Tortelloni Carne 200 Gr",
        "image": "https:\/\/cdn-consum.aktiosdigitalservices.com\/tol\/consum\/media\/product\/img\/300x300\/7439094.jpg?t=20250318080820"
    },
    {
        "id": 34263,
        "name": "Tortelloni Queso GALLO",
        "price": 1.59,
        "price_kilo": 7.95,
        "slug": "tortelloni-queso",
        "description": "Tortelloni Queso 200 Gr",
        "image": "https:\/\/cdn-consum.aktiosdigitalservices.com\/tol\/consum\/media\/product\/img\/300x300\/7439099.jpg?t=20250318080822"
    },
    {
        "id": 34265,
        "name": "Boquer\u00f3n en Tempura DELFIN",
        "price": 3.45,
        "price_kilo": 9.86,
        "slug": "boqueron-en-tempura",
        "description": "Boquer\u00f3n en Tempura 350 Gr",
        "image": "https:\/\/cdn-consum.aktiosdigitalservices.com\/tol\/consum\/media\/product\/img\/300x300\/7439180.jpg?t=20241217081348"
    },
    {
        "id": 34266,
        "name": "Ginebra 0,0 BEEFEATER",
        "price": 14.25,
        "price_kilo": 20.36,
        "slug": "ginebra-00",
        "description": "Ginebra 0,0 0,7 L",
        "image": "https:\/\/cdn-consum.aktiosdigitalservices.com\/tol\/consum\/media\/product\/img\/300x300\/7439214.jpg?t=20250322080105"
    },
    {
        "id": 34267,
        "name": "Bebida Vegetal Mix Almendra, Avena y Arroz SANTAL",
        "price": 1.79,
        "price_kilo": 1.79,
        "slug": "bebida-vegetal-mix-almendra-avena-y-arroz",
        "description": "Bebida Vegetal Mix Almendra, Avena y Arroz 1 L",
        "image": "https:\/\/cdn-consum.aktiosdigitalservices.com\/tol\/consum\/media\/product\/img\/300x300\/7439230.jpg?t=20250311113327"
    },
    {
        "id": 34268,
        "name": "Bebida Vegetal Mix Caf\u00e9 Almendra, Avena y Arroz SANTAL",
        "price": 1.79,
        "price_kilo": 1.79,
        "slug": "bebida-vegetal-mix-cafe-almendra-avena-y-arroz",
        "description": "Bebida Vegetal Mix Caf\u00e9 Almendra, Avena y Arroz 1 L",
        "image": "https:\/\/cdn-consum.aktiosdigitalservices.com\/tol\/consum\/media\/product\/img\/300x300\/7439235.jpg?t=20250311113330"
    },
    {
        "id": 34270,
        "name": "Delicias Jam\u00f3n y Queso LA COCINERA",
        "price": 4.29,
        "price_kilo": 14.3,
        "slug": "delicias-jamon-y-queso",
        "description": "Delicias Jam\u00f3n y Queso 300 Gr",
        "image": "https:\/\/cdn-consum.aktiosdigitalservices.com\/tol\/consum\/media\/product\/img\/300x300\/7439276.jpg?t=20250218081219"
    },
    {
        "id": 34271,
        "name": "Focaccia alla Genovese GIULIA",
        "price": 2.49,
        "price_kilo": 13.83,
        "slug": "focaccia-alla-genovese",
        "description": "Focaccia alla Genovese 180 Gr",
        "image": "https:\/\/cdn-consum.aktiosdigitalservices.com\/tol\/consum\/media\/product\/img\/300x300\/7439284.jpg?t=20250227095227"
    },
    {
        "id": 34275,
        "name": "Espumoso MUCHO M\u00c1S",
        "price": 3.99,
        "price_kilo": 5.32,
        "slug": "espumoso",
        "description": "Espumoso 0,75 L",
        "image": "https:\/\/cdn-consum.aktiosdigitalservices.com\/tol\/consum\/media\/product\/img\/300x300\/7439347.jpg?t=20250220081114"
    },
    {
        "id": 34281,
        "name": "Detergente L\u00edquido Azul WIPP",
        "price": 8.49,
        "price_kilo": 0.3,
        "slug": "detergente-liquido-azul",
        "description": "Detergente L\u00edquido Azul 28 Lv",
        "image": "https:\/\/cdn-consum.aktiosdigitalservices.com\/tol\/consum\/media\/product\/img\/300x300\/7439750.jpg?t=20250227095249"
    },
    {
        "id": 34283,
        "name": "Crema Corporal Calmante Aloe Vera KYREY",
        "price": 2.99,
        "price_kilo": 0.75,
        "slug": "crema-corporal-calmante-aloe-vera",
        "description": "Crema Corporal Calmante Aloe Vera 400 ml",
        "image": "https:\/\/cdn-consum.aktiosdigitalservices.com\/tol\/consum\/media\/product\/img\/300x300\/7424174.jpg?t=20241217081313"
    },
    {
        "id": 34284,
        "name": "Crema Corporal Urea Regenerante Intensiva KYREY",
        "price": 2.99,
        "price_kilo": 0.75,
        "slug": "crema-corporal-urea-regenerante-intensiva",
        "description": "Crema Corporal Urea Regenerante Intensiva 400 ml",
        "image": "https:\/\/cdn-consum.aktiosdigitalservices.com\/tol\/consum\/media\/product\/img\/300x300\/7424179.jpg?t=20241217081313"
    },
    {
        "id": 34285,
        "name": "Rodaja de Merluza Cabo CONSUM",
        "price": 3.99,
        "price_kilo": 11.08,
        "slug": "rodaja-de-merluza-cabo",
        "description": "Rodaja de Merluza Cabo 360 Gr",
        "image": "https:\/\/cdn-consum.aktiosdigitalservices.com\/tol\/consum\/media\/product\/img\/300x300\/7439441.jpg?t=20250301080146"
    },
    {
        "id": 34286,
        "name": "Caldo Vegetal 12 Pastillas CONSUM",
        "price": 0.85,
        "price_kilo": 7.08,
        "slug": "caldo-vegetal-12-pastillas",
        "description": "Caldo Vegetal 12 Pastillas 120 Gr",
        "image": "https:\/\/cdn-consum.aktiosdigitalservices.com\/tol\/consum\/media\/product\/img\/300x300\/7421407.jpg?t=20241217081310"
    },
    {
        "id": 34287,
        "name": "Tarrina Nutella NUTELLA",
        "price": 5.99,
        "price_kilo": 26.04,
        "slug": "tarrina-nutella",
        "description": "Tarrina Nutella 230 Gr",
        "image": "https:\/\/cdn-consum.aktiosdigitalservices.com\/tol\/consum\/media\/product\/img\/300x300\/7433998.jpg?t=20250318080753"
    },
    {
        "id": 34290,
        "name": "Crema Adhesiva Sin Sabor POLIDENT",
        "price": 4.85,
        "price_kilo": 11.02,
        "slug": "crema-adhesiva-sin-sabor",
        "description": "Crema Adhesiva Sin Sabor 44 Gr",
        "image": "https:\/\/cdn-consum.aktiosdigitalservices.com\/tol\/consum\/media\/product\/img\/300x300\/7436038.jpg?t=20250206101423"
    },
    {
        "id": 34291,
        "name": "Colutorio Multiacci\u00f3n Sin Alcohol AQUAFRESH",
        "price": 3.95,
        "price_kilo": 0.79,
        "slug": "colutorio-multiaccion-sin-alcohol",
        "description": "Colutorio Multiacci\u00f3n Sin Alcohol 500 ml",
        "image": "https:\/\/cdn-consum.aktiosdigitalservices.com\/tol\/consum\/media\/product\/img\/300x300\/7436900.jpg?t=20250312161507"
    },
    {
        "id": 34313,
        "name": "Gel Limpiador Derma Skin Clear NIVEA",
        "price": 6.39,
        "price_kilo": 4.26,
        "slug": "gel-limpiador-derma-skin-clear",
        "description": "Gel Limpiador Derma Skin Clear 150 ml",
        "image": "https:\/\/cdn-consum.aktiosdigitalservices.com\/tol\/consum\/media\/product\/img\/300x300\/7438141.jpg?t=20250313081248"
    },
    {
        "id": 34325,
        "name": "Mini Galletas Dinosaurus Chocolate con Leche ARTIACH",
        "price": 1.99,
        "price_kilo": 16.58,
        "slug": "mini-galletas-dinosaurus-chocolate-con-leche",
        "description": "Mini Galletas Dinosaurus Chocolate con Leche 120 Gr",
        "image": "https:\/\/cdn-consum.aktiosdigitalservices.com\/tol\/consum\/media\/product\/img\/300x300\/7438638.jpg?t=20250311113305"
    },
    {
        "id": 34329,
        "name": "Vino Blanco Albari\u00f1o DO Rias Baixas XIRANDELLA",
        "price": 5.99,
        "price_kilo": 7.99,
        "slug": "vino-blanco-albarino-do-rias-baixas",
        "description": "Vino Blanco Albari\u00f1o DO Rias Baixas 0,75 L",
        "image": "https:\/\/cdn-consum.aktiosdigitalservices.com\/tol\/consum\/media\/product\/img\/300x300\/7439289.jpg?t=20250109111326"
    },
    {
        "id": 34330,
        "name": "Cerveza sin Filtrar 0,0 Lata EL \u00c1GUILA",
        "price": 0.85,
        "price_kilo": 2.58,
        "slug": "cerveza-sin-filtrar-00-lata",
        "description": "Cerveza sin Filtrar 0,0 Lata 0,33 L",
        "image": "https:\/\/cdn-consum.aktiosdigitalservices.com\/tol\/consum\/media\/product\/img\/300x300\/7439594.jpg?t=20250227095244"
    },
    {
        "id": 34331,
        "name": "Gel Fijador Cejas y Cabello GOT2B",
        "price": 6.15,
        "price_kilo": 6.15,
        "slug": "gel-fijador-cejas-y-cabello",
        "description": "Gel Fijador Cejas y Cabello 1 U",
        "image": "https:\/\/cdn-consum.aktiosdigitalservices.com\/tol\/consum\/media\/product\/img\/300x300\/7439730.jpg?t=20250312161528"
    },
    {
        "id": 34333,
        "name": "Magdalenas Artesanas Sin Gluten, 6 Unidades SINBLAT",
        "price": 2.55,
        "price_kilo": 12.14,
        "slug": "magdalenas-artesanas-sin-gluten-6-unidades",
        "description": "Magdalenas Artesanas Sin Gluten, 6 Unidades 210 Gr",
        "image": "https:\/\/cdn-consum.aktiosdigitalservices.com\/tol\/consum\/media\/product\/img\/300x300\/7439771.jpg?t=20250311113332"
    },
    {
        "id": 34334,
        "name": "Pan Tostado Tradicional 36 Unidades ORTIZ",
        "price": 2.64,
        "price_kilo": 8.25,
        "slug": "pan-tostado-tradicional-36-unidades",
        "description": "Pan Tostado Tradicional 36 Unidades 320 Gr",
        "image": "https:\/\/cdn-consum.aktiosdigitalservices.com\/tol\/consum\/media\/product\/img\/300x300\/7439776.jpg?t=20250311113334"
    },
    {
        "id": 34335,
        "name": "Pan Tostado 100%Integra 36 Unidades ORTIZ",
        "price": 2.64,
        "price_kilo": 8.25,
        "slug": "pan-tostado-100integra-36-unidades",
        "description": "Pan Tostado 100%Integra 36 Unidades 320 Gr",
        "image": "https:\/\/cdn-consum.aktiosdigitalservices.com\/tol\/consum\/media\/product\/img\/300x300\/7439792.jpg?t=20250311113338"
    },
    {
        "id": 34336,
        "name": "Vela de aniversario Roja n\u00famero 1 ROURA",
        "price": 0.75,
        "price_kilo": 0.75,
        "slug": "vela-de-aniversario-roja-numero-1",
        "description": "Vela de aniversario Roja n\u00famero 1 1 U",
        "image": "https:\/\/cdn-consum.aktiosdigitalservices.com\/tol\/consum\/media\/product\/img\/300x300\/7439990.jpg?t=20241217081350"
    },
    {
        "id": 34342,
        "name": "Desodorante Rollon Extreme Citrus BYLY",
        "price": 2.1,
        "price_kilo": 4.2,
        "slug": "desodorante-rollon-extreme-citrus",
        "description": "Desodorante Rollon Extreme Citrus 50 ml",
        "image": "https:\/\/cdn-consum.aktiosdigitalservices.com\/tol\/consum\/media\/product\/img\/300x300\/7440282.jpg?t=20250312161533"
    },
    {
        "id": 34348,
        "name": "Bonito del Norte en Aceite de Oliva CONSUM",
        "price": 7.4,
        "price_kilo": 28.46,
        "slug": "bonito-del-norte-en-aceite-de-oliva",
        "description": "Bonito del Norte en Aceite de Oliva 260 Gr",
        "image": "https:\/\/cdn-consum.aktiosdigitalservices.com\/tol\/consum\/media\/product\/img\/300x300\/7417140.jpg?t=20241217081259"
    },
    {
        "id": 34349,
        "name": "Gel de Ba\u00f1o \u00c1cido Hialur\u00f3nico KYREY",
        "price": 1.5,
        "price_kilo": 3,
        "slug": "gel-de-bano-acido-hialuronico",
        "description": "Gel de Ba\u00f1o \u00c1cido Hialur\u00f3nico 500 ml",
        "image": "https:\/\/cdn-consum.aktiosdigitalservices.com\/tol\/consum\/media\/product\/img\/300x300\/7430551.jpg?t=20250227094914"
    },
    {
        "id": 34350,
        "name": "Gel de Ba\u00f1o Vitamina C KYREY",
        "price": 1.5,
        "price_kilo": 3,
        "slug": "gel-de-bano-vitamina-c",
        "description": "Gel de Ba\u00f1o Vitamina C 500 ml",
        "image": "https:\/\/cdn-consum.aktiosdigitalservices.com\/tol\/consum\/media\/product\/img\/300x300\/7430556.jpg?t=20250227094915"
    },
    {
        "id": 34351,
        "name": "Lavavajillas Mano Platinum CONSUM",
        "price": 1.69,
        "price_kilo": 2.82,
        "slug": "lavavajillas-mano-platinum",
        "description": "Lavavajillas Mano Platinum 600 ml",
        "image": "https:\/\/cdn-consum.aktiosdigitalservices.com\/tol\/consum\/media\/product\/img\/300x300\/7431617.jpg?t=20250219080602"
    },
    {
        "id": 34352,
        "name": "Polo Mini Cola Lim\u00f3n 6 Unidades CONSUM",
        "price": 2.15,
        "price_kilo": 7.17,
        "slug": "polo-mini-cola-limon-6-unidades",
        "description": "Polo Mini Cola Lim\u00f3n 6 Unidades 300 Gr",
        "image": "https:\/\/cdn-consum.aktiosdigitalservices.com\/tol\/consum\/media\/product\/img\/300x300\/7432318.jpg?t=20240910080533"
    },
    {
        "id": 34353,
        "name": "Varitas de Merluza Empanada CONSUM",
        "price": 3.49,
        "price_kilo": 8.31,
        "slug": "varitas-de-merluza-empanada",
        "description": "Varitas de Merluza Empanada 420 Gr",
        "image": "https:\/\/cdn-consum.aktiosdigitalservices.com\/tol\/consum\/media\/product\/img\/300x300\/7432482.jpg?t=20250213080603"
    },
    {
        "id": 34354,
        "name": "Anillo Dentici\u00f3n Primeros Dientes TIGEX",
        "price": 4.49,
        "price_kilo": 4.49,
        "slug": "anillo-denticion-primeros-dientes",
        "description": "Anillo Dentici\u00f3n Primeros Dientes 1 U",
        "image": "https:\/\/cdn-consum.aktiosdigitalservices.com\/tol\/consum\/media\/product\/img\/300x300\/7434652.jpg?t=20250312092846"
    },
    {
        "id": 34355,
        "name": "Body Misk Shimmer Magnetic Storm FLOR DE MAYO",
        "price": 2.99,
        "price_kilo": 1.53,
        "slug": "body-misk-shimmer-magnetic-storm",
        "description": "Body Misk Shimmer Magnetic Storm 195 ml",
        "image": "https:\/\/cdn-consum.aktiosdigitalservices.com\/tol\/consum\/media\/product\/img\/300x300\/7435787.jpg?t=20241217081341"
    },
    {
        "id": 34356,
        "name": "Body Misk Shimmer Passionate Romance FLOR DE MAYO",
        "price": 2.99,
        "price_kilo": 1.53,
        "slug": "body-misk-shimmer-passionate-romance",
        "description": "Body Misk Shimmer Passionate Romance 195 ml",
        "image": "https:\/\/cdn-consum.aktiosdigitalservices.com\/tol\/consum\/media\/product\/img\/300x300\/7435790.jpg?t=20241217081341"
    },
    {
        "id": 34358,
        "name": "S\u00e9rum Q10 Doble Acci\u00f3n NIVEA",
        "price": 14.99,
        "price_kilo": 49.97,
        "slug": "serum-q10-doble-accion",
        "description": "S\u00e9rum Q10 Doble Acci\u00f3n 30 ml",
        "image": "https:\/\/cdn-consum.aktiosdigitalservices.com\/tol\/consum\/media\/product\/img\/300x300\/7438146.jpg?t=20250313081250"
    },
    {
        "id": 34359,
        "name": "S\u00e9rum Facial Bakuchiol Anti Arrugas FEEL FREE",
        "price": 5.99,
        "price_kilo": 19.97,
        "slug": "serum-facial-bakuchiol-anti-arrugas",
        "description": "S\u00e9rum Facial Bakuchiol Anti Arrugas 30 ml",
        "image": "https:\/\/cdn-consum.aktiosdigitalservices.com\/tol\/consum\/media\/product\/img\/300x300\/7438349.jpg?t=20250108081425"
    },
    {
        "id": 34362,
        "name": "Tratamiento Col\u00e1geno Hidrataci\u00f3n Profunda FEEL FREE",
        "price": 5.99,
        "price_kilo": 11.98,
        "slug": "tratamiento-colageno-hidratacion-profunda",
        "description": "Tratamiento Col\u00e1geno Hidrataci\u00f3n Profunda 50 ml",
        "image": "https:\/\/cdn-consum.aktiosdigitalservices.com\/tol\/consum\/media\/product\/img\/300x300\/7438369.jpg?t=20250312092854"
    },
    {
        "id": 34363,
        "name": "S\u00e9rum Col\u00e1geno Refirmante FEEL FREE",
        "price": 5.99,
        "price_kilo": 19.97,
        "slug": "serum-colageno-refirmante",
        "description": "S\u00e9rum Col\u00e1geno Refirmante 30 ml",
        "image": "https:\/\/cdn-consum.aktiosdigitalservices.com\/tol\/consum\/media\/product\/img\/300x300\/7438372.jpg?t=20250128080643"
    },
    {
        "id": 34364,
        "name": "Contorno Ojos Col\u00e1geno Reafirmante FEEL FREE",
        "price": 4.99,
        "price_kilo": 16.63,
        "slug": "contorno-ojos-colageno-reafirmante",
        "description": "Contorno Ojos Col\u00e1geno Reafirmante 30 ml",
        "image": "https:\/\/cdn-consum.aktiosdigitalservices.com\/tol\/consum\/media\/product\/img\/300x300\/7438377.jpg?t=20250312092854"
    },
    {
        "id": 34365,
        "name": "Alcohol para Limpieza Hogar SANICENTRO",
        "price": 2.95,
        "price_kilo": 7.38,
        "slug": "alcohol-para-limpieza-hogar",
        "description": "Alcohol para Limpieza Hogar 0,4 L",
        "image": "https:\/\/cdn-consum.aktiosdigitalservices.com\/tol\/consum\/media\/product\/img\/300x300\/7439250.jpg?t=20250206101642"
    },
    {
        "id": 34366,
        "name": "Kebab Fusi\u00f3n+Prote\u00ednas FRIPOZO",
        "price": 2.99,
        "price_kilo": 9.34,
        "slug": "kebab-fusionproteinas",
        "description": "Kebab Fusi\u00f3n+Prote\u00ednas 320 Gr",
        "image": "https:\/\/cdn-consum.aktiosdigitalservices.com\/tol\/consum\/media\/product\/img\/300x300\/7439271.jpg?t=20241217081348"
    },
    {
        "id": 34369,
        "name": "Palomitas K\u00e9tchup y Mostaza RISI",
        "price": 1.5,
        "price_kilo": 14.29,
        "slug": "palomitas-ketchup-y-mostaza",
        "description": "Palomitas K\u00e9tchup y Mostaza 105 Gr",
        "image": "https:\/\/cdn-consum.aktiosdigitalservices.com\/tol\/consum\/media\/product\/img\/300x300\/7439813.jpg?t=20241217081349"
    },
    {
        "id": 34372,
        "name": "Recambio Maquinilla Depilaci\u00f3n Masculina 6 H LEA",
        "price": 5.95,
        "price_kilo": 2.98,
        "slug": "recambio-maquinilla-depilacion-masculina-6-h",
        "description": "Recambio Maquinilla Depilaci\u00f3n Masculina 6 H 2 U",
        "image": "https:\/\/cdn-consum.aktiosdigitalservices.com\/tol\/consum\/media\/product\/img\/300x300\/7439946.jpg?t=20241217081350"
    },
    {
        "id": 34373,
        "name": "Maquinilla Depilaci\u00f3n Masculina 6 H LEA",
        "price": 5.95,
        "price_kilo": 5.95,
        "slug": "maquinilla-depilacion-masculina-6-h",
        "description": "Maquinilla Depilaci\u00f3n Masculina 6 H 1 U",
        "image": "https:\/\/cdn-consum.aktiosdigitalservices.com\/tol\/consum\/media\/product\/img\/300x300\/7439966.jpg?t=20250312092857"
    },
    {
        "id": 34374,
        "name": "Gel Depilaci\u00f3n Masculina Body & Shave LEA",
        "price": 2.69,
        "price_kilo": 1.54,
        "slug": "gel-depilacion-masculina-body-shave",
        "description": "Gel Depilaci\u00f3n Masculina Body & Shave 175 ml",
        "image": "https:\/\/cdn-consum.aktiosdigitalservices.com\/tol\/consum\/media\/product\/img\/300x300\/7439982.jpg?t=20250312092857"
    },
    {
        "id": 34375,
        "name": "Vela de aniversario Roja n\u00famero 5 ROURA",
        "price": 0.75,
        "price_kilo": 0.75,
        "slug": "vela-de-aniversario-roja-numero-5",
        "description": "Vela de aniversario Roja n\u00famero 5 1 U",
        "image": "https:\/\/cdn-consum.aktiosdigitalservices.com\/tol\/consum\/media\/product\/img\/300x300\/7440027.jpg?t=20241217081350"
    },
    {
        "id": 34376,
        "name": "Cerveza sin Filtrar Lata HOCHSTER",
        "price": 0.49,
        "price_kilo": 1.48,
        "slug": "cerveza-sin-filtrar-lata",
        "description": "Cerveza sin Filtrar Lata 0,33 L",
        "image": "https:\/\/cdn-consum.aktiosdigitalservices.com\/tol\/consum\/media\/product\/img\/300x300\/7440050.jpg?t=20250312161532"
    },
    {
        "id": 34377,
        "name": "Tortillas con Cereales y Semillas MISSION",
        "price": 2.59,
        "price_kilo": 8.09,
        "slug": "tortillas-con-cereales-y-semillas",
        "description": "Tortillas con Cereales y Semillas 320 Gr",
        "image": "https:\/\/cdn-consum.aktiosdigitalservices.com\/tol\/consum\/media\/product\/img\/300x300\/7440113.jpg?t=20250311135015"
    },
    {
        "id": 34381,
        "name": "Fiambre de Pechuga de Pavo ELPOZO",
        "price": 2.5,
        "price_kilo": 6.58,
        "slug": "fiambre-de-pechuga-de-pavo",
        "description": "Fiambre de Pechuga de Pavo 380 Gr",
        "image": "https:\/\/cdn-consum.aktiosdigitalservices.com\/tol\/consum\/media\/product\/img\/300x300\/7440386.jpg?t=20241217081350"
    },
    {
        "id": 34382,
        "name": "Chocolate Extrafino Relleno de Leche NESTLE",
        "price": 1.25,
        "price_kilo": 12.5,
        "slug": "chocolate-extrafino-relleno-de-leche",
        "description": "Chocolate Extrafino Relleno de Leche 100 Gr",
        "image": "https:\/\/cdn-consum.aktiosdigitalservices.com\/tol\/consum\/media\/product\/img\/300x300\/7440415.jpg?t=20250311135018"
    },
    {
        "id": 34383,
        "name": "Vino Tinto Biodin\u00e1mico V.Tierra de Castilla ASTRADA",
        "price": 2.99,
        "price_kilo": 3.99,
        "slug": "vino-tinto-biodinamico-vtierra-de-castilla",
        "description": "Vino Tinto Biodin\u00e1mico V.Tierra de Castilla 0,75 L",
        "image": "https:\/\/cdn-consum.aktiosdigitalservices.com\/tol\/consum\/media\/product\/img\/300x300\/7440436.jpg?t=20250312092857"
    },
    {
        "id": 34384,
        "name": "Ap\u00f3sitos Hidrocoloides SENTI-2",
        "price": 4.49,
        "price_kilo": 0.9,
        "slug": "apositos-hidrocoloides",
        "description": "Ap\u00f3sitos Hidrocoloides 5 U",
        "image": "https:\/\/cdn-consum.aktiosdigitalservices.com\/tol\/consum\/media\/product\/img\/300x300\/7440456.jpg?t=20250312092857"
    },
    {
        "id": 34385,
        "name": "Filete de Anchoa en Aceite de Girasol BRUIMAR",
        "price": 5.99,
        "price_kilo": 59.9,
        "slug": "filete-de-anchoa-en-aceite-de-girasol",
        "description": "Filete de Anchoa en Aceite de Girasol 100 Gr",
        "image": "https:\/\/cdn-consum.aktiosdigitalservices.com\/tol\/consum\/media\/product\/img\/300x300\/7440485.jpg?t=20241217081350"
    },
    {
        "id": 34389,
        "name": "Masa Empanadilla LA NAPOLITAN",
        "price": 2.29,
        "price_kilo": 5.45,
        "slug": "masa-empanadilla",
        "description": "Masa Empanadilla 420 Gr",
        "image": "https:\/\/cdn-consum.aktiosdigitalservices.com\/tol\/consum\/media\/product\/img\/300x300\/7423759.jpg?t=20241217081312"
    },
    {
        "id": 34390,
        "name": "Sardinillas en Escabeche 6\/10 Piezas CONSUM",
        "price": 1.85,
        "price_kilo": 15.42,
        "slug": "sardinillas-en-escabeche-6-10-piezas",
        "description": "Sardinillas en Escabeche 6\/10 Piezas 2 x 60 Gr",
        "image": "https:\/\/cdn-consum.aktiosdigitalservices.com\/tol\/consum\/media\/product\/img\/300x300\/7429798.jpg?t=20250125075931"
    },
    {
        "id": 34391,
        "name": "Crackers Integrales DOLFI E COL.",
        "price": 1.84,
        "price_kilo": 3.68,
        "slug": "crackers-integrales",
        "description": "Crackers Integrales 500 Gr",
        "image": "https:\/\/cdn-consum.aktiosdigitalservices.com\/tol\/consum\/media\/product\/img\/300x300\/7438575.jpg?t=20250311113248"
    },
    {
        "id": 34392,
        "name": "Crackers Cl\u00e1sicos Salado en superficie DOLFI E COL.",
        "price": 1.84,
        "price_kilo": 3.68,
        "slug": "crackers-clasicos-salado-en-superficie",
        "description": "Crackers Cl\u00e1sicos Salado en superficie 500 Gr",
        "image": "https:\/\/cdn-consum.aktiosdigitalservices.com\/tol\/consum\/media\/product\/img\/300x300\/7438583.jpg?t=20250311113251"
    },
    {
        "id": 34394,
        "name": "Bonito en Aceite Girasol Alto Oleico CONSORCIO",
        "price": 2.95,
        "price_kilo": 36.88,
        "slug": "bonito-en-aceite-girasol-alto-oleico",
        "description": "Bonito en Aceite Girasol Alto Oleico 80 Gr",
        "image": "https:\/\/cdn-consum.aktiosdigitalservices.com\/tol\/consum\/media\/product\/img\/300x300\/7439297.jpg?t=20250227095228"
    },
    {
        "id": 34396,
        "name": "Galletas Tuc Queso LU",
        "price": 1.49,
        "price_kilo": 14.9,
        "slug": "galletas-tuc-queso",
        "description": "Galletas Tuc Queso 100 Gr",
        "image": "https:\/\/cdn-consum.aktiosdigitalservices.com\/tol\/consum\/media\/product\/img\/300x300\/7439821.jpg?t=20250206101704"
    },
    {
        "id": 34397,
        "name": "K\u00e9tchup Zero HEINZ",
        "price": 3.99,
        "price_kilo": 9.39,
        "slug": "ketchup-zero",
        "description": "K\u00e9tchup Zero 425 ml",
        "image": "https:\/\/cdn-consum.aktiosdigitalservices.com\/tol\/consum\/media\/product\/img\/300x300\/7440019.jpg?t=20250206101710"
    },
    {
        "id": 34398,
        "name": "Croissant de Chocolate 20% 1 U ",
        "price": 0.8,
        "price_kilo": 9.41,
        "slug": "croissant-de-chocolate-20-1-u",
        "description": "Croissant de Chocolate 20% 1 U 85 Gr",
        "image": "https:\/\/cdn-consum.aktiosdigitalservices.com\/tol\/consum\/media\/product\/img\/300x300\/7440147.jpg?t=20250318081010"
    },
    {
        "id": 34400,
        "name": "Colonia Masculina N\u00ba63 CARAVAN",
        "price": 10.95,
        "price_kilo": 7.3,
        "slug": "colonia-masculina-n63",
        "description": "Colonia Masculina N\u00ba63 150 ml",
        "image": "https:\/\/cdn-consum.aktiosdigitalservices.com\/tol\/consum\/media\/product\/img\/300x300\/7440220.jpg?t=20250312092857"
    },
    {
        "id": 34401,
        "name": "Colonia Femenina N\u00ba86 CARAVAN",
        "price": 10.95,
        "price_kilo": 7.3,
        "slug": "colonia-femenina-n86",
        "description": "Colonia Femenina N\u00ba86 150 ml",
        "image": "https:\/\/cdn-consum.aktiosdigitalservices.com\/tol\/consum\/media\/product\/img\/300x300\/7440225.jpg?t=20241217081350"
    },
    {
        "id": 34402,
        "name": "Colonia Femenina N\u00ba87 CARAVAN",
        "price": 10.95,
        "price_kilo": 7.3,
        "slug": "colonia-femenina-n87",
        "description": "Colonia Femenina N\u00ba87 150 ml",
        "image": "https:\/\/cdn-consum.aktiosdigitalservices.com\/tol\/consum\/media\/product\/img\/300x300\/7440238.jpg?t=20250312092857"
    },
    {
        "id": 34403,
        "name": "Colonia Femenina N\u00ba88 CARAVAN",
        "price": 10.95,
        "price_kilo": 7.3,
        "slug": "colonia-femenina-n88",
        "description": "Colonia Femenina N\u00ba88 150 ml",
        "image": "https:\/\/cdn-consum.aktiosdigitalservices.com\/tol\/consum\/media\/product\/img\/300x300\/7440241.jpg?t=20241217081350"
    },
    {
        "id": 34404,
        "name": "Colonia Femenina N\u00ba2 Mini CARAVAN",
        "price": 3.5,
        "price_kilo": 2.33,
        "slug": "colonia-femenina-n2-mini",
        "description": "Colonia Femenina N\u00ba2 Mini 150 ml",
        "image": "https:\/\/cdn-consum.aktiosdigitalservices.com\/tol\/consum\/media\/product\/img\/300x300\/7440258.jpg?t=20241217081350"
    },
    {
        "id": 34405,
        "name": "Colonia Masculina N\u00ba14 Mini CARAVAN",
        "price": 3.5,
        "price_kilo": 11.67,
        "slug": "colonia-masculina-n14-mini",
        "description": "Colonia Masculina N\u00ba14 Mini 30 ml",
        "image": "https:\/\/cdn-consum.aktiosdigitalservices.com\/tol\/consum\/media\/product\/img\/300x300\/7440261.jpg?t=20241217081350"
    },
    {
        "id": 34406,
        "name": "Colonia Masculina N\u00ba61 Mini CARAVAN",
        "price": 3.5,
        "price_kilo": 11.67,
        "slug": "colonia-masculina-n61-mini",
        "description": "Colonia Masculina N\u00ba61 Mini 30 ml",
        "image": "https:\/\/cdn-consum.aktiosdigitalservices.com\/tol\/consum\/media\/product\/img\/300x300\/7440274.jpg?t=20241217081350"
    },
    {
        "id": 34408,
        "name": "Refresco Naranja SIMON LIFE",
        "price": 0.6,
        "price_kilo": 1.82,
        "slug": "refresco-naranja",
        "description": "Refresco Naranja 330 ml",
        "image": "https:\/\/cdn-consum.aktiosdigitalservices.com\/tol\/consum\/media\/product\/img\/300x300\/7440324.jpg?t=20241217081350"
    },
    {
        "id": 34409,
        "name": "Queso Fresco Burgos L\u00ednea G.BAQUERO",
        "price": 4.48,
        "price_kilo": 4.48,
        "slug": "queso-fresco-burgos-linea",
        "description": "Queso Fresco Burgos L\u00ednea 1 Kg",
        "image": "https:\/\/cdn-consum.aktiosdigitalservices.com\/tol\/consum\/media\/product\/img\/300x300\/7440365.jpg?t=20250103082756"
    },
    {
        "id": 34410,
        "name": "Queso Camembert LE RUSTIQUE",
        "price": 3.99,
        "price_kilo": 15.96,
        "slug": "queso-camembert",
        "description": "Queso Camembert 250 Gr",
        "image": "https:\/\/cdn-consum.aktiosdigitalservices.com\/tol\/consum\/media\/product\/img\/300x300\/7440373.jpg?t=20250206101750"
    },
    {
        "id": 34412,
        "name": "Chicles en Grageas Sabor Menta  Bote ORBIT",
        "price": 3.29,
        "price_kilo": 51.41,
        "slug": "chicles-en-grageas-sabor-menta-bote",
        "description": "Chicles en Grageas Sabor Menta  Bote 64 Gr",
        "image": "https:\/\/cdn-consum.aktiosdigitalservices.com\/tol\/consum\/media\/product\/img\/300x300\/7440394.jpg?t=20250311125535"
    },
    {
        "id": 34413,
        "name": "Chicles en Grageas Sabor Eucalipto Bote ORBIT",
        "price": 3.29,
        "price_kilo": 51.41,
        "slug": "chicles-en-grageas-sabor-eucalipto-bote",
        "description": "Chicles en Grageas Sabor Eucalipto Bote 64 Gr",
        "image": "https:\/\/cdn-consum.aktiosdigitalservices.com\/tol\/consum\/media\/product\/img\/300x300\/7440399.jpg?t=20250311125537"
    },
    {
        "id": 34414,
        "name": "Chicles en Grageas Sabor Fresa Bote ORBIT",
        "price": 3.29,
        "price_kilo": 51.41,
        "slug": "chicles-en-grageas-sabor-fresa-bote",
        "description": "Chicles en Grageas Sabor Fresa Bote 64 Gr",
        "image": "https:\/\/cdn-consum.aktiosdigitalservices.com\/tol\/consum\/media\/product\/img\/300x300\/7440402.jpg?t=20250311125539"
    },
    {
        "id": 34415,
        "name": "Chicles en Grageas Sabor Hierbabuena Bote ORBIT",
        "price": 3.29,
        "price_kilo": 51.41,
        "slug": "chicles-en-grageas-sabor-hierbabuena-bote",
        "description": "Chicles en Grageas Sabor Hierbabuena Bote 64 Gr",
        "image": "https:\/\/cdn-consum.aktiosdigitalservices.com\/tol\/consum\/media\/product\/img\/300x300\/7440407.jpg?t=20250311125542"
    },
    {
        "id": 34418,
        "name": "Burger Meat Pollo y Pavo ALDELIS",
        "price": 2.75,
        "price_kilo": 11.46,
        "slug": "burger-meat-pollo-y-pavo",
        "description": "Burger Meat Pollo y Pavo 240 Gr",
        "image": "https:\/\/cdn-consum.aktiosdigitalservices.com\/tol\/consum\/media\/product\/img\/300x300\/7440449.jpg?t=20250304115117"
    },
    {
        "id": 34421,
        "name": "Mascarilla para Pies Hidratante IDC INSTITUT",
        "price": 1.99,
        "price_kilo": 1.99,
        "slug": "mascarilla-para-pies-hidratante",
        "description": "Mascarilla para Pies Hidratante 1 U",
        "image": "https:\/\/cdn-consum.aktiosdigitalservices.com\/tol\/consum\/media\/product\/img\/300x300\/7440501.jpg?t=20241217081350"
    },
    {
        "id": 34422,
        "name": "Gummies sin Az\u00facar Melatonina VITALDIN",
        "price": 6.25,
        "price_kilo": 0.18,
        "slug": "gummies-sin-azucar-melatonina",
        "description": "Gummies sin Az\u00facar Melatonina 35 U",
        "image": "https:\/\/cdn-consum.aktiosdigitalservices.com\/tol\/consum\/media\/product\/img\/300x300\/7440514.jpg?t=20250206101810"
    },
    {
        "id": 34423,
        "name": "Ternera a la Jardinera CARRETILLA",
        "price": 4.59,
        "price_kilo": 14.34,
        "slug": "ternera-a-la-jardinera",
        "description": "Ternera a la Jardinera 320 Gr",
        "image": "https:\/\/cdn-consum.aktiosdigitalservices.com\/tol\/consum\/media\/product\/img\/300x300\/7440522.jpg?t=20250227095306"
    },
    {
        "id": 34424,
        "name": "Puleva Peques 3 Buenas Noches PULEVA",
        "price": 1.99,
        "price_kilo": 1.99,
        "slug": "puleva-peques-3-buenas-noches",
        "description": "Puleva Peques 3 Buenas Noches 1 L",
        "image": "https:\/\/cdn-consum.aktiosdigitalservices.com\/tol\/consum\/media\/product\/img\/300x300\/7440568.jpg?t=20250311135020"
    },
    {
        "id": 34427,
        "name": "Gel de Ducha Essentials DOVE",
        "price": 3.95,
        "price_kilo": 5.49,
        "slug": "gel-de-ducha-essentials",
        "description": "Gel de Ducha Essentials 720 ml",
        "image": "https:\/\/cdn-consum.aktiosdigitalservices.com\/tol\/consum\/media\/product\/img\/300x300\/7440647.jpg?t=20241217081351"
    },
    {
        "id": 34428,
        "name": "Pan de Molde Rebanada Gruesa PAN MILAGROS",
        "price": 1.69,
        "price_kilo": 2.06,
        "slug": "pan-de-molde-rebanada-gruesa",
        "description": "Pan de Molde Rebanada Gruesa 820 Gr",
        "image": "https:\/\/cdn-consum.aktiosdigitalservices.com\/tol\/consum\/media\/product\/img\/300x300\/7440654.jpg?t=20250311113358"
    },
    {
        "id": 34431,
        "name": "Colonia Femenina Jasmine CHANSON DEAU",
        "price": 9.95,
        "price_kilo": 99.5,
        "slug": "colonia-femenina-jasmine",
        "description": "Colonia Femenina Jasmine 100 ml",
        "image": "https:\/\/cdn-consum.aktiosdigitalservices.com\/tol\/consum\/media\/product\/img\/300x300\/7440696.jpg?t=20250312092857"
    },
    {
        "id": 34434,
        "name": "Colonia Femenina Vainilla CHANSON DEAU",
        "price": 9.95,
        "price_kilo": 99.5,
        "slug": "colonia-femenina-vainilla",
        "description": "Colonia Femenina Vainilla 100 ml",
        "image": "https:\/\/cdn-consum.aktiosdigitalservices.com\/tol\/consum\/media\/product\/img\/300x300\/7440753.jpg?t=20241217081351"
    },
    {
        "id": 34436,
        "name": "Guacamole con Queso de Cabra ",
        "price": 1.99,
        "price_kilo": 15.92,
        "slug": "guacamole-con-queso-de-cabra",
        "description": "Guacamole con Queso de Cabra 125 Gr",
        "image": "https:\/\/cdn-consum.aktiosdigitalservices.com\/tol\/consum\/media\/product\/img\/300x300\/7440902.jpg?t=20241217081351"
    },
    {
        "id": 34437,
        "name": "Guisamole ",
        "price": 1.89,
        "price_kilo": 9.45,
        "slug": "guisamole",
        "description": "Guisamole 200 Gr",
        "image": "https:\/\/cdn-consum.aktiosdigitalservices.com\/tol\/consum\/media\/product\/img\/300x300\/7440915.jpg?t=20250127075953"
    },
    {
        "id": 34439,
        "name": "Gel de Ba\u00f1o Classic MAGNO",
        "price": 3.79,
        "price_kilo": 0.63,
        "slug": "gel-de-bano-classic",
        "description": "Gel de Ba\u00f1o Classic 600 ml",
        "image": "https:\/\/cdn-consum.aktiosdigitalservices.com\/tol\/consum\/media\/product\/img\/300x300\/7441202.jpg?t=20250312161536"
    },
    {
        "id": 34440,
        "name": "Gel de Ba\u00f1o Hidrotermal LA TOJA",
        "price": 2.99,
        "price_kilo": 0.5,
        "slug": "gel-de-bano-hidrotermal",
        "description": "Gel de Ba\u00f1o Hidrotermal 600 ml",
        "image": "https:\/\/cdn-consum.aktiosdigitalservices.com\/tol\/consum\/media\/product\/img\/300x300\/7441223.jpg?t=20250227095320"
    },
    {
        "id": 34441,
        "name": "Gel de Ba\u00f1o Aloe Vera LA TOJA",
        "price": 2.99,
        "price_kilo": 0.5,
        "slug": "gel-de-bano-aloe-vera",
        "description": "Gel de Ba\u00f1o Aloe Vera 600 ml",
        "image": "https:\/\/cdn-consum.aktiosdigitalservices.com\/tol\/consum\/media\/product\/img\/300x300\/7441228.jpg?t=20250227095322"
    },
    {
        "id": 34442,
        "name": "Recupera tu mente, Reco Marian Rojas Estap\u00e9 ESPASA",
        "price": 19.85,
        "price_kilo": 19.85,
        "slug": "recupera-tu-mente-reco-marian-rojas-estape",
        "description": "Recupera tu mente, Reco Marian Rojas Estap\u00e9 1 U",
        "image": "https:\/\/cdn-consum.aktiosdigitalservices.com\/tol\/consum\/media\/product\/img\/300x300\/7436868.jpg?t=20250312092851"
    },
    {
        "id": 34445,
        "name": "Destroza este dirario ATC keri Smith PAIDOS",
        "price": 11.95,
        "price_kilo": 11.95,
        "slug": "destroza-este-dirario-atc-keri-smith",
        "description": "Destroza este dirario ATC keri Smith 1 U",
        "image": "https:\/\/cdn-consum.aktiosdigitalservices.com\/tol\/consum\/media\/product\/img\/300x300\/7441244.jpg?t=20241217081351"
    },
    {
        "id": 34446,
        "name": "El Rulas 2 Animalize 21 DESTINO",
        "price": 16.95,
        "price_kilo": 16.95,
        "slug": "el-rulas-2-animalize-21",
        "description": "El Rulas 2 Animalize 21 1 U",
        "image": "https:\/\/cdn-consum.aktiosdigitalservices.com\/tol\/consum\/media\/product\/img\/300x300\/7441251.jpg?t=20250312092858"
    },
    {
        "id": 34452,
        "name": "Crema Depilatoria Hombre KYREY MEN",
        "price": 2.99,
        "price_kilo": 1.5,
        "slug": "crema-depilatoria-hombre",
        "description": "Crema Depilatoria Hombre 200 ml",
        "image": "https:\/\/cdn-consum.aktiosdigitalservices.com\/tol\/consum\/media\/product\/img\/300x300\/7426112.jpg?t=20250314121713"
    },
    {
        "id": 34453,
        "name": "Mini Bomb\u00f3n Cookies Vainilla Pecan CONSUM",
        "price": 2.55,
        "price_kilo": 11.49,
        "slug": "mini-bombon-cookies-vainilla-pecan",
        "description": "Mini Bomb\u00f3n Cookies Vainilla Pecan 222 Gr",
        "image": "https:\/\/cdn-consum.aktiosdigitalservices.com\/tol\/consum\/media\/product\/img\/300x300\/7431641.jpg?t=20250115080547"
    },
    {
        "id": 34454,
        "name": "Pack Antipiojos Loci\u00f3n+Champ\u00fa CUIDAPLUS",
        "price": 6.99,
        "price_kilo": 6.99,
        "slug": "pack-antipiojos-locionchampu",
        "description": "Pack Antipiojos Loci\u00f3n+Champ\u00fa 1 U",
        "image": "https:\/\/cdn-consum.aktiosdigitalservices.com\/tol\/consum\/media\/product\/img\/300x300\/7434079.jpg?t=20241217081336"
    },
    {
        "id": 34455,
        "name": "Porciones de Salm\u00f3n Rosado Congelado CONSUM",
        "price": 4.82,
        "price_kilo": 18.5,
        "slug": "porciones-de-salmon-rosado-congelado",
        "description": "Porciones de Salm\u00f3n Rosado Congelado",
        "image": "https:\/\/cdn-consum.aktiosdigitalservices.com\/tol\/consum\/media\/product\/img\/300x300\/7435563.jpg?t=20250314121721"
    },
    {
        "id": 34456,
        "name": "Kombucha Lim\u00f3n y Jengibre FRUTAE",
        "price": 1.89,
        "price_kilo": 7.56,
        "slug": "kombucha-limon-y-jengibre",
        "description": "Kombucha Lim\u00f3n y Jengibre 250 ml",
        "image": "https:\/\/cdn-consum.aktiosdigitalservices.com\/tol\/consum\/media\/product\/img\/300x300\/7437176.jpg?t=20250120075751"
    },
    {
        "id": 34457,
        "name": "Kombucha Frutos Rojos FRUTAE",
        "price": 1.89,
        "price_kilo": 7.56,
        "slug": "kombucha-frutos-rojos",
        "description": "Kombucha Frutos Rojos 250 ml",
        "image": "https:\/\/cdn-consum.aktiosdigitalservices.com\/tol\/consum\/media\/product\/img\/300x300\/7437184.jpg?t=20250120075753"
    },
    {
        "id": 34458,
        "name": "Cono Extreme Fresa Nata X6 NESTLE",
        "price": 4.99,
        "price_kilo": 11.39,
        "slug": "cono-extreme-fresa-nata-x6",
        "description": "Cono Extreme Fresa Nata X6 438 Gr",
        "image": "https:\/\/cdn-consum.aktiosdigitalservices.com\/tol\/consum\/media\/product\/img\/300x300\/7438067.jpg?t=20250312130339"
    },
    {
        "id": 34459,
        "name": "Vino Tinto Roble D.O. Somontano ROCAL",
        "price": 4.25,
        "price_kilo": 5.67,
        "slug": "vino-tinto-roble-do-somontano",
        "description": "Vino Tinto Roble D.O. Somontano 0,75 L",
        "image": "https:\/\/cdn-consum.aktiosdigitalservices.com\/tol\/consum\/media\/product\/img\/300x300\/7438468.jpg?t=20241217081347"
    },
    {
        "id": 34460,
        "name": "Vino Blanco Gewuztranim D.O. Somontano ROCAL",
        "price": 4.25,
        "price_kilo": 5.67,
        "slug": "vino-blanco-gewuztranim-do-somontano",
        "description": "Vino Blanco Gewuztranim D.O. Somontano 0,75 L",
        "image": "https:\/\/cdn-consum.aktiosdigitalservices.com\/tol\/consum\/media\/product\/img\/300x300\/7438489.jpg?t=20250312092854"
    },
    {
        "id": 34461,
        "name": "Bebida Isot\u00f3nica Melocot\u00f3n Lata AQUARIUS",
        "price": 0.85,
        "price_kilo": 2.58,
        "slug": "bebida-isotonica-melocoton-lata",
        "description": "Bebida Isot\u00f3nica Melocot\u00f3n Lata 0,33 L",
        "image": "https:\/\/cdn-consum.aktiosdigitalservices.com\/tol\/consum\/media\/product\/img\/300x300\/7438513.jpg?t=20250227095204"
    },
    {
        "id": 34462,
        "name": "Tira de Costilla de Cerdo ",
        "price": 7.99,
        "price_kilo": 7.99,
        "slug": "tira-de-costilla-de-cerdo",
        "description": "Tira de Costilla de Cerdo",
        "image": "https:\/\/cdn-consum.aktiosdigitalservices.com\/tol\/consum\/media\/product\/img\/300x300\/7438711.jpg?t=20250322080103"
    },
    {
        "id": 34463,
        "name": "Gel de Ducha Coco Jazm\u00edn DOVE",
        "price": 3.95,
        "price_kilo": 9.88,
        "slug": "gel-de-ducha-coco-jazmin",
        "description": "Gel de Ducha Coco Jazm\u00edn 400 ml",
        "image": "https:\/\/cdn-consum.aktiosdigitalservices.com\/tol\/consum\/media\/product\/img\/300x300\/7439370.jpg?t=20250227095230"
    },
    {
        "id": 34464,
        "name": "Gel de Ducha Hidrataci\u00f3n Profunda DOVE",
        "price": 3.95,
        "price_kilo": 9.88,
        "slug": "gel-de-ducha-hidratacion-profunda",
        "description": "Gel de Ducha Hidrataci\u00f3n Profunda 400 ml",
        "image": "https:\/\/cdn-consum.aktiosdigitalservices.com\/tol\/consum\/media\/product\/img\/300x300\/7439375.jpg?t=20250227095232"
    },
    {
        "id": 34470,
        "name": "Pan Tostado 8 Cereales y Semillas, 36 Unidades ORTIZ",
        "price": 2.64,
        "price_kilo": 8.25,
        "slug": "pan-tostado-8-cereales-y-semillas-36-unidades",
        "description": "Pan Tostado 8 Cereales y Semillas, 36 Unidades 320 Gr",
        "image": "https:\/\/cdn-consum.aktiosdigitalservices.com\/tol\/consum\/media\/product\/img\/300x300\/7439789.jpg?t=20250311113336"
    },
    {
        "id": 34472,
        "name": "Vela de aniversario Roja n\u00famero 6 ROURA",
        "price": 0.75,
        "price_kilo": 0.75,
        "slug": "vela-de-aniversario-roja-numero-6",
        "description": "Vela de aniversario Roja n\u00famero 6 1 U",
        "image": "https:\/\/cdn-consum.aktiosdigitalservices.com\/tol\/consum\/media\/product\/img\/300x300\/7440043.jpg?t=20241217081350"
    },
    {
        "id": 34479,
        "name": "Vino Blanco Afrutado Regi\u00f3n Castilla la Mancha GARABATO",
        "price": 2.15,
        "price_kilo": 2.87,
        "slug": "vino-blanco-afrutado-region-castilla-la-mancha",
        "description": "Vino Blanco Afrutado Regi\u00f3n Castilla la Mancha 0,75 L",
        "image": "https:\/\/cdn-consum.aktiosdigitalservices.com\/tol\/consum\/media\/product\/img\/300x300\/7440506.jpg?t=20250129080319"
    },
    {
        "id": 34480,
        "name": "Gublins Sabor Queso Bolsa GREFUSA",
        "price": 1.49,
        "price_kilo": 11.92,
        "slug": "gublins-sabor-queso-bolsa",
        "description": "Gublins Sabor Queso Bolsa 125 Gr",
        "image": "https:\/\/cdn-consum.aktiosdigitalservices.com\/tol\/consum\/media\/product\/img\/300x300\/7440548.jpg?t=20250301080151"
    },
    {
        "id": 34481,
        "name": "Barrita 30% Prote\u00edna Sabor Cookies CORNY",
        "price": 1.99,
        "price_kilo": 39.8,
        "slug": "barrita-30-proteina-sabor-cookies",
        "description": "Barrita 30% Prote\u00edna Sabor Cookies 50 Gr",
        "image": "https:\/\/cdn-consum.aktiosdigitalservices.com\/tol\/consum\/media\/product\/img\/300x300\/7440571.jpg?t=20250311135022"
    },
    {
        "id": 34486,
        "name": "Ondas Surferas Con Filtro UV Sea Salt NELLY",
        "price": 2.49,
        "price_kilo": 12.45,
        "slug": "ondas-surferas-con-filtro-uv-sea-salt",
        "description": "Ondas Surferas Con Filtro UV Sea Salt 200 ml",
        "image": "https:\/\/cdn-consum.aktiosdigitalservices.com\/tol\/consum\/media\/product\/img\/300x300\/7440659.jpg?t=20241217081351"
    },
    {
        "id": 34490,
        "name": "Vela de aniversario Roja n\u00famero 3 ROURA",
        "price": 0.75,
        "price_kilo": 0.75,
        "slug": "vela-de-aniversario-roja-numero-3",
        "description": "Vela de aniversario Roja n\u00famero 3 1 U",
        "image": "https:\/\/cdn-consum.aktiosdigitalservices.com\/tol\/consum\/media\/product\/img\/300x300\/7440865.jpg?t=20250312092858"
    },
    {
        "id": 34491,
        "name": "Vela de aniversario Roja n\u00famero 4 ROURA",
        "price": 0.75,
        "price_kilo": 0.75,
        "slug": "vela-de-aniversario-roja-numero-4",
        "description": "Vela de aniversario Roja n\u00famero 4 1 U",
        "image": "https:\/\/cdn-consum.aktiosdigitalservices.com\/tol\/consum\/media\/product\/img\/300x300\/7440873.jpg?t=20241217081351"
    },
    {
        "id": 34492,
        "name": "Bizcocho Redondo Coco MUSFI'S",
        "price": 3.09,
        "price_kilo": 7.73,
        "slug": "bizcocho-redondo-coco",
        "description": "Bizcocho Redondo Coco 400 Gr",
        "image": "https:\/\/cdn-consum.aktiosdigitalservices.com\/tol\/consum\/media\/product\/img\/300x300\/7440923.jpg?t=20250311113400"
    },
    {
        "id": 34493,
        "name": "Fuet Espetec Pack de 2 CASADEMONT",
        "price": 4.5,
        "price_kilo": 13.24,
        "slug": "fuet-espetec-pack-de-2",
        "description": "Fuet Espetec Pack de 2 2 x 170 Gr",
        "image": "https:\/\/cdn-consum.aktiosdigitalservices.com\/tol\/consum\/media\/product\/img\/300x300\/7440980.jpg?t=20250206101847"
    },
    {
        "id": 34498,
        "name": "Gel de Ba\u00f1o Marine MAGNO",
        "price": 3.79,
        "price_kilo": 0.63,
        "slug": "gel-de-bano-marine",
        "description": "Gel de Ba\u00f1o Marine 600 ml",
        "image": "https:\/\/cdn-consum.aktiosdigitalservices.com\/tol\/consum\/media\/product\/img\/300x300\/7441210.jpg?t=20250312161538"
    },
    {
        "id": 34499,
        "name": "Champ\u00fa GLISS",
        "price": 3.05,
        "price_kilo": 1.22,
        "slug": "champu",
        "description": "Champ\u00fa 250 ml",
        "image": "https:\/\/cdn-consum.aktiosdigitalservices.com\/tol\/consum\/media\/product\/img\/300x300\/7441785.jpg?t=20250312161539"
    },
    {
        "id": 34501,
        "name": "Lavavajillas Concentrado Original FAIRY",
        "price": 4.39,
        "price_kilo": 0.43,
        "slug": "lavavajillas-concentrado-original",
        "description": "Lavavajillas Concentrado Original 1015 ml",
        "image": "https:\/\/cdn-consum.aktiosdigitalservices.com\/tol\/consum\/media\/product\/img\/300x300\/7442325.jpg?t=20241217081353"
    },
    {
        "id": 34502,
        "name": "Smash Burger Meat Vacuno COREN",
        "price": 3.99,
        "price_kilo": 12.47,
        "slug": "smash-burger-meat-vacuno",
        "description": "Smash Burger Meat Vacuno 320 Gr",
        "image": "https:\/\/cdn-consum.aktiosdigitalservices.com\/tol\/consum\/media\/product\/img\/300x300\/7442481.jpg?t=20250304115201"
    },
    {
        "id": 34512,
        "name": "Mini S\u00e1ndwich D\u00fao Pop Corn 6 Unidades CONSUM",
        "price": 2.89,
        "price_kilo": 9.35,
        "slug": "mini-sandwich-duo-pop-corn-6-unidades",
        "description": "Mini S\u00e1ndwich D\u00fao Pop Corn 6 Unidades 309 Gr",
        "image": "https:\/\/cdn-consum.aktiosdigitalservices.com\/tol\/consum\/media\/product\/img\/300x300\/7431646.jpg?t=20250129080250"
    },
    {
        "id": 34513,
        "name": "Tarrina Turr\u00f3n CONSUM",
        "price": 3.25,
        "price_kilo": 6.5,
        "slug": "tarrina-turron",
        "description": "Tarrina Turr\u00f3n 500 ml",
        "image": "https:\/\/cdn-consum.aktiosdigitalservices.com\/tol\/consum\/media\/product\/img\/300x300\/7431653.jpg?t=20250109110624"
    },
    {
        "id": 34514,
        "name": "Friegasuelos Aire Fresco CONSUM",
        "price": 0.95,
        "price_kilo": 0.63,
        "slug": "friegasuelos-aire-fresco",
        "description": "Friegasuelos Aire Fresco 1,5 L",
        "image": "https:\/\/cdn-consum.aktiosdigitalservices.com\/tol\/consum\/media\/product\/img\/300x300\/7437077.jpg?t=20250312092851"
    },
    {
        "id": 34522,
        "name": "Cerveza Botella Pack de 6 botellas MAHOU 5 ESTR",
        "price": 3.55,
        "price_kilo": 2.96,
        "slug": "cerveza-botella-pack-de-6-botellas",
        "description": "Cerveza Botella Pack de 6 botellas 6 x 0,2 L",
        "image": "https:\/\/cdn-consum.aktiosdigitalservices.com\/tol\/consum\/media\/product\/img\/300x300\/7439586.jpg?t=20250320080342"
    },
    {
        "id": 34526,
        "name": "Refresco Cola Zero Lima Lata COCA-COLA",
        "price": 0.92,
        "price_kilo": 2.79,
        "slug": "refresco-cola-zero-lima-lata",
        "description": "Refresco Cola Zero Lima Lata 0,33 L",
        "image": "https:\/\/cdn-consum.aktiosdigitalservices.com\/tol\/consum\/media\/product\/img\/300x300\/7439842.jpg?t=20250318081010"
    },
    {
        "id": 34530,
        "name": "Alb\u00f3ndigas de Merluza con Almejas CARRETILLA",
        "price": 3.85,
        "price_kilo": 12.03,
        "slug": "albondigas-de-merluza-con-almejas",
        "description": "Alb\u00f3ndigas de Merluza con Almejas 320 Gr",
        "image": "https:\/\/cdn-consum.aktiosdigitalservices.com\/tol\/consum\/media\/product\/img\/300x300\/7440519.jpg?t=20250227095305"
    },
    {
        "id": 34535,
        "name": "Bizcocho Redondo M\u00e1rmol MUSFI'S",
        "price": 3.09,
        "price_kilo": 7.73,
        "slug": "bizcocho-redondo-marmol",
        "description": "Bizcocho Redondo M\u00e1rmol 400 Gr",
        "image": "https:\/\/cdn-consum.aktiosdigitalservices.com\/tol\/consum\/media\/product\/img\/300x300\/7440928.jpg?t=20250311113403"
    },
    {
        "id": 34536,
        "name": "Gel de Ba\u00f1o Body Milk LA TOJA",
        "price": 2.99,
        "price_kilo": 0.5,
        "slug": "gel-de-bano-body-milk",
        "description": "Gel de Ba\u00f1o Body Milk 600 ml",
        "image": "https:\/\/cdn-consum.aktiosdigitalservices.com\/tol\/consum\/media\/product\/img\/300x300\/7441231.jpg?t=20250227095323"
    },
    {
        "id": 34537,
        "name": "Bandas Depilatorias Pieles Sensibles Coporal VEET",
        "price": 3.8,
        "price_kilo": 0.24,
        "slug": "bandas-depilatorias-pieles-sensibles-coporal",
        "description": "Bandas Depilatorias Pieles Sensibles Coporal 16 U",
        "image": "https:\/\/cdn-consum.aktiosdigitalservices.com\/tol\/consum\/media\/product\/img\/300x300\/7441272.jpg?t=20250313081310"
    },
    {
        "id": 34538,
        "name": "Bandas Depilatorias Faciales Piel Sensible VEET",
        "price": 3.4,
        "price_kilo": 0.21,
        "slug": "bandas-depilatorias-faciales-piel-sensible",
        "description": "Bandas Depilatorias Faciales Piel Sensible 16 U",
        "image": "https:\/\/cdn-consum.aktiosdigitalservices.com\/tol\/consum\/media\/product\/img\/300x300\/7441306.jpg?t=20250313081312"
    },
    {
        "id": 34540,
        "name": "Natillas Vainilla+Prote\u00edna DANONE",
        "price": 1.99,
        "price_kilo": 4.15,
        "slug": "natillas-vainillaproteina",
        "description": "Natillas Vainilla+Prote\u00edna 4 x 120 Gr",
        "image": "https:\/\/cdn-consum.aktiosdigitalservices.com\/tol\/consum\/media\/product\/img\/300x300\/7441715.jpg?t=20250227095327"
    },
    {
        "id": 34541,
        "name": "Natillas + Prote\u00edna Sabor Chocolate DANONE",
        "price": 1.99,
        "price_kilo": 4.15,
        "slug": "natillas-proteina-sabor-chocolate",
        "description": "Natillas + Prote\u00edna Sabor Chocolate 4 x 120 Gr",
        "image": "https:\/\/cdn-consum.aktiosdigitalservices.com\/tol\/consum\/media\/product\/img\/300x300\/7441723.jpg?t=20250227095329"
    },
    {
        "id": 34542,
        "name": "Postre Soja Ar\u00e1ndanos y Frutos Rojos ALPRO",
        "price": 2.79,
        "price_kilo": 5.58,
        "slug": "postre-soja-arandanos-y-frutos-rojos",
        "description": "Postre Soja Ar\u00e1ndanos y Frutos Rojos 4 x 125 Gr",
        "image": "https:\/\/cdn-consum.aktiosdigitalservices.com\/tol\/consum\/media\/product\/img\/300x300\/7441728.jpg?t=20250213080640"
    },
    {
        "id": 34543,
        "name": "Salchicha en Lonchas Estilo Frankfurt CAMPOFR\u00cdO",
        "price": 1,
        "price_kilo": 8.33,
        "slug": "salchicha-en-lonchas-estilo-frankfurt",
        "description": "Salchicha en Lonchas Estilo Frankfurt 120 Gr",
        "image": "https:\/\/cdn-consum.aktiosdigitalservices.com\/tol\/consum\/media\/product\/img\/300x300\/7441769.jpg?t=20241217081352"
    },
    {
        "id": 34546,
        "name": "Crispy Chicken Americana FRIPOZO",
        "price": 2.99,
        "price_kilo": 13,
        "slug": "crispy-chicken-americana",
        "description": "Crispy Chicken Americana 230 Gr",
        "image": "https:\/\/cdn-consum.aktiosdigitalservices.com\/tol\/consum\/media\/product\/img\/300x300\/7442101.jpg?t=20250227095341"
    },
    {
        "id": 34547,
        "name": "Risotto DUNANY",
        "price": 2.99,
        "price_kilo": 10.68,
        "slug": "risotto",
        "description": "Risotto 280 Gr",
        "image": "https:\/\/cdn-consum.aktiosdigitalservices.com\/tol\/consum\/media\/product\/img\/300x300\/7442106.jpg?t=20241217081353"
    },
    {
        "id": 34553,
        "name": "Arroz con Pollo Tikka Masala SALTO",
        "price": 3.39,
        "price_kilo": 8.48,
        "slug": "arroz-con-pollo-tikka-masala",
        "description": "Arroz con Pollo Tikka Masala 400 Gr",
        "image": "https:\/\/cdn-consum.aktiosdigitalservices.com\/tol\/consum\/media\/product\/img\/300x300\/7442283.jpg?t=20250227095344"
    },
    {
        "id": 34554,
        "name": "Vela de Aniversario Roja, N\u00famero 8 ROURA",
        "price": 0.75,
        "price_kilo": 0.75,
        "slug": "vela-de-aniversario-roja-numero-8",
        "description": "Vela de Aniversario Roja, N\u00famero 8 1 U",
        "image": "https:\/\/cdn-consum.aktiosdigitalservices.com\/tol\/consum\/media\/product\/img\/300x300\/7442382.jpg?t=20241217081353"
    },
    {
        "id": 34556,
        "name": "Vino Tinto en Tinaja Regi\u00f3n Valencia VERMELL",
        "price": 8.99,
        "price_kilo": 11.99,
        "slug": "vino-tinto-en-tinaja-region-valencia",
        "description": "Vino Tinto en Tinaja Regi\u00f3n Valencia 0,75 L",
        "image": "https:\/\/cdn-consum.aktiosdigitalservices.com\/tol\/consum\/media\/product\/img\/300x300\/7443000.jpg?t=20250312092901"
    },
    {
        "id": 34557,
        "name": "Limpiador Gel WC Desincrustante CONSUM",
        "price": 1.65,
        "price_kilo": 1.65,
        "slug": "limpiador-gel-wc-desincrustante",
        "description": "Limpiador Gel WC Desincrustante 1 L",
        "image": "https:\/\/cdn-consum.aktiosdigitalservices.com\/tol\/consum\/media\/product\/img\/300x300\/7427909.jpg?t=20250312092838"
    },
    {
        "id": 34558,
        "name": "Almendra Repelada Tostada Sin Sal CONSUM",
        "price": 3.25,
        "price_kilo": 16.25,
        "slug": "almendra-repelada-tostada-sin-sal",
        "description": "Almendra Repelada Tostada Sin Sal 200 Gr",
        "image": "https:\/\/cdn-consum.aktiosdigitalservices.com\/tol\/consum\/media\/product\/img\/300x300\/7435241.jpg?t=20241217081340"
    },
    {
        "id": 34560,
        "name": "Salsa Brava HELLMANN'S",
        "price": 2.25,
        "price_kilo": 9,
        "slug": "salsa-brava",
        "description": "Salsa Brava 250 ml",
        "image": "https:\/\/cdn-consum.aktiosdigitalservices.com\/tol\/consum\/media\/product\/img\/300x300\/7439875.jpg?t=20250220081116"
    },
    {
        "id": 34562,
        "name": "Dent\u00edfrico Antimanchas SENSODYNE",
        "price": 4.95,
        "price_kilo": 6.6,
        "slug": "dentifrico-antimanchas",
        "description": "Dent\u00edfrico Antimanchas 75 ml",
        "image": "https:\/\/cdn-consum.aktiosdigitalservices.com\/tol\/consum\/media\/product\/img\/300x300\/7440266.jpg?t=20250227095301"
    },
    {
        "id": 34565,
        "name": "Bebida Energ\u00e9tica Mango Lata PARKOUR",
        "price": 0.79,
        "price_kilo": 1.58,
        "slug": "bebida-energetica-mango-lata",
        "description": "Bebida Energ\u00e9tica Mango Lata 0,5 L",
        "image": "https:\/\/cdn-consum.aktiosdigitalservices.com\/tol\/consum\/media\/product\/img\/300x300\/7440592.jpg?t=20250311135024"
    },
    {
        "id": 34566,
        "name": "Gel de Ducha Urea SANEX",
        "price": 3.65,
        "price_kilo": 6.08,
        "slug": "gel-de-ducha-urea",
        "description": "Gel de Ducha Urea 600 ml",
        "image": "https:\/\/cdn-consum.aktiosdigitalservices.com\/tol\/consum\/media\/product\/img\/300x300\/7440688.jpg?t=20250227095314"
    },
    {
        "id": 34568,
        "name": "Dent\u00edfrico Antiplaca Fresh Total COLGATE",
        "price": 2.89,
        "price_kilo": 3.85,
        "slug": "dentifrico-antiplaca-fresh-total",
        "description": "Dent\u00edfrico Antiplaca Fresh Total 75 ml",
        "image": "https:\/\/cdn-consum.aktiosdigitalservices.com\/tol\/consum\/media\/product\/img\/300x300\/7441280.jpg?t=20250227095325"
    },
    {
        "id": 34573,
        "name": "Fluido BHA+Niacinamida SPF50 Antiimperfeccione GARNIER",
        "price": 12.99,
        "price_kilo": 32.48,
        "slug": "fluido-bhaniacinamida-spf50-antiimperfeccione",
        "description": "Fluido BHA+Niacinamida SPF50 Antiimperfeccione 40 ml",
        "image": "https:\/\/cdn-consum.aktiosdigitalservices.com\/tol\/consum\/media\/product\/img\/300x300\/7441798.jpg?t=20250312092858"
    },
    {
        "id": 34574,
        "name": "Desmaquillante Ojos y Labios Waterproof L'OREAL",
        "price": 5.99,
        "price_kilo": 4.79,
        "slug": "desmaquillante-ojos-y-labios-waterproof",
        "description": "Desmaquillante Ojos y Labios Waterproof 125 ml",
        "image": "https:\/\/cdn-consum.aktiosdigitalservices.com\/tol\/consum\/media\/product\/img\/300x300\/7441806.jpg?t=20241217081352"
    },
    {
        "id": 34575,
        "name": "Corny 30% Prote\u00edna Vainilla y Choco Blanco CORNY",
        "price": 2.25,
        "price_kilo": 5,
        "slug": "corny-30-proteina-vainilla-y-choco-blanco",
        "description": "Corny 30% Prote\u00edna Vainilla y Choco Blanco 45 Gr",
        "image": "https:\/\/cdn-consum.aktiosdigitalservices.com\/tol\/consum\/media\/product\/img\/300x300\/7442085.jpg?t=20250311135055"
    },
    {
        "id": 34576,
        "name": "Codillo de Jam\u00f3n Precortado BOADAS",
        "price": 1.38,
        "price_kilo": 2.75,
        "slug": "codillo-de-jamon-precortado",
        "description": "Codillo de Jam\u00f3n Precortado",
        "image": "https:\/\/cdn-consum.aktiosdigitalservices.com\/tol\/consum\/media\/product\/img\/300x300\/7442150.jpg?t=20250322080106"
    },
    {
        "id": 34577,
        "name": "Hueso de Jam\u00f3n BOADAS",
        "price": 1.2,
        "price_kilo": 4,
        "slug": "hueso-de-jamon",
        "description": "Hueso de Jam\u00f3n",
        "image": "https:\/\/cdn-consum.aktiosdigitalservices.com\/tol\/consum\/media\/product\/img\/300x300\/7442192.jpg?t=20250321080018"
    },
    {
        "id": 34578,
        "name": "Taco de Jam\u00f3n Curado BOADAS",
        "price": 5.13,
        "price_kilo": 17.09,
        "slug": "taco-de-jamon-curado",
        "description": "Taco de Jam\u00f3n Curado",
        "image": "https:\/\/cdn-consum.aktiosdigitalservices.com\/tol\/consum\/media\/product\/img\/300x300\/7442213.jpg?t=20250311125545"
    },
    {
        "id": 34579,
        "name": "Labial Limitless Matte Poster Child REVLON",
        "price": 6.99,
        "price_kilo": 6.99,
        "slug": "labial-limitless-matte-poster-child",
        "description": "Labial Limitless Matte Poster Child 1 U",
        "image": "https:\/\/cdn-consum.aktiosdigitalservices.com\/tol\/consum\/media\/product\/img\/300x300\/7442288.jpg?t=20250312130405"
    },
    {
        "id": 34580,
        "name": "Labial Limitless Matte Upper Hand REVLON",
        "price": 6.99,
        "price_kilo": 6.99,
        "slug": "labial-limitless-matte-upper-hand",
        "description": "Labial Limitless Matte Upper Hand 1 U",
        "image": "https:\/\/cdn-consum.aktiosdigitalservices.com\/tol\/consum\/media\/product\/img\/300x300\/7442291.jpg?t=20250312130408"
    },
    {
        "id": 34581,
        "name": "Labial Limitless Matte Manifest REVLON",
        "price": 6.99,
        "price_kilo": 6.99,
        "slug": "labial-limitless-matte-manifest",
        "description": "Labial Limitless Matte Manifest 1 U",
        "image": "https:\/\/cdn-consum.aktiosdigitalservices.com\/tol\/consum\/media\/product\/img\/300x300\/7442296.jpg?t=20250312130410"
    },
    {
        "id": 34582,
        "name": "Labial Limitless Matte Icon Era REVLON",
        "price": 6.99,
        "price_kilo": 6.99,
        "slug": "labial-limitless-matte-icon-era",
        "description": "Labial Limitless Matte Icon Era 1 U",
        "image": "https:\/\/cdn-consum.aktiosdigitalservices.com\/tol\/consum\/media\/product\/img\/300x300\/7442304.jpg?t=20250312130413"
    },
    {
        "id": 34583,
        "name": "Labial Limitless Matte Top Talent REVLON",
        "price": 6.99,
        "price_kilo": 6.99,
        "slug": "labial-limitless-matte-top-talent",
        "description": "Labial Limitless Matte Top Talent 1 U",
        "image": "https:\/\/cdn-consum.aktiosdigitalservices.com\/tol\/consum\/media\/product\/img\/300x300\/7442309.jpg?t=20250312130415"
    },
    {
        "id": 34584,
        "name": "Labial Limitless Matte Dream Job REVLON",
        "price": 6.99,
        "price_kilo": 6.99,
        "slug": "labial-limitless-matte-dream-job",
        "description": "Labial Limitless Matte Dream Job 1 U",
        "image": "https:\/\/cdn-consum.aktiosdigitalservices.com\/tol\/consum\/media\/product\/img\/300x300\/7442317.jpg?t=20250312130418"
    },
    {
        "id": 34588,
        "name": "Perfilador Cejas Fanstasy REVLON",
        "price": 10.95,
        "price_kilo": 10.95,
        "slug": "perfilador-cejas-fanstasy",
        "description": "Perfilador Cejas Fanstasy 1 U",
        "image": "https:\/\/cdn-consum.aktiosdigitalservices.com\/tol\/consum\/media\/product\/img\/300x300\/7442564.jpg?t=20250312092901"
    },
    {
        "id": 34589,
        "name": "Perfilador Cejas Dark REVLON",
        "price": 10.95,
        "price_kilo": 10.95,
        "slug": "perfilador-cejas-dark",
        "description": "Perfilador Cejas Dark 1 U",
        "image": "https:\/\/cdn-consum.aktiosdigitalservices.com\/tol\/consum\/media\/product\/img\/300x300\/7442569.jpg?t=20250312092901"
    },
    {
        "id": 34591,
        "name": "Hojaldre de At\u00fan 9% y Huevo 5.3% ",
        "price": 1.25,
        "price_kilo": 9.61,
        "slug": "hojaldre-de-atun-9-y-huevo-53",
        "description": "Hojaldre de At\u00fan 9% y Huevo 5.3% 130 Gr",
        "image": "https:\/\/cdn-consum.aktiosdigitalservices.com\/tol\/consum\/media\/product\/img\/300x300\/7442593.jpg?t=20250318081016"
    },
    {
        "id": 34592,
        "name": "Pi\u00f1a natural a rodajas Peso Variable ",
        "price": 3.54,
        "price_kilo": 6.4,
        "slug": "pina-natural-a-rodajas-peso-variable",
        "description": "Pi\u00f1a natural a rodajas Peso Variable",
        "image": "https:\/\/cdn-consum.aktiosdigitalservices.com\/tol\/consum\/media\/product\/img\/300x300\/7442668.jpg?t=20250322080109"
    },
    {
        "id": 34593,
        "name": "Pat\u00e9 de At\u00fan TARRADELLAS",
        "price": 1.39,
        "price_kilo": 11.12,
        "slug": "pate-de-atun",
        "description": "Pat\u00e9 de At\u00fan 125 Gr",
        "image": "https:\/\/cdn-consum.aktiosdigitalservices.com\/tol\/consum\/media\/product\/img\/300x300\/7442783.jpg?t=20241217081354"
    },
    {
        "id": 34594,
        "name": "Pat\u00e9 de Salm\u00f3n TARRADELLAS",
        "price": 1.39,
        "price_kilo": 11.12,
        "slug": "pate-de-salmon",
        "description": "Pat\u00e9 de Salm\u00f3n 125 Gr",
        "image": "https:\/\/cdn-consum.aktiosdigitalservices.com\/tol\/consum\/media\/product\/img\/300x300\/7442788.jpg?t=20241217081354"
    },
    {
        "id": 34595,
        "name": "Pat\u00e9 Ib\u00e9rico TARRADELLAS",
        "price": 1.39,
        "price_kilo": 11.12,
        "slug": "pate-iberico",
        "description": "Pat\u00e9 Ib\u00e9rico 125 Gr",
        "image": "https:\/\/cdn-consum.aktiosdigitalservices.com\/tol\/consum\/media\/product\/img\/300x300\/7442791.jpg?t=20250312092901"
    },
    {
        "id": 34596,
        "name": "Salsa Satay TIGER KHAN",
        "price": 3.19,
        "price_kilo": 10.63,
        "slug": "salsa-satay",
        "description": "Salsa Satay 300 ml",
        "image": "https:\/\/cdn-consum.aktiosdigitalservices.com\/tol\/consum\/media\/product\/img\/300x300\/7442796.jpg?t=20250312092901"
    },
    {
        "id": 34600,
        "name": "Chicle Max Sabor Mora y Lim\u00f3n TRIDENT",
        "price": 1.45,
        "price_kilo": 5.37,
        "slug": "chicle-max-sabor-mora-y-limon",
        "description": "Chicle Max Sabor Mora y Lim\u00f3n 27 Gr",
        "image": "https:\/\/cdn-consum.aktiosdigitalservices.com\/tol\/consum\/media\/product\/img\/300x300\/7442981.jpg?t=20250311125548"
    },
    {
        "id": 34601,
        "name": "Champ\u00fa Anticaspa Calmante FRUCTIS",
        "price": 4.55,
        "price_kilo": 1.2,
        "slug": "champu-anticaspa-calmante",
        "description": "Champ\u00fa Anticaspa Calmante 380 ml",
        "image": "https:\/\/cdn-consum.aktiosdigitalservices.com\/tol\/consum\/media\/product\/img\/300x300\/7442986.jpg?t=20250206102113"
    },
    {
        "id": 34602,
        "name": "Spray Rubio Retoca Ra\u00edces MAGIC RETOUC",
        "price": 6.25,
        "price_kilo": 8.33,
        "slug": "spray-rubio-retoca-raices",
        "description": "Spray Rubio Retoca Ra\u00edces 75 ml",
        "image": "https:\/\/cdn-consum.aktiosdigitalservices.com\/tol\/consum\/media\/product\/img\/300x300\/7443005.jpg?t=20250227095359"
    },
    {
        "id": 34603,
        "name": "Spray Negro Retoca Ra\u00edces MAGIC RETOUC",
        "price": 6.25,
        "price_kilo": 8.33,
        "slug": "spray-negro-retoca-raices",
        "description": "Spray Negro Retoca Ra\u00edces 75 ml",
        "image": "https:\/\/cdn-consum.aktiosdigitalservices.com\/tol\/consum\/media\/product\/img\/300x300\/7443013.jpg?t=20250227095401"
    },
    {
        "id": 34604,
        "name": "Spray Casta\u00f1o Oscuro Retoca Ra\u00edces MAGIC RETOUC",
        "price": 6.25,
        "price_kilo": 8.33,
        "slug": "spray-castano-oscuro-retoca-raices",
        "description": "Spray Casta\u00f1o Oscuro Retoca Ra\u00edces 75 ml",
        "image": "https:\/\/cdn-consum.aktiosdigitalservices.com\/tol\/consum\/media\/product\/img\/300x300\/7443018.jpg?t=20250227095402"
    },
    {
        "id": 34605,
        "name": "Spray Rubio Claro Retoca Ra\u00edces MAGIC RETOUC",
        "price": 6.25,
        "price_kilo": 8.33,
        "slug": "spray-rubio-claro-retoca-raices",
        "description": "Spray Rubio Claro Retoca Ra\u00edces 75 ml",
        "image": "https:\/\/cdn-consum.aktiosdigitalservices.com\/tol\/consum\/media\/product\/img\/300x300\/7443021.jpg?t=20250227095404"
    },
    {
        "id": 34606,
        "name": "Spray Casta\u00f1o Caoba Retoca Ra\u00edces MAGIC RETOUC",
        "price": 6.25,
        "price_kilo": 8.33,
        "slug": "spray-castano-caoba-retoca-raices",
        "description": "Spray Casta\u00f1o Caoba Retoca Ra\u00edces 75 ml",
        "image": "https:\/\/cdn-consum.aktiosdigitalservices.com\/tol\/consum\/media\/product\/img\/300x300\/7443026.jpg?t=20250312092901"
    },
    {
        "id": 34607,
        "name": "Spray Casta\u00f1o Retoca Ra\u00edces MAGIC RETOUC",
        "price": 6.25,
        "price_kilo": 8.33,
        "slug": "spray-castano-retoca-raices",
        "description": "Spray Casta\u00f1o Retoca Ra\u00edces 75 ml",
        "image": "https:\/\/cdn-consum.aktiosdigitalservices.com\/tol\/consum\/media\/product\/img\/300x300\/7443034.jpg?t=20250312092901"
    },
    {
        "id": 34608,
        "name": "Colonia Femenina Gold Seduction WOMAN SECRET",
        "price": 16.95,
        "price_kilo": 16.95,
        "slug": "colonia-femenina-gold-seduction",
        "description": "Colonia Femenina Gold Seduction 100 ml",
        "image": "https:\/\/cdn-consum.aktiosdigitalservices.com\/tol\/consum\/media\/product\/img\/300x300\/7443039.jpg?t=20241217081355"
    },
    {
        "id": 34609,
        "name": "Brownie Chocolate Fudge 4 Unidades FIBRE ONE",
        "price": 2.39,
        "price_kilo": 24.89,
        "slug": "brownie-chocolate-fudge-4-unidades",
        "description": "Brownie Chocolate Fudge 4 Unidades 96 Gr",
        "image": "https:\/\/cdn-consum.aktiosdigitalservices.com\/tol\/consum\/media\/product\/img\/300x300\/7443042.jpg?t=20250311135057"
    },
    {
        "id": 34610,
        "name": "Caf\u00e9 Molido Cr\u00e8me Express Descafeinado MARCILLA",
        "price": 4.95,
        "price_kilo": 24.75,
        "slug": "cafe-molido-creme-express-descafeinado",
        "description": "Caf\u00e9 Molido Cr\u00e8me Express Descafeinado 200 Gr",
        "image": "https:\/\/cdn-consum.aktiosdigitalservices.com\/tol\/consum\/media\/product\/img\/300x300\/7443083.jpg?t=20250312161545"
    },
    {
        "id": 34612,
        "name": "Licor de Crema Coco y Tequila 38",
        "price": 7.49,
        "price_kilo": 10.7,
        "slug": "licor-de-crema-coco-y-tequila",
        "description": "Licor de Crema Coco y Tequila 0,7 L",
        "image": "https:\/\/cdn-consum.aktiosdigitalservices.com\/tol\/consum\/media\/product\/img\/300x300\/7443112.jpg?t=20250206102155"
    },
    {
        "id": 34613,
        "name": "Palitos de Pan Crujiente Sabor Romero VELARTE",
        "price": 1.41,
        "price_kilo": 7.83,
        "slug": "palitos-de-pan-crujiente-sabor-romero",
        "description": "Palitos de Pan Crujiente Sabor Romero 180 Gr",
        "image": "https:\/\/cdn-consum.aktiosdigitalservices.com\/tol\/consum\/media\/product\/img\/300x300\/7443161.jpg?t=20250311113446"
    },
    {
        "id": 34615,
        "name": "Palitos De Zanahoria Tarrina FLORETTE",
        "price": 2.09,
        "price_kilo": 12.67,
        "slug": "palitos-de-zanahoria-tarrina",
        "description": "Palitos De Zanahoria Tarrina 165 Gr",
        "image": "https:\/\/cdn-consum.aktiosdigitalservices.com\/tol\/consum\/media\/product\/img\/300x300\/7443570.jpg?t=20250127075955"
    },
    {
        "id": 34620,
        "name": "Gel de Ba\u00f1o Burbujas KYREY",
        "price": 1.5,
        "price_kilo": 2,
        "slug": "gel-de-bano-burbujas",
        "description": "Gel de Ba\u00f1o Burbujas 750 ml",
        "image": "https:\/\/cdn-consum.aktiosdigitalservices.com\/tol\/consum\/media\/product\/img\/300x300\/7433373.jpg?t=20250312092842"
    },
    {
        "id": 34621,
        "name": "Gel de Ba\u00f1o Coco Vainilla KYREY",
        "price": 1.55,
        "price_kilo": 2.07,
        "slug": "gel-de-bano-coco-vainilla",
        "description": "Gel de Ba\u00f1o Coco Vainilla 750 ml",
        "image": "https:\/\/cdn-consum.aktiosdigitalservices.com\/tol\/consum\/media\/product\/img\/300x300\/7433378.jpg?t=20250312092842"
    },
    {
        "id": 34622,
        "name": "Salpic\u00f3n Marisco ",
        "price": 4.95,
        "price_kilo": 12.38,
        "slug": "salpicon-marisco",
        "description": "Salpic\u00f3n Marisco 400 Gr",
        "image": "https:\/\/cdn-consum.aktiosdigitalservices.com\/tol\/consum\/media\/product\/img\/300x300\/7435555.jpg?t=20250315075936"
    },
    {
        "id": 34623,
        "name": "Detergente en Polvo DIXAN",
        "price": 11.15,
        "price_kilo": 0.29,
        "slug": "detergente-en-polvo",
        "description": "Detergente en Polvo 39 Lv",
        "image": "https:\/\/cdn-consum.aktiosdigitalservices.com\/tol\/consum\/media\/product\/img\/300x300\/7438252.jpg?t=20250206101536"
    },
    {
        "id": 34625,
        "name": "Lifter Gloss Plump n\u00ba2 Rellenador de labios MAYBELLINE",
        "price": 8.45,
        "price_kilo": 8.45,
        "slug": "lifter-gloss-plump-n2-rellenador-de-labios",
        "description": "Lifter Gloss Plump n\u00ba2 Rellenador de labios 1 U",
        "image": "https:\/\/cdn-consum.aktiosdigitalservices.com\/tol\/consum\/media\/product\/img\/300x300\/7439607.jpg?t=20241217081349"
    },
    {
        "id": 34626,
        "name": "Lifter Gloss Plump n\u00ba3 Rellenador de labios MAYBELLINE",
        "price": 8.45,
        "price_kilo": 8.45,
        "slug": "lifter-gloss-plump-n3-rellenador-de-labios",
        "description": "Lifter Gloss Plump n\u00ba3 Rellenador de labios 1 U",
        "image": "https:\/\/cdn-consum.aktiosdigitalservices.com\/tol\/consum\/media\/product\/img\/300x300\/7439610.jpg?t=20250312092856"
    },
    {
        "id": 34627,
        "name": "Lifter Gloss Plump n\u00ba4 Rellenador de labios MAYBELLINE",
        "price": 8.45,
        "price_kilo": 8.45,
        "slug": "lifter-gloss-plump-n4-rellenador-de-labios",
        "description": "Lifter Gloss Plump n\u00ba4 Rellenador de labios 1 U",
        "image": "https:\/\/cdn-consum.aktiosdigitalservices.com\/tol\/consum\/media\/product\/img\/300x300\/7439615.jpg?t=20250312092856"
    },
    {
        "id": 34628,
        "name": "Lifter Gloss Plump n\u00ba5 Rellenador de labios MAYBELLINE",
        "price": 8.45,
        "price_kilo": 8.45,
        "slug": "lifter-gloss-plump-n5-rellenador-de-labios",
        "description": "Lifter Gloss Plump n\u00ba5 Rellenador de labios 1 U",
        "image": "https:\/\/cdn-consum.aktiosdigitalservices.com\/tol\/consum\/media\/product\/img\/300x300\/7439623.jpg?t=20250312092856"
    },
    {
        "id": 34629,
        "name": "Lifter Gloss Plump n\u00ba6 Rellenador de labios MAYBELLINE",
        "price": 8.45,
        "price_kilo": 8.45,
        "slug": "lifter-gloss-plump-n6-rellenador-de-labios",
        "description": "Lifter Gloss Plump n\u00ba6 Rellenador de labios 1 U",
        "image": "https:\/\/cdn-consum.aktiosdigitalservices.com\/tol\/consum\/media\/product\/img\/300x300\/7439628.jpg?t=20250312092856"
    },
    {
        "id": 34632,
        "name": "Zumo Frutas Tropicales FRUTAE",
        "price": 2.09,
        "price_kilo": 2.79,
        "slug": "zumo-frutas-tropicales",
        "description": "Zumo Frutas Tropicales 750 ml",
        "image": "https:\/\/cdn-consum.aktiosdigitalservices.com\/tol\/consum\/media\/product\/img\/300x300\/7440555.jpg?t=20250318081012"
    },
    {
        "id": 34633,
        "name": "Boom Tijuana Bolsa GREFUSA",
        "price": 1.49,
        "price_kilo": 17.53,
        "slug": "boom-tijuana-bolsa",
        "description": "Boom Tijuana Bolsa 85 Gr",
        "image": "https:\/\/cdn-consum.aktiosdigitalservices.com\/tol\/consum\/media\/product\/img\/300x300\/7440563.jpg?t=20250313081307"
    },
    {
        "id": 34636,
        "name": "Mascarilla GLISS",
        "price": 6.15,
        "price_kilo": 1.54,
        "slug": "mascarilla",
        "description": "Mascarilla 400 ml",
        "image": "https:\/\/cdn-consum.aktiosdigitalservices.com\/tol\/consum\/media\/product\/img\/300x300\/7441793.jpg?t=20250312161541"
    },
    {
        "id": 34650,
        "name": "Queso Gouda Tierno Lonchas ROYAL ORANGE",
        "price": 2.03,
        "price_kilo": 10.15,
        "slug": "queso-gouda-tierno-lonchas",
        "description": "Queso Gouda Tierno Lonchas 200 Gr",
        "image": "https:\/\/cdn-consum.aktiosdigitalservices.com\/tol\/consum\/media\/product\/img\/300x300\/7442002.jpg?t=20250103082800"
    },
    {
        "id": 34651,
        "name": "Vela de Aniversario Roja, N\u00famero 7 ROURA",
        "price": 0.75,
        "price_kilo": 0.75,
        "slug": "vela-de-aniversario-roja-numero-7",
        "description": "Vela de Aniversario Roja, N\u00famero 7 1 U",
        "image": "https:\/\/cdn-consum.aktiosdigitalservices.com\/tol\/consum\/media\/product\/img\/300x300\/7442333.jpg?t=20241217081353"
    },
    {
        "id": 34652,
        "name": "N\u00e9ctar Pl\u00e1tano Botella Pet GRANINI",
        "price": 2.89,
        "price_kilo": 2.89,
        "slug": "nectar-platano-botella-pet",
        "description": "N\u00e9ctar Pl\u00e1tano Botella Pet 1 L",
        "image": "https:\/\/cdn-consum.aktiosdigitalservices.com\/tol\/consum\/media\/product\/img\/300x300\/7442838.jpg?t=20250312161543"
    },
    {
        "id": 34656,
        "name": "Hogaza Sin Gluten SINBLAT",
        "price": 2.97,
        "price_kilo": 9.9,
        "slug": "hogaza-sin-gluten",
        "description": "Hogaza Sin Gluten 300 Gr",
        "image": "https:\/\/cdn-consum.aktiosdigitalservices.com\/tol\/consum\/media\/product\/img\/300x300\/7443067.jpg?t=20250311113443"
    },
    {
        "id": 34661,
        "name": "Colonia Femenina People Like Us PACHA",
        "price": 11.95,
        "price_kilo": 11.95,
        "slug": "colonia-femenina-people-like-us",
        "description": "Colonia Femenina People Like Us 100 ml",
        "image": "https:\/\/cdn-consum.aktiosdigitalservices.com\/tol\/consum\/media\/product\/img\/300x300\/7443125.jpg?t=20241217081355"
    },
    {
        "id": 34662,
        "name": "Hogaza Cl\u00e1sica ",
        "price": 1.23,
        "price_kilo": 3.08,
        "slug": "hogaza-clasica",
        "description": "Hogaza Cl\u00e1sica 400 Gr",
        "image": "https:\/\/cdn-consum.aktiosdigitalservices.com\/tol\/consum\/media\/product\/img\/300x300\/7443138.jpg?t=20250304115214"
    },
    {
        "id": 34663,
        "name": "Jam\u00f3n Cocido Extra Delizias P\u00e9talos NOEL",
        "price": 2.49,
        "price_kilo": 27.67,
        "slug": "jamon-cocido-extra-delizias-petalos",
        "description": "Jam\u00f3n Cocido Extra Delizias P\u00e9talos 90 Gr",
        "image": "https:\/\/cdn-consum.aktiosdigitalservices.com\/tol\/consum\/media\/product\/img\/300x300\/7443203.jpg?t=20250109111616"
    },
    {
        "id": 34666,
        "name": "Donuts Glac\u00e9 2 Unidades DONUTS",
        "price": 1.69,
        "price_kilo": 16.25,
        "slug": "donuts-glace-2-unidades",
        "description": "Donuts Glac\u00e9 2 Unidades 104 Gr",
        "image": "https:\/\/cdn-consum.aktiosdigitalservices.com\/tol\/consum\/media\/product\/img\/300x300\/7443265.jpg?t=20250311113454"
    },
    {
        "id": 34668,
        "name": "Leche con Prote\u00edna Sin Lactosa PASCUAL",
        "price": 1.35,
        "price_kilo": 1.35,
        "slug": "leche-con-proteina-sin-lactosa",
        "description": "Leche con Prote\u00edna Sin Lactosa 1 L",
        "image": "https:\/\/cdn-consum.aktiosdigitalservices.com\/tol\/consum\/media\/product\/img\/300x300\/7443278.jpg?t=20250311113456"
    },
    {
        "id": 34669,
        "name": "Compresa Noche Extra Alas AUSONIA",
        "price": 4.99,
        "price_kilo": 0.28,
        "slug": "compresa-noche-extra-alas",
        "description": "Compresa Noche Extra Alas 18 U",
        "image": "https:\/\/cdn-consum.aktiosdigitalservices.com\/tol\/consum\/media\/product\/img\/300x300\/7443302.jpg?t=20241217081356"
    },
    {
        "id": 34672,
        "name": "Poke de Salm\u00f3n GIMAR",
        "price": 5.99,
        "price_kilo": 59.9,
        "slug": "poke-de-salmon",
        "description": "Poke de Salm\u00f3n 100 Gr",
        "image": "https:\/\/cdn-consum.aktiosdigitalservices.com\/tol\/consum\/media\/product\/img\/300x300\/7443294.jpg?t=20250318081018"
    },
    {
        "id": 34674,
        "name": "Sashimi de Salm\u00f3n GIMAR",
        "price": 7.99,
        "price_kilo": 57.07,
        "slug": "sashimi-de-salmon",
        "description": "Sashimi de Salm\u00f3n 140 Gr",
        "image": "https:\/\/cdn-consum.aktiosdigitalservices.com\/tol\/consum\/media\/product\/img\/300x300\/7443331.jpg?t=20250318081018"
    },
    {
        "id": 34676,
        "name": "Carabinero 200g MARINES",
        "price": 17.9,
        "price_kilo": 89.5,
        "slug": "carabinero-200g",
        "description": "Carabinero 200g 200 Gr",
        "image": "https:\/\/cdn-consum.aktiosdigitalservices.com\/tol\/consum\/media\/product\/img\/300x300\/7432214.jpg?t=20250318080739"
    },
    {
        "id": 34677,
        "name": "Liner Hyper Precise Verde MAYBELLINE",
        "price": 7.99,
        "price_kilo": 7.99,
        "slug": "liner-hyper-precise-verde",
        "description": "Liner Hyper Precise Verde 1 U",
        "image": "https:\/\/cdn-consum.aktiosdigitalservices.com\/tol\/consum\/media\/product\/img\/300x300\/7439532.jpg?t=20250312092856"
    },
    {
        "id": 34678,
        "name": "Lifter Gloss Plump n\u00ba8 Rellenador de labios MAYBELLINE",
        "price": 8.45,
        "price_kilo": 8.45,
        "slug": "lifter-gloss-plump-n8-rellenador-de-labios",
        "description": "Lifter Gloss Plump n\u00ba8 Rellenador de labios 1 U",
        "image": "https:\/\/cdn-consum.aktiosdigitalservices.com\/tol\/consum\/media\/product\/img\/300x300\/7439631.jpg?t=20250312092856"
    },
    {
        "id": 34679,
        "name": "Liner Hyper Precise Azul MAYBELLINE",
        "price": 7.99,
        "price_kilo": 7.99,
        "slug": "liner-hyper-precise-azul",
        "description": "Liner Hyper Precise Azul 1 U",
        "image": "https:\/\/cdn-consum.aktiosdigitalservices.com\/tol\/consum\/media\/product\/img\/300x300\/7439904.jpg?t=20250312092857"
    },
    {
        "id": 34680,
        "name": "Liner Hyper Precise Marr\u00f3n MAYBELLINE",
        "price": 7.99,
        "price_kilo": 7.99,
        "slug": "liner-hyper-precise-marron",
        "description": "Liner Hyper Precise Marr\u00f3n 1 U",
        "image": "https:\/\/cdn-consum.aktiosdigitalservices.com\/tol\/consum\/media\/product\/img\/300x300\/7439912.jpg?t=20250312092857"
    },
    {
        "id": 34681,
        "name": "Sun Kisser Blush Colorete Bronceador n\u00ba3 MAYBELLINE",
        "price": 7.99,
        "price_kilo": 7.99,
        "slug": "sun-kisser-blush-colorete-bronceador-n3",
        "description": "Sun Kisser Blush Colorete Bronceador n\u00ba3 1 U",
        "image": "https:\/\/cdn-consum.aktiosdigitalservices.com\/tol\/consum\/media\/product\/img\/300x300\/7439938.jpg?t=20250312092857"
    },
    {
        "id": 34682,
        "name": "Sun Kisser Blush Colorete Bronceador n\u00ba6 MAYBELLINE",
        "price": 7.99,
        "price_kilo": 7.99,
        "slug": "sun-kisser-blush-colorete-bronceador-n6",
        "description": "Sun Kisser Blush Colorete Bronceador n\u00ba6 1 U",
        "image": "https:\/\/cdn-consum.aktiosdigitalservices.com\/tol\/consum\/media\/product\/img\/300x300\/7439941.jpg?t=20241217081350"
    },
    {
        "id": 34683,
        "name": "Bebida Isot\u00f3nica Ice Pop Pet PRIME",
        "price": 2.49,
        "price_kilo": 4.98,
        "slug": "bebida-isotonica-ice-pop-pet",
        "description": "Bebida Isot\u00f3nica Ice Pop Pet 0,5 L",
        "image": "https:\/\/cdn-consum.aktiosdigitalservices.com\/tol\/consum\/media\/product\/img\/300x300\/7439958.jpg?t=20250312130357"
    },
    {
        "id": 34684,
        "name": "Bebida Isot\u00f3nica Frambuesa Pet PRIME",
        "price": 2.49,
        "price_kilo": 4.98,
        "slug": "bebida-isotonica-frambuesa-pet",
        "description": "Bebida Isot\u00f3nica Frambuesa Pet 0,5 L",
        "image": "https:\/\/cdn-consum.aktiosdigitalservices.com\/tol\/consum\/media\/product\/img\/300x300\/7439961.jpg?t=20250311135012"
    },
    {
        "id": 34685,
        "name": "Sun Kisser Blush Colorete Bronceador n\u00ba8 MAYBELLINE",
        "price": 7.99,
        "price_kilo": 7.99,
        "slug": "sun-kisser-blush-colorete-bronceador-n8",
        "description": "Sun Kisser Blush Colorete Bronceador n\u00ba8 1 U",
        "image": "https:\/\/cdn-consum.aktiosdigitalservices.com\/tol\/consum\/media\/product\/img\/300x300\/7439987.jpg?t=20250312092857"
    },
    {
        "id": 34686,
        "name": "Mascarilla para Pies Exfoliante IDC INSTITUT",
        "price": 1.99,
        "price_kilo": 1.99,
        "slug": "mascarilla-para-pies-exfoliante",
        "description": "Mascarilla para Pies Exfoliante 1 U",
        "image": "https:\/\/cdn-consum.aktiosdigitalservices.com\/tol\/consum\/media\/product\/img\/300x300\/7440493.jpg?t=20241217081350"
    },
    {
        "id": 34687,
        "name": "Altervizo Altervego LA SELVA",
        "price": 2.55,
        "price_kilo": 31.88,
        "slug": "altervizo-altervego",
        "description": "Altervizo Altervego 80 Gr",
        "image": "https:\/\/cdn-consum.aktiosdigitalservices.com\/tol\/consum\/media\/product\/img\/300x300\/7441178.jpg?t=20250227095319"
    },
    {
        "id": 34689,
        "name": "Crema Iluminadora Vit C Contorno de Ojos GARNIER",
        "price": 9.99,
        "price_kilo": 66.6,
        "slug": "crema-iluminadora-vit-c-contorno-de-ojos",
        "description": "Crema Iluminadora Vit C Contorno de Ojos 15 ml",
        "image": "https:\/\/cdn-consum.aktiosdigitalservices.com\/tol\/consum\/media\/product\/img\/300x300\/7441777.jpg?t=20250206101911"
    },
    {
        "id": 34690,
        "name": "Gel De Cafe\u00edna Con Frutos Rojos VITALDIN",
        "price": 3,
        "price_kilo": 1,
        "slug": "gel-de-cafeina-con-frutos-rojos",
        "description": "Gel De Cafe\u00edna Con Frutos Rojos 3 U",
        "image": "https:\/\/cdn-consum.aktiosdigitalservices.com\/tol\/consum\/media\/product\/img\/300x300\/7442023.jpg?t=20250311135032"
    },
    {
        "id": 34691,
        "name": "Gel de Fresa Y Pl\u00e1tano VITALDIN",
        "price": 3,
        "price_kilo": 1,
        "slug": "gel-de-fresa-y-platano",
        "description": "Gel de Fresa Y Pl\u00e1tano 3 U",
        "image": "https:\/\/cdn-consum.aktiosdigitalservices.com\/tol\/consum\/media\/product\/img\/300x300\/7442028.jpg?t=20250311135034"
    },
    {
        "id": 34692,
        "name": "Protein Wafer Chocolate VITALDIN",
        "price": 4.5,
        "price_kilo": 1.5,
        "slug": "protein-wafer-chocolate",
        "description": "Protein Wafer Chocolate 3 U",
        "image": "https:\/\/cdn-consum.aktiosdigitalservices.com\/tol\/consum\/media\/product\/img\/300x300\/7442036.jpg?t=20250318081014"
    },
    {
        "id": 34693,
        "name": "Barrita de Prote\u00edna Caramelo Salado GUTSY CAPTAI",
        "price": 1.99,
        "price_kilo": 39.8,
        "slug": "barrita-de-proteina-caramelo-salado",
        "description": "Barrita de Prote\u00edna Caramelo Salado 50 Gr",
        "image": "https:\/\/cdn-consum.aktiosdigitalservices.com\/tol\/consum\/media\/product\/img\/300x300\/7442049.jpg?t=20250311135039"
    },
    {
        "id": 34694,
        "name": "Barrita De Prote\u00edna Cacahuete y Chocolate GUTSY CAPTAI",
        "price": 1.99,
        "price_kilo": 39.8,
        "slug": "barrita-de-proteina-cacahuete-y-chocolate",
        "description": "Barrita De Prote\u00edna Cacahuete y Chocolate 50 Gr",
        "image": "https:\/\/cdn-consum.aktiosdigitalservices.com\/tol\/consum\/media\/product\/img\/300x300\/7442051.jpg?t=20250311135041"
    },
    {
        "id": 34695,
        "name": "Barrita De Prote\u00edna Caramelo y Chocolate GUTSY CAPTAI",
        "price": 1.99,
        "price_kilo": 39.8,
        "slug": "barrita-de-proteina-caramelo-y-chocolate",
        "description": "Barrita De Prote\u00edna Caramelo y Chocolate 50 Gr",
        "image": "https:\/\/cdn-consum.aktiosdigitalservices.com\/tol\/consum\/media\/product\/img\/300x300\/7442056.jpg?t=20250311135044"
    },
    {
        "id": 34696,
        "name": "Infusi\u00f3n Burn H20 Pi\u00f1a PROZIS",
        "price": 4.99,
        "price_kilo": 0.62,
        "slug": "infusion-burn-h20-pina",
        "description": "Infusi\u00f3n Burn H20 Pi\u00f1a 8 U",
        "image": "https:\/\/cdn-consum.aktiosdigitalservices.com\/tol\/consum\/media\/product\/img\/300x300\/7442064.jpg?t=20250311135046"
    },
    {
        "id": 34697,
        "name": "Infusi\u00f3n Energy H20 Tropical PROZIS",
        "price": 4.99,
        "price_kilo": 0.62,
        "slug": "infusion-energy-h20-tropical",
        "description": "Infusi\u00f3n Energy H20 Tropical 8 U",
        "image": "https:\/\/cdn-consum.aktiosdigitalservices.com\/tol\/consum\/media\/product\/img\/300x300\/7442069.jpg?t=20250311135048"
    },
    {
        "id": 34698,
        "name": "Barrita Protei. Cacahuete Chocolate Blanco Billion PROZIS",
        "price": 1.79,
        "price_kilo": 27.54,
        "slug": "barrita-protei-cacahuete-chocolate-blanco-billion",
        "description": "Barrita Protei. Cacahuete Chocolate Blanco Billion 65 Gr",
        "image": "https:\/\/cdn-consum.aktiosdigitalservices.com\/tol\/consum\/media\/product\/img\/300x300\/7442072.jpg?t=20250313081314"
    },
    {
        "id": 34699,
        "name": "Barrita De Prote\u00edna Avena y Chocolate PROZIS",
        "price": 1.69,
        "price_kilo": 21.13,
        "slug": "barrita-de-proteina-avena-y-chocolate",
        "description": "Barrita De Prote\u00edna Avena y Chocolate 80 Gr",
        "image": "https:\/\/cdn-consum.aktiosdigitalservices.com\/tol\/consum\/media\/product\/img\/300x300\/7442077.jpg?t=20250313081316"
    },
    {
        "id": 34701,
        "name": "Vela de Aniversario Roja, N\u00famero 9 ROURA",
        "price": 0.75,
        "price_kilo": 0.75,
        "slug": "vela-de-aniversario-roja-numero-9",
        "description": "Vela de Aniversario Roja, N\u00famero 9 1 U",
        "image": "https:\/\/cdn-consum.aktiosdigitalservices.com\/tol\/consum\/media\/product\/img\/300x300\/7442403.jpg?t=20241217081353"
    },
    {
        "id": 34702,
        "name": "Vela de Aniversario Roja, N\u00famero 0 ROURA",
        "price": 0.75,
        "price_kilo": 0.75,
        "slug": "vela-de-aniversario-roja-numero-0",
        "description": "Vela de Aniversario Roja, N\u00famero 0 1 U",
        "image": "https:\/\/cdn-consum.aktiosdigitalservices.com\/tol\/consum\/media\/product\/img\/300x300\/7442460.jpg?t=20250211080654"
    },
    {
        "id": 34703,
        "name": "Vela de Aniversario Roja, N\u00famero 2 ROURA",
        "price": 0.75,
        "price_kilo": 0.75,
        "slug": "vela-de-aniversario-roja-numero-2",
        "description": "Vela de Aniversario Roja, N\u00famero 2 1 U",
        "image": "https:\/\/cdn-consum.aktiosdigitalservices.com\/tol\/consum\/media\/product\/img\/300x300\/7442478.jpg?t=20241217081353"
    },
    {
        "id": 34704,
        "name": "Alb\u00f3ndigas Veganas con Salsa de Tomate CARLOTA",
        "price": 3.49,
        "price_kilo": 9.97,
        "slug": "albondigas-veganas-con-salsa-de-tomate",
        "description": "Alb\u00f3ndigas Veganas con Salsa de Tomate 350 Gr",
        "image": "https:\/\/cdn-consum.aktiosdigitalservices.com\/tol\/consum\/media\/product\/img\/300x300\/7442515.jpg?t=20250206102011"
    },
    {
        "id": 34705,
        "name": "Pipas Jalisco Bolsa MR PIPON",
        "price": 1.95,
        "price_kilo": 11.47,
        "slug": "pipas-jalisco-bolsa",
        "description": "Pipas Jalisco Bolsa 170 Gr",
        "image": "https:\/\/cdn-consum.aktiosdigitalservices.com\/tol\/consum\/media\/product\/img\/300x300\/7442531.jpg?t=20250218081426"
    },
    {
        "id": 34706,
        "name": "N\u00e9ctar Pi\u00f1a Sin Az\u00facar A\u00f1adido Brick JUVER",
        "price": 2.85,
        "price_kilo": 1.9,
        "slug": "nectar-pina-sin-azucar-anadido-brick",
        "description": "N\u00e9ctar Pi\u00f1a Sin Az\u00facar A\u00f1adido Brick 1,5 L",
        "image": "https:\/\/cdn-consum.aktiosdigitalservices.com\/tol\/consum\/media\/product\/img\/300x300\/7442846.jpg?t=20250311113436"
    },
    {
        "id": 34707,
        "name": "N\u00e9ctar Melocot\u00f3n Sin Az\u00facar A\u00f1adido Brick JUVER",
        "price": 2.85,
        "price_kilo": 1.9,
        "slug": "nectar-melocoton-sin-azucar-anadido-brick",
        "description": "N\u00e9ctar Melocot\u00f3n Sin Az\u00facar A\u00f1adido Brick 1,5 L",
        "image": "https:\/\/cdn-consum.aktiosdigitalservices.com\/tol\/consum\/media\/product\/img\/300x300\/7442861.jpg?t=20250227095356"
    },
    {
        "id": 34708,
        "name": "Tomate Frito Frasco ORLANDO",
        "price": 1.35,
        "price_kilo": 3.97,
        "slug": "tomate-frito-frasco",
        "description": "Tomate Frito Frasco 340 Gr",
        "image": "https:\/\/cdn-consum.aktiosdigitalservices.com\/tol\/consum\/media\/product\/img\/300x300\/7442952.jpg?t=20250206102109"
    },
    {
        "id": 34710,
        "name": "Gominolas sin Az\u00facar Multivitaminas VITALDIN",
        "price": 6.25,
        "price_kilo": 0.17,
        "slug": "gominolas-sin-azucar-multivitaminas",
        "description": "Gominolas sin Az\u00facar Multivitaminas 36 U",
        "image": "https:\/\/cdn-consum.aktiosdigitalservices.com\/tol\/consum\/media\/product\/img\/300x300\/7443141.jpg?t=20250206102159"
    },
    {
        "id": 34711,
        "name": "Gominolas sin Az\u00facar Pelo, Piel y U\u00f1as VITALDIN",
        "price": 6.25,
        "price_kilo": 0.21,
        "slug": "gominolas-sin-azucar-pelo-piel-y-unas",
        "description": "Gominolas sin Az\u00facar Pelo, Piel y U\u00f1as 30 U",
        "image": "https:\/\/cdn-consum.aktiosdigitalservices.com\/tol\/consum\/media\/product\/img\/300x300\/7443146.jpg?t=20250206102203"
    },
    {
        "id": 34714,
        "name": "Barquillos Finas Rellenos Chocolate Leche FONTANEDA",
        "price": 1.8,
        "price_kilo": 19.57,
        "slug": "barquillos-finas-rellenos-chocolate-leche",
        "description": "Barquillos Finas Rellenos Chocolate Leche 92 Gr",
        "image": "https:\/\/cdn-consum.aktiosdigitalservices.com\/tol\/consum\/media\/product\/img\/300x300\/7443232.jpg?t=20250311113448"
    },
    {
        "id": 34715,
        "name": "Barquillos Finas Relleno Chocolate Negro FONTANEDA",
        "price": 1.8,
        "price_kilo": 19.57,
        "slug": "barquillos-finas-relleno-chocolate-negro",
        "description": "Barquillos Finas Relleno Chocolate Negro 92 Gr",
        "image": "https:\/\/cdn-consum.aktiosdigitalservices.com\/tol\/consum\/media\/product\/img\/300x300\/7443237.jpg?t=20250311113451"
    },
    {
        "id": 34716,
        "name": "Gourmet Gorgonzola Dop y Nueces RANA",
        "price": 4.26,
        "price_kilo": 17.04,
        "slug": "gourmet-gorgonzola-dop-y-nueces",
        "description": "Gourmet Gorgonzola Dop y Nueces 250 Gr",
        "image": "https:\/\/cdn-consum.aktiosdigitalservices.com\/tol\/consum\/media\/product\/img\/300x300\/7443344.jpg?t=20250227095414"
    },
    {
        "id": 34717,
        "name": "Galletas de Cacao con Espelta y Avena SMILEAT",
        "price": 4.29,
        "price_kilo": 19.5,
        "slug": "galletas-de-cacao-con-espelta-y-avena",
        "description": "Galletas de Cacao con Espelta y Avena 220 Gr",
        "image": "https:\/\/cdn-consum.aktiosdigitalservices.com\/tol\/consum\/media\/product\/img\/300x300\/7443430.jpg?t=20250311135059"
    },
    {
        "id": 34718,
        "name": "Tarrito de Pollo con Arroz Eco SMILEAT",
        "price": 2.69,
        "price_kilo": 11.7,
        "slug": "tarrito-de-pollo-con-arroz-eco",
        "description": "Tarrito de Pollo con Arroz Eco 230 Gr",
        "image": "https:\/\/cdn-consum.aktiosdigitalservices.com\/tol\/consum\/media\/product\/img\/300x300\/7443435.jpg?t=20250312092903"
    },
    {
        "id": 34719,
        "name": "Tarrito de Pasta Cachitos Pasta y Tomate SMILEAT",
        "price": 2.79,
        "price_kilo": 12.13,
        "slug": "tarrito-de-pasta-cachitos-pasta-y-tomate",
        "description": "Tarrito de Pasta Cachitos Pasta y Tomate 230 Gr",
        "image": "https:\/\/cdn-consum.aktiosdigitalservices.com\/tol\/consum\/media\/product\/img\/300x300\/7443450.jpg?t=20250311113504"
    },
    {
        "id": 34720,
        "name": "Tarrito Cachitos de Arroz Pavo y Verduras SMILEAT",
        "price": 2.79,
        "price_kilo": 12.13,
        "slug": "tarrito-cachitos-de-arroz-pavo-y-verduras",
        "description": "Tarrito Cachitos de Arroz Pavo y Verduras 230 Gr",
        "image": "https:\/\/cdn-consum.aktiosdigitalservices.com\/tol\/consum\/media\/product\/img\/300x300\/7443455.jpg?t=20250311113506"
    },
    {
        "id": 34721,
        "name": "Smilito Snacks con Manzana y Pl\u00e1tano SMILEAT",
        "price": 1.45,
        "price_kilo": 5.8,
        "slug": "smilito-snacks-con-manzana-y-platano",
        "description": "Smilito Snacks con Manzana y Pl\u00e1tano 25 Gr",
        "image": "https:\/\/cdn-consum.aktiosdigitalservices.com\/tol\/consum\/media\/product\/img\/300x300\/7443471.jpg?t=20250311135106"
    },
    {
        "id": 34722,
        "name": "Gominolas Fresa Eco SMILEAT",
        "price": 1.69,
        "price_kilo": 6.76,
        "slug": "gominolas-fresa-eco",
        "description": "Gominolas Fresa Eco 25 Gr",
        "image": "https:\/\/cdn-consum.aktiosdigitalservices.com\/tol\/consum\/media\/product\/img\/300x300\/7443484.jpg?t=20250311135108"
    },
    {
        "id": 34723,
        "name": "Gominolas Pl\u00e1tano ECO SMILEAT",
        "price": 1.69,
        "price_kilo": 6.76,
        "slug": "gominolas-platano-eco",
        "description": "Gominolas Pl\u00e1tano ECO 25 Gr",
        "image": "https:\/\/cdn-consum.aktiosdigitalservices.com\/tol\/consum\/media\/product\/img\/300x300\/7443497.jpg?t=20250311135110"
    },
    {
        "id": 34724,
        "name": "Espuma de Afeitar LEA",
        "price": 1.95,
        "price_kilo": 0.78,
        "slug": "espuma-de-afeitar",
        "description": "Espuma de Afeitar 250 ml",
        "image": "https:\/\/cdn-consum.aktiosdigitalservices.com\/tol\/consum\/media\/product\/img\/300x300\/7443500.jpg?t=20250321080023"
    },
    {
        "id": 34725,
        "name": "Harina de Avena Sabor Chocolate \u00c1REA PROTEIC",
        "price": 3.99,
        "price_kilo": 4.43,
        "slug": "harina-de-avena-sabor-chocolate",
        "description": "Harina de Avena Sabor Chocolate 900 Gr",
        "image": "https:\/\/cdn-consum.aktiosdigitalservices.com\/tol\/consum\/media\/product\/img\/300x300\/7443534.jpg?t=20250311135113"
    },
    {
        "id": 34726,
        "name": "Harina de Avena Sabor Galleta \u00c1REA PROTEIC",
        "price": 3.99,
        "price_kilo": 4.43,
        "slug": "harina-de-avena-sabor-galleta",
        "description": "Harina de Avena Sabor Galleta 900 Gr",
        "image": "https:\/\/cdn-consum.aktiosdigitalservices.com\/tol\/consum\/media\/product\/img\/300x300\/7443539.jpg?t=20250311135115"
    },
    {
        "id": 34728,
        "name": "Desodorante Spray Black Vainilla AXE",
        "price": 3.69,
        "price_kilo": 24.6,
        "slug": "desodorante-spray-black-vainilla",
        "description": "Desodorante Spray Black Vainilla 150 ml",
        "image": "https:\/\/cdn-consum.aktiosdigitalservices.com\/tol\/consum\/media\/product\/img\/300x300\/7443674.jpg?t=20250312161549"
    },
    {
        "id": 34730,
        "name": "Cerveza Rubia Lata CONSENTIDA",
        "price": 0.4,
        "price_kilo": 1.21,
        "slug": "cerveza-rubia-lata",
        "description": "Cerveza Rubia Lata 0,33 L",
        "image": "https:\/\/cdn-consum.aktiosdigitalservices.com\/tol\/consum\/media\/product\/img\/300x300\/7443729.jpg?t=20250109111650"
    },
    {
        "id": 34731,
        "name": "Pincho Pechuga Pollo Teriyaki NATURAVIA",
        "price": 4.49,
        "price_kilo": 12.79,
        "slug": "pincho-pechuga-pollo-teriyaki",
        "description": "Pincho Pechuga Pollo Teriyaki",
        "image": "https:\/\/cdn-consum.aktiosdigitalservices.com\/tol\/consum\/media\/product\/img\/300x300\/7443794.jpg?t=20241217081356"
    },
    {
        "id": 34733,
        "name": "At\u00fan Claro al Natural + PRO CALVO",
        "price": 2.99,
        "price_kilo": 17.79,
        "slug": "atun-claro-al-natural-pro",
        "description": "At\u00fan Claro al Natural + PRO 3 x 56 Gr",
        "image": "https:\/\/cdn-consum.aktiosdigitalservices.com\/tol\/consum\/media\/product\/img\/300x300\/7443877.jpg?t=20250313081324"
    },
    {
        "id": 34734,
        "name": "Desinfectante Textil Essence SANICENTRO",
        "price": 4.39,
        "price_kilo": 2.93,
        "slug": "desinfectante-textil-essence",
        "description": "Desinfectante Textil Essence 1,5 L",
        "image": "https:\/\/cdn-consum.aktiosdigitalservices.com\/tol\/consum\/media\/product\/img\/300x300\/7443880.jpg?t=20250206102307"
    },
    {
        "id": 34735,
        "name": "Champ\u00fa en Seco NELLY",
        "price": 1.99,
        "price_kilo": 9.95,
        "slug": "champu-en-seco",
        "description": "Champ\u00fa en Seco 200 ml",
        "image": "https:\/\/cdn-consum.aktiosdigitalservices.com\/tol\/consum\/media\/product\/img\/300x300\/7443893.jpg?t=20241217081356"
    },
    {
        "id": 34736,
        "name": "Higi\u00e9nico H\u00famedo Extra Higiene BREVIA",
        "price": 1.99,
        "price_kilo": 0.02,
        "slug": "higienico-humedo-extra-higiene",
        "description": "Higi\u00e9nico H\u00famedo Extra Higiene 100 U",
        "image": "https:\/\/cdn-consum.aktiosdigitalservices.com\/tol\/consum\/media\/product\/img\/300x300\/7443919.jpg?t=20250215080015"
    },
    {
        "id": 34738,
        "name": "Artesanitos con Aceite de Oliva Virgen Extra MENDEZ",
        "price": 1.13,
        "price_kilo": 8.07,
        "slug": "artesanitos-con-aceite-de-oliva-virgen-extra",
        "description": "Artesanitos con Aceite de Oliva Virgen Extra 140 Gr",
        "image": "https:\/\/cdn-consum.aktiosdigitalservices.com\/tol\/consum\/media\/product\/img\/300x300\/7444029.jpg?t=20250311113526"
    },
    {
        "id": 34739,
        "name": "Pan Cristal con Aceite de Oliva Virgen Extra MENDEZ",
        "price": 1.22,
        "price_kilo": 10.17,
        "slug": "pan-cristal-con-aceite-de-oliva-virgen-extra",
        "description": "Pan Cristal con Aceite de Oliva Virgen Extra 120 Gr",
        "image": "https:\/\/cdn-consum.aktiosdigitalservices.com\/tol\/consum\/media\/product\/img\/300x300\/7444037.jpg?t=20250311113529"
    },
    {
        "id": 34740,
        "name": "Toallitas H\u00famedas Beb\u00e9 SALUSTAR",
        "price": 2.55,
        "price_kilo": 0.03,
        "slug": "toallitas-humedas-bebe",
        "description": "Toallitas H\u00famedas Beb\u00e9 80 U",
        "image": "https:\/\/cdn-consum.aktiosdigitalservices.com\/tol\/consum\/media\/product\/img\/300x300\/7444040.jpg?t=20250320080345"
    },
    {
        "id": 34741,
        "name": "Brownie Vainilla con Pepitas de Chocolate DULCESOL",
        "price": 1,
        "price_kilo": 8,
        "slug": "brownie-vainilla-con-pepitas-de-chocolate",
        "description": "Brownie Vainilla con Pepitas de Chocolate 125 Gr",
        "image": "https:\/\/cdn-consum.aktiosdigitalservices.com\/tol\/consum\/media\/product\/img\/300x300\/7444045.jpg?t=20250311113531"
    },
    {
        "id": 34744,
        "name": "Mini Panecillo 100% Integral 4U. ",
        "price": 0.8,
        "price_kilo": 3.08,
        "slug": "mini-panecillo-100-integral-4u",
        "description": "Mini Panecillo 100% Integral 4U. 260 Gr",
        "image": "https:\/\/cdn-consum.aktiosdigitalservices.com\/tol\/consum\/media\/product\/img\/300x300\/7444099.jpg?t=20250228080756"
    },
    {
        "id": 34751,
        "name": "No es amor Ali Hazel Wood CONTRALUZ",
        "price": 19.5,
        "price_kilo": 19.5,
        "slug": "no-es-amor-ali-hazel-wood",
        "description": "No es amor Ali Hazel Wood 1 U",
        "image": "https:\/\/cdn-consum.aktiosdigitalservices.com\/tol\/consum\/media\/product\/img\/300x300\/7443807.jpg?t=20250312092903"
    },
    {
        "id": 34752,
        "name": "Bolsa Termobac 25 lt INCOPLAS",
        "price": 1.95,
        "price_kilo": 1.95,
        "slug": "bolsa-termobac-25-lt",
        "description": "Bolsa Termobac 25 lt 1 U",
        "image": "https:\/\/cdn-consum.aktiosdigitalservices.com\/tol\/consum\/media\/product\/img\/300x300\/7012073.jpg?t=20250121075936"
    },
    {
        "id": 34812,
        "name": "Bolsa para Vino Recliclada Surtida DIDEX",
        "price": 0.99,
        "price_kilo": 0.99,
        "slug": "bolsa-para-vino-recliclada-surtida",
        "description": "Bolsa para Vino Recliclada Surtida 1 U",
        "image": "https:\/\/cdn-consum.aktiosdigitalservices.com\/tol\/consum\/media\/product\/img\/300x300\/7362551.jpg?t=20241217081208"
    },
    {
        "id": 34813,
        "name": "Bolsa Plegable Compra Reciclada DIDEX",
        "price": 1.75,
        "price_kilo": 1.75,
        "slug": "bolsa-plegable-compra-reciclada",
        "description": "Bolsa Plegable Compra Reciclada 1 U",
        "image": "https:\/\/cdn-consum.aktiosdigitalservices.com\/tol\/consum\/media\/product\/img\/300x300\/7362564.jpg?t=20241217081208"
    },
    {
        "id": 34816,
        "name": "Dispensador de Agua Manual WORLD ENERGY",
        "price": 3.99,
        "price_kilo": 3.99,
        "slug": "dispensador-de-agua-manual",
        "description": "Dispensador de Agua Manual 1 U",
        "image": "https:\/\/cdn-consum.aktiosdigitalservices.com\/tol\/consum\/media\/product\/img\/300x300\/7380074.jpg?t=20241217081220"
    },
    {
        "id": 34817,
        "name": "Dispensador de Agua Autom\u00e1tico Carga USB WORLD ENERGY",
        "price": 9.99,
        "price_kilo": 9.99,
        "slug": "dispensador-de-agua-automatico-carga-usb",
        "description": "Dispensador de Agua Autom\u00e1tico Carga USB 1 U",
        "image": "https:\/\/cdn-consum.aktiosdigitalservices.com\/tol\/consum\/media\/product\/img\/300x300\/7380079.jpg?t=20241217081220"
    },
    {
        "id": 34847,
        "name": "Insecticida El\u00e9ctrico L\u00edqui Aparato+recambio EBOG\u00d3N",
        "price": 3.1,
        "price_kilo": 3.1,
        "slug": "insecticida-electrico-liqui-aparatorecambio",
        "description": "Insecticida El\u00e9ctrico L\u00edqui Aparato+recambio 1 U",
        "image": "https:\/\/cdn-consum.aktiosdigitalservices.com\/tol\/consum\/media\/product\/img\/300x300\/7436343.jpg?t=20241217081344"
    },
    {
        "id": 34851,
        "name": "Gaseosa Hierbabuena Lata LA CASERA",
        "price": 0.52,
        "price_kilo": 1.58,
        "slug": "gaseosa-hierbabuena-lata",
        "description": "Gaseosa Hierbabuena Lata 0,33 L",
        "image": "https:\/\/cdn-consum.aktiosdigitalservices.com\/tol\/consum\/media\/product\/img\/300x300\/7440832.jpg?t=20250312092858"
    },
    {
        "id": 34852,
        "name": "Gaseosa Manzana Lata LA CASERA",
        "price": 0.52,
        "price_kilo": 1.58,
        "slug": "gaseosa-manzana-lata",
        "description": "Gaseosa Manzana Lata 0,33 L",
        "image": "https:\/\/cdn-consum.aktiosdigitalservices.com\/tol\/consum\/media\/product\/img\/300x300\/7440837.jpg?t=20250312092858"
    },
    {
        "id": 34899,
        "name": "Kombucha Dragon Lemonade FLAX & KALE",
        "price": 2.59,
        "price_kilo": 7.85,
        "slug": "kombucha-dragon-lemonade",
        "description": "Kombucha Dragon Lemonade 330 ml",
        "image": "https:\/\/cdn-consum.aktiosdigitalservices.com\/tol\/consum\/media\/product\/img\/300x300\/7441434.jpg?t=20241217081352"
    },
    {
        "id": 34910,
        "name": "Leche Facial Limpiadora L\u00ednea Agua Termal NATTURU PHAR",
        "price": 3.99,
        "price_kilo": 1.6,
        "slug": "leche-facial-limpiadora-linea-agua-termal",
        "description": "Leche Facial Limpiadora L\u00ednea Agua Termal 250 ml",
        "image": "https:\/\/cdn-consum.aktiosdigitalservices.com\/tol\/consum\/media\/product\/img\/300x300\/7442536.jpg?t=20250312092901"
    },
    {
        "id": 34911,
        "name": "Bruma Facial Tonificante L\u00ednea Agua Termal NATTURU PHAR",
        "price": 3.99,
        "price_kilo": 1.6,
        "slug": "bruma-facial-tonificante-linea-agua-termal",
        "description": "Bruma Facial Tonificante L\u00ednea Agua Termal 250 ml",
        "image": "https:\/\/cdn-consum.aktiosdigitalservices.com\/tol\/consum\/media\/product\/img\/300x300\/7442549.jpg?t=20250318081016"
    },
    {
        "id": 34918,
        "name": "Aceite de Oliva Virgen Extra COOSUR",
        "price": 1.99,
        "price_kilo": 7.96,
        "slug": "aceite-de-oliva-virgen-extra",
        "description": "Aceite de Oliva Virgen Extra 250 ml",
        "image": "https:\/\/cdn-consum.aktiosdigitalservices.com\/tol\/consum\/media\/product\/img\/300x300\/7442841.jpg?t=20250312092901"
    },
    {
        "id": 34923,
        "name": "Agua Micelar Facial L\u00ednea Agua Termal NATTURU PHAR",
        "price": 3.99,
        "price_kilo": 2,
        "slug": "agua-micelar-facial-linea-agua-termal",
        "description": "Agua Micelar Facial L\u00ednea Agua Termal 200 ml",
        "image": "https:\/\/cdn-consum.aktiosdigitalservices.com\/tol\/consum\/media\/product\/img\/300x300\/7443047.jpg?t=20250227095410"
    },
    {
        "id": 34924,
        "name": "Espuma Limpiadora Facial.L\u00ednea Agua Termal NATTURU PHAR",
        "price": 4.49,
        "price_kilo": 2.25,
        "slug": "espuma-limpiadora-faciallinea-agua-termal",
        "description": "Espuma Limpiadora Facial.L\u00ednea Agua Termal 200 ml",
        "image": "https:\/\/cdn-consum.aktiosdigitalservices.com\/tol\/consum\/media\/product\/img\/300x300\/7443054.jpg?t=20250318081018"
    },
    {
        "id": 34925,
        "name": "Alitas de Pollo Estilo Americano LA COCINERA",
        "price": 3.99,
        "price_kilo": 9.98,
        "slug": "alitas-de-pollo-estilo-americano",
        "description": "Alitas de Pollo Estilo Americano 400 Gr",
        "image": "https:\/\/cdn-consum.aktiosdigitalservices.com\/tol\/consum\/media\/product\/img\/300x300\/7443401.jpg?t=20250227095416"
    },
    {
        "id": 34926,
        "name": "Boquer\u00f3n del Cant\u00e1brico Aceite de Girasol MSC BRUIMAR",
        "price": 3.99,
        "price_kilo": 39.9,
        "slug": "boqueron-del-cantabrico-aceite-de-girasol-msc",
        "description": "Boquer\u00f3n del Cant\u00e1brico Aceite de Girasol MSC 100 Gr",
        "image": "https:\/\/cdn-consum.aktiosdigitalservices.com\/tol\/consum\/media\/product\/img\/300x300\/7443419.jpg?t=20250312161547"
    },
    {
        "id": 34927,
        "name": "Tarrito Cocidito con Ternera y Jam\u00f3n SMILEAT",
        "price": 2.69,
        "price_kilo": 11.7,
        "slug": "tarrito-cocidito-con-ternera-y-jamon",
        "description": "Tarrito Cocidito con Ternera y Jam\u00f3n 230 Gr",
        "image": "https:\/\/cdn-consum.aktiosdigitalservices.com\/tol\/consum\/media\/product\/img\/300x300\/7443443.jpg?t=20250311135104"
    },
    {
        "id": 34928,
        "name": "Plato de Carne y Verdura Carne, Patata, Guisantes HIPP",
        "price": 3.85,
        "price_kilo": 15.4,
        "slug": "plato-de-carne-y-verdura-carne-patata-guisantes",
        "description": "Plato de Carne y Verdura Carne, Patata, Guisantes 250 Gr",
        "image": "https:\/\/cdn-consum.aktiosdigitalservices.com\/tol\/consum\/media\/product\/img\/300x300\/7443463.jpg?t=20250311113508"
    },
    {
        "id": 34929,
        "name": "Salm\u00f3n Salvaje con Zanahorias y Patatas HIPP",
        "price": 3.85,
        "price_kilo": 15.4,
        "slug": "salmon-salvaje-con-zanahorias-y-patatas",
        "description": "Salm\u00f3n Salvaje con Zanahorias y Patatas 250 Gr",
        "image": "https:\/\/cdn-consum.aktiosdigitalservices.com\/tol\/consum\/media\/product\/img\/300x300\/7443468.jpg?t=20250311113510"
    },
    {
        "id": 34932,
        "name": "Queso Curado Maestr\u00eda G.BAQUERO",
        "price": 17.5,
        "price_kilo": 17.5,
        "slug": "queso-curado-maestria",
        "description": "Queso Curado Maestr\u00eda",
        "image": "https:\/\/cdn-consum.aktiosdigitalservices.com\/tol\/consum\/media\/product\/img\/300x300\/7443661.jpg?t=20250322080109"
    },
    {
        "id": 34933,
        "name": "Lonchas Finas Vegetal HEURA",
        "price": 2.49,
        "price_kilo": 31.92,
        "slug": "lonchas-finas-vegetal",
        "description": "Lonchas Finas Vegetal 78 Gr",
        "image": "https:\/\/cdn-consum.aktiosdigitalservices.com\/tol\/consum\/media\/product\/img\/300x300\/7443778.jpg?t=20241126180518"
    },
    {
        "id": 34934,
        "name": "Morro de Cerdo Cocido y Troceado FERGONVI",
        "price": 3.99,
        "price_kilo": 7.98,
        "slug": "morro-de-cerdo-cocido-y-troceado",
        "description": "Morro de Cerdo Cocido y Troceado 500 Gr",
        "image": "https:\/\/cdn-consum.aktiosdigitalservices.com\/tol\/consum\/media\/product\/img\/300x300\/7443781.jpg?t=20250318080837"
    },
    {
        "id": 34937,
        "name": "Gel Afeitado Refrescante Series GILLETTE",
        "price": 4.29,
        "price_kilo": 2.15,
        "slug": "gel-afeitado-refrescante-series",
        "description": "Gel Afeitado Refrescante Series 200 ml",
        "image": "https:\/\/cdn-consum.aktiosdigitalservices.com\/tol\/consum\/media\/product\/img\/300x300\/7443810.jpg?t=20250318081019"
    },
    {
        "id": 34941,
        "name": "Bombones Surtidos 70% Cacao Bolsa DULCINEA",
        "price": 2.9,
        "price_kilo": 16.11,
        "slug": "bombones-surtidos-70-cacao-bolsa",
        "description": "Bombones Surtidos 70% Cacao Bolsa 180 Gr",
        "image": "https:\/\/cdn-consum.aktiosdigitalservices.com\/tol\/consum\/media\/product\/img\/300x300\/7443901.jpg?t=20250311135118"
    },
    {
        "id": 34942,
        "name": "Gel Fijador de Rizos Apto Para M\u00e9todo Curly SYOSS",
        "price": 3.99,
        "price_kilo": 1.6,
        "slug": "gel-fijador-de-rizos-apto-para-metodo-curly",
        "description": "Gel Fijador de Rizos Apto Para M\u00e9todo Curly 250 ml",
        "image": "https:\/\/cdn-consum.aktiosdigitalservices.com\/tol\/consum\/media\/product\/img\/300x300\/7443930.jpg?t=20250312092903"
    },
    {
        "id": 34943,
        "name": "Yogur Griego Natural DANONE",
        "price": 1.39,
        "price_kilo": 3.16,
        "slug": "yogur-griego-natural",
        "description": "Yogur Griego Natural 4 x 110 Gr",
        "image": "https:\/\/cdn-consum.aktiosdigitalservices.com\/tol\/consum\/media\/product\/img\/300x300\/7443963.jpg?t=20250213080653"
    },
    {
        "id": 34944,
        "name": "Yogur Griego Stracciatell DANONE",
        "price": 1.59,
        "price_kilo": 3.61,
        "slug": "yogur-griego-stracciatell",
        "description": "Yogur Griego Stracciatell 4 x 110 Gr",
        "image": "https:\/\/cdn-consum.aktiosdigitalservices.com\/tol\/consum\/media\/product\/img\/300x300\/7443968.jpg?t=20250213080655"
    },
    {
        "id": 34945,
        "name": "Yogur Griego Fresa DANONE",
        "price": 1.59,
        "price_kilo": 3.61,
        "slug": "yogur-griego-fresa",
        "description": "Yogur Griego Fresa 4 x 110 Gr",
        "image": "https:\/\/cdn-consum.aktiosdigitalservices.com\/tol\/consum\/media\/product\/img\/300x300\/7443971.jpg?t=20250213080657"
    },
    {
        "id": 34946,
        "name": "Mayonesa Tarro CHOVI",
        "price": 2.39,
        "price_kilo": 4.78,
        "slug": "mayonesa-tarro",
        "description": "Mayonesa Tarro 500 ml",
        "image": "https:\/\/cdn-consum.aktiosdigitalservices.com\/tol\/consum\/media\/product\/img\/300x300\/7443992.jpg?t=20250219080649"
    },
    {
        "id": 34947,
        "name": "Jam\u00f3n de Pato MARTIKO",
        "price": 2.95,
        "price_kilo": 7.38,
        "slug": "jamon-de-pato",
        "description": "Jam\u00f3n de Pato 40 Gr",
        "image": "https:\/\/cdn-consum.aktiosdigitalservices.com\/tol\/consum\/media\/product\/img\/300x300\/7444024.jpg?t=20241217081357"
    },
    {
        "id": 34951,
        "name": "Crema D\u00eda Antiarrugas Revitalizante FP15 NIVEA",
        "price": 7.5,
        "price_kilo": 15,
        "slug": "crema-dia-antiarrugas-revitalizante-fp15",
        "description": "Crema D\u00eda Antiarrugas Revitalizante FP15 50 ml",
        "image": "https:\/\/cdn-consum.aktiosdigitalservices.com\/tol\/consum\/media\/product\/img\/300x300\/7444131.jpg?t=20241217081357"
    },
    {
        "id": 34952,
        "name": "Cuarto Trasero Pollo Estilo Chimichurri ALDELIS",
        "price": 4.5,
        "price_kilo": 6.39,
        "slug": "cuarto-trasero-pollo-estilo-chimichurri",
        "description": "Cuarto Trasero Pollo Estilo Chimichurri",
        "image": "https:\/\/cdn-consum.aktiosdigitalservices.com\/tol\/consum\/media\/product\/img\/300x300\/7444136.jpg?t=20241217081357"
    },
    {
        "id": 34961,
        "name": "Labial Mate Gio n\u00ba01 GIO GIOVANNI",
        "price": 1.99,
        "price_kilo": 1.99,
        "slug": "labial-mate-gio-n01",
        "description": "Labial Mate Gio n\u00ba01 1 U",
        "image": "https:\/\/cdn-consum.aktiosdigitalservices.com\/tol\/consum\/media\/product\/img\/300x300\/7444420.jpg?t=20250318081019"
    },
    {
        "id": 34962,
        "name": "Labial Mate Gio n\u00ba02 GIO GIOVANNI",
        "price": 1.99,
        "price_kilo": 1.99,
        "slug": "labial-mate-gio-n02",
        "description": "Labial Mate Gio n\u00ba02 1 U",
        "image": "https:\/\/cdn-consum.aktiosdigitalservices.com\/tol\/consum\/media\/product\/img\/300x300\/7444425.jpg?t=20250318081019"
    },
    {
        "id": 34963,
        "name": "Labial Mate Gio n\u00ba3 GIO GIOVANNI",
        "price": 1.99,
        "price_kilo": 1.99,
        "slug": "labial-mate-gio-n3",
        "description": "Labial Mate Gio n\u00ba3 1 U",
        "image": "https:\/\/cdn-consum.aktiosdigitalservices.com\/tol\/consum\/media\/product\/img\/300x300\/7444433.jpg?t=20241217081357"
    },
    {
        "id": 34964,
        "name": "Labial Mate Gio n\u00ba04 GIO GIOVANNI",
        "price": 1.99,
        "price_kilo": 1.99,
        "slug": "labial-mate-gio-n04",
        "description": "Labial Mate Gio n\u00ba04 1 U",
        "image": "https:\/\/cdn-consum.aktiosdigitalservices.com\/tol\/consum\/media\/product\/img\/300x300\/7444438.jpg?t=20250318081019"
    },
    {
        "id": 34965,
        "name": "Labial Mate Gio n\u00ba05 GIO GIOVANNI",
        "price": 1.99,
        "price_kilo": 1.99,
        "slug": "labial-mate-gio-n05",
        "description": "Labial Mate Gio n\u00ba05 1 U",
        "image": "https:\/\/cdn-consum.aktiosdigitalservices.com\/tol\/consum\/media\/product\/img\/300x300\/7444441.jpg?t=20241217081357"
    },
    {
        "id": 34966,
        "name": "Labial Mate Gio n\u00ba06 GIO GIOVANNI",
        "price": 1.99,
        "price_kilo": 1.99,
        "slug": "labial-mate-gio-n06",
        "description": "Labial Mate Gio n\u00ba06 1 U",
        "image": "https:\/\/cdn-consum.aktiosdigitalservices.com\/tol\/consum\/media\/product\/img\/300x300\/7444446.jpg?t=20250318081019"
    },
    {
        "id": 34968,
        "name": "Aceite Labial Rosa GIO GIOVANNI",
        "price": 1.99,
        "price_kilo": 1.99,
        "slug": "aceite-labial-rosa",
        "description": "Aceite Labial Rosa 1 U",
        "image": "https:\/\/cdn-consum.aktiosdigitalservices.com\/tol\/consum\/media\/product\/img\/300x300\/7444490.jpg?t=20241217081357"
    },
    {
        "id": 34969,
        "name": "Aceite Labial Violeta GIO GIOVANNI",
        "price": 1.99,
        "price_kilo": 1.99,
        "slug": "aceite-labial-violeta",
        "description": "Aceite Labial Violeta 1 U",
        "image": "https:\/\/cdn-consum.aktiosdigitalservices.com\/tol\/consum\/media\/product\/img\/300x300\/7444495.jpg?t=20241217081357"
    },
    {
        "id": 34970,
        "name": "M\u00e1scara Pesta\u00f1as y Cejas Transparente GIO GIOVANNI",
        "price": 1.99,
        "price_kilo": 1.99,
        "slug": "mascara-pestanas-y-cejas-transparente",
        "description": "M\u00e1scara Pesta\u00f1as y Cejas Transparente 1 U",
        "image": "https:\/\/cdn-consum.aktiosdigitalservices.com\/tol\/consum\/media\/product\/img\/300x300\/7444511.jpg?t=20250204082300"
    },
    {
        "id": 34971,
        "name": "Sombra L\u00edquida Clara n\u00ba01 GIO GIOVANNI",
        "price": 1.99,
        "price_kilo": 1.99,
        "slug": "sombra-liquida-clara-n01",
        "description": "Sombra L\u00edquida Clara n\u00ba01 1 U",
        "image": "https:\/\/cdn-consum.aktiosdigitalservices.com\/tol\/consum\/media\/product\/img\/300x300\/7444557.jpg?t=20241217081358"
    },
    {
        "id": 34972,
        "name": "Sombra L\u00edquida Oscura n\u00ba02 GIO GIOVANNI",
        "price": 1.99,
        "price_kilo": 1.99,
        "slug": "sombra-liquida-oscura-n02",
        "description": "Sombra L\u00edquida Oscura n\u00ba02 1 U",
        "image": "https:\/\/cdn-consum.aktiosdigitalservices.com\/tol\/consum\/media\/product\/img\/300x300\/7444565.jpg?t=20250318081019"
    },
    {
        "id": 34974,
        "name": "Limpiador Gel Flor Hibisco SANICENTRO",
        "price": 1.99,
        "price_kilo": 1.99,
        "slug": "limpiador-gel-flor-hibisco",
        "description": "Limpiador Gel Flor Hibisco 1 L",
        "image": "https:\/\/cdn-consum.aktiosdigitalservices.com\/tol\/consum\/media\/product\/img\/300x300\/7444797.jpg?t=20250227095439"
    },
    {
        "id": 34975,
        "name": "Pouch de Fruta Mediterr\u00e1neo HERO",
        "price": 1.19,
        "price_kilo": 11.9,
        "slug": "pouch-de-fruta-mediterraneo",
        "description": "Pouch de Fruta Mediterr\u00e1neo 100 Gr",
        "image": "https:\/\/cdn-consum.aktiosdigitalservices.com\/tol\/consum\/media\/product\/img\/300x300\/7444818.jpg?t=20250313081326"
    },
    {
        "id": 34977,
        "name": "Higi\u00e9nico Love The Bee 12 Rollos FOXY",
        "price": 3.99,
        "price_kilo": 0.33,
        "slug": "higienico-love-the-bee-12-rollos",
        "description": "Higi\u00e9nico Love The Bee 12 Rollos 12 U",
        "image": "https:\/\/cdn-consum.aktiosdigitalservices.com\/tol\/consum\/media\/product\/img\/300x300\/7444839.jpg?t=20250227095440"
    },
    {
        "id": 34980,
        "name": "Desatascador Turbo CONSUM",
        "price": 1.7,
        "price_kilo": 3.4,
        "slug": "desatascador-turbo",
        "description": "Desatascador Turbo 0,5 L",
        "image": "https:\/\/cdn-consum.aktiosdigitalservices.com\/tol\/consum\/media\/product\/img\/300x300\/7431690.jpg?t=20250227094945"
    },
    {
        "id": 34981,
        "name": "Pulpo  Cocido CONSUM",
        "price": 9.15,
        "price_kilo": 36.6,
        "slug": "pulpo-cocido",
        "description": "Pulpo  Cocido 250 Gr",
        "image": "https:\/\/cdn-consum.aktiosdigitalservices.com\/tol\/consum\/media\/product\/img\/300x300\/7432904.jpg?t=20250318080743"
    },
    {
        "id": 34983,
        "name": "M\u00e1scara Firework MAYBELLINE",
        "price": 11.99,
        "price_kilo": 11.99,
        "slug": "mascara-firework",
        "description": "M\u00e1scara Firework 1 U",
        "image": "https:\/\/cdn-consum.aktiosdigitalservices.com\/tol\/consum\/media\/product\/img\/300x300\/7439495.jpg?t=20250312092856"
    },
    {
        "id": 34984,
        "name": "Eyeliner Expression Kajal MAYBELLINE",
        "price": 2.99,
        "price_kilo": 2.99,
        "slug": "eyeliner-expression-kajal",
        "description": "Eyeliner Expression Kajal 1 U",
        "image": "https:\/\/cdn-consum.aktiosdigitalservices.com\/tol\/consum\/media\/product\/img\/300x300\/7439511.jpg?t=20250227095236"
    },
    {
        "id": 34985,
        "name": "Primer Pesta\u00f1as SkyHigh Largas y Cuidadas MAYBELLINE",
        "price": 9.99,
        "price_kilo": 9.99,
        "slug": "primer-pestanas-skyhigh-largas-y-cuidadas",
        "description": "Primer Pesta\u00f1as SkyHigh Largas y Cuidadas 1 U",
        "image": "https:\/\/cdn-consum.aktiosdigitalservices.com\/tol\/consum\/media\/product\/img\/300x300\/7439649.jpg?t=20250312092856"
    },
    {
        "id": 34986,
        "name": "Labial Vinyl N\u00ba45 MAYBELLINE",
        "price": 11.25,
        "price_kilo": 11.25,
        "slug": "labial-vinyl-n45",
        "description": "Labial Vinyl N\u00ba45 1 U",
        "image": "https:\/\/cdn-consum.aktiosdigitalservices.com\/tol\/consum\/media\/product\/img\/300x300\/7439651.jpg?t=20250312092856"
    },
    {
        "id": 34987,
        "name": "M\u00e1scara Sky High Marr\u00f3n MAYBELLINE",
        "price": 10.99,
        "price_kilo": 10.99,
        "slug": "mascara-sky-high-marron",
        "description": "M\u00e1scara Sky High Marr\u00f3n 1 U",
        "image": "https:\/\/cdn-consum.aktiosdigitalservices.com\/tol\/consum\/media\/product\/img\/300x300\/7439933.jpg?t=20250318081010"
    },
    {
        "id": 34991,
        "name": "Migas de At\u00fan Pack 3 en Aceite de Girasol GALICA",
        "price": 1.99,
        "price_kilo": 12.76,
        "slug": "migas-de-atun-pack-3-en-aceite-de-girasol",
        "description": "Migas de At\u00fan Pack 3 en Aceite de Girasol 3 x 52 Gr",
        "image": "https:\/\/cdn-consum.aktiosdigitalservices.com\/tol\/consum\/media\/product\/img\/300x300\/7442098.jpg?t=20250312092858"
    },
    {
        "id": 34992,
        "name": "Quinoa con Verduras Manzana y Curry CARLOTA",
        "price": 2.99,
        "price_kilo": 8.54,
        "slug": "quinoa-con-verduras-manzana-y-curry",
        "description": "Quinoa con Verduras Manzana y Curry 350 Gr",
        "image": "https:\/\/cdn-consum.aktiosdigitalservices.com\/tol\/consum\/media\/product\/img\/300x300\/7442523.jpg?t=20250211080511"
    },
    {
        "id": 35017,
        "name": "Filete de Anchoa en Aceite de Girasol BRUIMAR",
        "price": 3.09,
        "price_kilo": 61.8,
        "slug": "filete-de-anchoa-en-aceite-de-girasol",
        "description": "Filete de Anchoa en Aceite de Girasol 50 Gr",
        "image": "https:\/\/cdn-consum.aktiosdigitalservices.com\/tol\/consum\/media\/product\/img\/300x300\/7443406.jpg?t=20250227095416"
    },
    {
        "id": 35018,
        "name": "Filete Anchoa Cant\u00e1brico Aceite de Girasol MSC BRUIMAR",
        "price": 6.19,
        "price_kilo": 65.16,
        "slug": "filete-anchoa-cantabrico-aceite-de-girasol-msc",
        "description": "Filete Anchoa Cant\u00e1brico Aceite de Girasol MSC 95 Gr",
        "image": "https:\/\/cdn-consum.aktiosdigitalservices.com\/tol\/consum\/media\/product\/img\/300x300\/7443414.jpg?t=20241217081356"
    },
    {
        "id": 35019,
        "name": "Galletas Saladas Krit Doypack CUETARA",
        "price": 1.95,
        "price_kilo": 9.75,
        "slug": "galletas-saladas-krit-doypack",
        "description": "Galletas Saladas Krit Doypack 200 Gr",
        "image": "https:\/\/cdn-consum.aktiosdigitalservices.com\/tol\/consum\/media\/product\/img\/300x300\/7443679.jpg?t=20250227095427"
    },
    {
        "id": 35020,
        "name": "Bayeta Microfibra Collection SPONTEX",
        "price": 5.49,
        "price_kilo": 0.69,
        "slug": "bayeta-microfibra-collection",
        "description": "Bayeta Microfibra Collection 8 U",
        "image": "https:\/\/cdn-consum.aktiosdigitalservices.com\/tol\/consum\/media\/product\/img\/300x300\/7443914.jpg?t=20250206102310"
    },
    {
        "id": 35021,
        "name": "Cacahuete Chocolate con Leche Doypack DULCINEA",
        "price": 2.65,
        "price_kilo": 10.6,
        "slug": "cacahuete-chocolate-con-leche-doypack",
        "description": "Cacahuete Chocolate con Leche Doypack 250 Gr",
        "image": "https:\/\/cdn-consum.aktiosdigitalservices.com\/tol\/consum\/media\/product\/img\/300x300\/7443950.jpg?t=20250318081019"
    },
    {
        "id": 35028,
        "name": "Piedra Limpia Barbacoa Limpiaf\u00e1cil TEJAR VIEJO",
        "price": 2.69,
        "price_kilo": 2.69,
        "slug": "piedra-limpia-barbacoa-limpiafacil",
        "description": "Piedra Limpia Barbacoa Limpiaf\u00e1cil 1 U",
        "image": "https:\/\/cdn-consum.aktiosdigitalservices.com\/tol\/consum\/media\/product\/img\/300x300\/7444412.jpg?t=20250206102335"
    },
    {
        "id": 35029,
        "name": "Tiritas Callicidas PHARMADOCT",
        "price": 1.65,
        "price_kilo": 0.28,
        "slug": "tiritas-callicidas",
        "description": "Tiritas Callicidas 6 U",
        "image": "https:\/\/cdn-consum.aktiosdigitalservices.com\/tol\/consum\/media\/product\/img\/300x300\/7444524.jpg?t=20250312092904"
    },
    {
        "id": 35030,
        "name": "B\u00e1lsamo Labial Aloe ACTY MASK",
        "price": 2.5,
        "price_kilo": 2.5,
        "slug": "balsamo-labial-aloe",
        "description": "B\u00e1lsamo Labial Aloe 1 U",
        "image": "https:\/\/cdn-consum.aktiosdigitalservices.com\/tol\/consum\/media\/product\/img\/300x300\/7444529.jpg?t=20241217081358"
    },
    {
        "id": 35031,
        "name": "Batido Al Cacao Botell\u00edn Vidrio CHOLECK",
        "price": 0.95,
        "price_kilo": 4.75,
        "slug": "batido-al-cacao-botellin-vidrio",
        "description": "Batido Al Cacao Botell\u00edn Vidrio 200 ml",
        "image": "https:\/\/cdn-consum.aktiosdigitalservices.com\/tol\/consum\/media\/product\/img\/300x300\/7444755.jpg?t=20250311113532"
    },
    {
        "id": 35032,
        "name": "Chocolate con Leche LINDT",
        "price": 2.99,
        "price_kilo": 29.9,
        "slug": "chocolate-con-leche",
        "description": "Chocolate con Leche 100 Gr",
        "image": "https:\/\/cdn-consum.aktiosdigitalservices.com\/tol\/consum\/media\/product\/img\/300x300\/7444789.jpg?t=20250311135122"
    },
    {
        "id": 35033,
        "name": "Galleta Infantil ECO HERO",
        "price": 2.89,
        "price_kilo": 18.06,
        "slug": "galleta-infantil-eco",
        "description": "Galleta Infantil ECO 160 Gr",
        "image": "https:\/\/cdn-consum.aktiosdigitalservices.com\/tol\/consum\/media\/product\/img\/300x300\/7444813.jpg?t=20250311135125"
    },
    {
        "id": 35035,
        "name": "Pan de Molde Natural 100% Integral BIMBO",
        "price": 2.45,
        "price_kilo": 6.81,
        "slug": "pan-de-molde-natural-100-integral",
        "description": "Pan de Molde Natural 100% Integral 360 Gr",
        "image": "https:\/\/cdn-consum.aktiosdigitalservices.com\/tol\/consum\/media\/product\/img\/300x300\/7444941.jpg?t=20250311113550"
    },
    {
        "id": 35037,
        "name": "N\u00e9ctar Ar\u00e1ndanos Sin Az\u00facares A\u00f1adidos JUVER",
        "price": 2.05,
        "price_kilo": 2.05,
        "slug": "nectar-arandanos-sin-azucares-anadidos",
        "description": "N\u00e9ctar Ar\u00e1ndanos Sin Az\u00facares A\u00f1adidos 1 L",
        "image": "https:\/\/cdn-consum.aktiosdigitalservices.com\/tol\/consum\/media\/product\/img\/300x300\/7444990.jpg?t=20250312161552"
    },
    {
        "id": 35038,
        "name": "Tortas de Aceite Artesanales CARMEN LUPI.",
        "price": 1.15,
        "price_kilo": 4.6,
        "slug": "tortas-de-aceite-artesanales",
        "description": "Tortas de Aceite Artesanales 250 Gr",
        "image": "https:\/\/cdn-consum.aktiosdigitalservices.com\/tol\/consum\/media\/product\/img\/300x300\/7445013.jpg?t=20250311113554"
    },
    {
        "id": 35039,
        "name": "Tortas de Aceite Rellena Crema Chocolate CARMEN LUPI.",
        "price": 1.95,
        "price_kilo": 7.22,
        "slug": "tortas-de-aceite-rellena-crema-chocolate",
        "description": "Tortas de Aceite Rellena Crema Chocolate 270 Gr",
        "image": "https:\/\/cdn-consum.aktiosdigitalservices.com\/tol\/consum\/media\/product\/img\/300x300\/7445018.jpg?t=20250311113555"
    },
    {
        "id": 35040,
        "name": "U Snack Salchich\u00f3n SERRANO",
        "price": 1.29,
        "price_kilo": 21.5,
        "slug": "u-snack-salchichon",
        "description": "U Snack Salchich\u00f3n 60 Gr",
        "image": "https:\/\/cdn-consum.aktiosdigitalservices.com\/tol\/consum\/media\/product\/img\/300x300\/7445047.jpg?t=20250227095449"
    },
    {
        "id": 35041,
        "name": "Chorizo Pimienta Corte Fresco SERRANO",
        "price": 1.85,
        "price_kilo": 18.5,
        "slug": "chorizo-pimienta-corte-fresco",
        "description": "Chorizo Pimienta Corte Fresco 100 Gr",
        "image": "https:\/\/cdn-consum.aktiosdigitalservices.com\/tol\/consum\/media\/product\/img\/300x300\/7445054.jpg?t=20250206102418"
    },
    {
        "id": 35043,
        "name": "Cacahuetazo XL Bolsa GREFUSA",
        "price": 1.3,
        "price_kilo": 11.82,
        "slug": "cacahuetazo-xl-bolsa",
        "description": "Cacahuetazo XL Bolsa 110 Gr",
        "image": "https:\/\/cdn-consum.aktiosdigitalservices.com\/tol\/consum\/media\/product\/img\/300x300\/7445091.jpg?t=20250219080656"
    },
    {
        "id": 35044,
        "name": "Cerveza Reserva Lata 1906",
        "price": 1.09,
        "price_kilo": 3.3,
        "slug": "cerveza-reserva-lata",
        "description": "Cerveza Reserva Lata 0,33 L",
        "image": "https:\/\/cdn-consum.aktiosdigitalservices.com\/tol\/consum\/media\/product\/img\/300x300\/7445120.jpg?t=20250313081329"
    },
    {
        "id": 35045,
        "name": "Piedra Blanca Limpieza TENN",
        "price": 6.99,
        "price_kilo": 18.64,
        "slug": "piedra-blanca-limpieza",
        "description": "Piedra Blanca Limpieza 375 Gr",
        "image": "https:\/\/cdn-consum.aktiosdigitalservices.com\/tol\/consum\/media\/product\/img\/300x300\/7445146.jpg?t=20250206102437"
    },
    {
        "id": 35047,
        "name": "Harina de Trigo 100% Integral CONSUM",
        "price": 0.84,
        "price_kilo": 0.84,
        "slug": "harina-de-trigo-100-integral",
        "description": "Harina de Trigo 100% Integral 1 Kg",
        "image": "https:\/\/cdn-consum.aktiosdigitalservices.com\/tol\/consum\/media\/product\/img\/300x300\/7426104.jpg?t=20250109110141"
    },
    {
        "id": 35048,
        "name": "Edulcorante Stevia Comprimidos CONSUM",
        "price": 1.85,
        "price_kilo": 0.01,
        "slug": "edulcorante-stevia-comprimidos",
        "description": "Edulcorante Stevia Comprimidos 200 U",
        "image": "https:\/\/cdn-consum.aktiosdigitalservices.com\/tol\/consum\/media\/product\/img\/300x300\/7429780.jpg?t=20250311112901"
    },
    {
        "id": 35049,
        "name": "Toallitas Limpia Salpicaderos MIAUTO",
        "price": 1.65,
        "price_kilo": 0.08,
        "slug": "toallitas-limpia-salpicaderos",
        "description": "Toallitas Limpia Salpicaderos 20 U",
        "image": "https:\/\/cdn-consum.aktiosdigitalservices.com\/tol\/consum\/media\/product\/img\/300x300\/7437171.jpg?t=20250227095148"
    },
    {
        "id": 35050,
        "name": "Sun Kisser Blush Colorete Bronceador n12 MAYBELLINE",
        "price": 7.99,
        "price_kilo": 7.99,
        "slug": "sun-kisser-blush-colorete-bronceador-n12",
        "description": "Sun Kisser Blush Colorete Bronceador n12 1 U",
        "image": "https:\/\/cdn-consum.aktiosdigitalservices.com\/tol\/consum\/media\/product\/img\/300x300\/7440014.jpg?t=20250312092857"
    },
    {
        "id": 35070,
        "name": "Comida natural perro lata Guiso de salm\u00f3n y cerdo WILD BALANCE",
        "price": 2.99,
        "price_kilo": 7.48,
        "slug": "comida-natural-perro-lata-guiso-de-salmon-y-cerdo",
        "description": "Comida natural perro lata Guiso de salm\u00f3n y cerdo 400 Gr",
        "image": "https:\/\/cdn-consum.aktiosdigitalservices.com\/tol\/consum\/media\/product\/img\/300x300\/7442929.jpg?t=20250206102100"
    },
    {
        "id": 35071,
        "name": "Comida natural perro lata Ragut de ternera y pollo WILD BALANCE",
        "price": 2.99,
        "price_kilo": 7.48,
        "slug": "comida-natural-perro-lata-ragut-de-ternera-y-pollo",
        "description": "Comida natural perro lata Ragut de ternera y pollo 400 Gr",
        "image": "https:\/\/cdn-consum.aktiosdigitalservices.com\/tol\/consum\/media\/product\/img\/300x300\/7442937.jpg?t=20250206102105"
    },
    {
        "id": 35073,
        "name": "Suavizante Concentrado Sensations Ed\u00e9n ASEVI",
        "price": 2.45,
        "price_kilo": 0.04,
        "slug": "suavizante-concentrado-sensations-eden",
        "description": "Suavizante Concentrado Sensations Ed\u00e9n 64 Lv",
        "image": "https:\/\/cdn-consum.aktiosdigitalservices.com\/tol\/consum\/media\/product\/img\/300x300\/7444107.jpg?t=20250312092903"
    },
    {
        "id": 35074,
        "name": "Cerveza Reserva 1925 Lata ALHAMBRA",
        "price": 1.27,
        "price_kilo": 3.85,
        "slug": "cerveza-reserva-1925-lata",
        "description": "Cerveza Reserva 1925 Lata 0,33 L",
        "image": "https:\/\/cdn-consum.aktiosdigitalservices.com\/tol\/consum\/media\/product\/img\/300x300\/7444169.jpg?t=20250311125555"
    },
    {
        "id": 35075,
        "name": "Tarta Lacasitos ",
        "price": 10.35,
        "price_kilo": 20.7,
        "slug": "tarta-lacasitos",
        "description": "Tarta Lacasitos 500 Gr",
        "image": "https:\/\/cdn-consum.aktiosdigitalservices.com\/tol\/consum\/media\/product\/img\/300x300\/7444339.jpg?t=20250101083147"
    },
    {
        "id": 35077,
        "name": "Leche Entera Minibrick ASTURIANA",
        "price": 2.35,
        "price_kilo": 1.96,
        "slug": "leche-entera-minibrick",
        "description": "Leche Entera Minibrick 6 x 200 ml",
        "image": "https:\/\/cdn-consum.aktiosdigitalservices.com\/tol\/consum\/media\/product\/img\/300x300\/7444784.jpg?t=20250314121752"
    },
    {
        "id": 35078,
        "name": "Compresa Normal Alas Cottonlike Fresh EVAX",
        "price": 4.5,
        "price_kilo": 0.14,
        "slug": "compresa-normal-alas-cottonlike-fresh",
        "description": "Compresa Normal Alas Cottonlike Fresh 32 U",
        "image": "https:\/\/cdn-consum.aktiosdigitalservices.com\/tol\/consum\/media\/product\/img\/300x300\/7444800.jpg?t=20241217081358"
    },
    {
        "id": 35079,
        "name": "Snacks De Tomate Infantiles HERO",
        "price": 1,
        "price_kilo": 8.33,
        "slug": "snacks-de-tomate-infantiles",
        "description": "Snacks De Tomate Infantiles 12 Gr",
        "image": "https:\/\/cdn-consum.aktiosdigitalservices.com\/tol\/consum\/media\/product\/img\/300x300\/7444854.jpg?t=20250311135127"
    },
    {
        "id": 35080,
        "name": "Aceitunas Rellenas Lim\u00f3n y Pimienta SERPIS",
        "price": 1.99,
        "price_kilo": 15.31,
        "slug": "aceitunas-rellenas-limon-y-pimienta",
        "description": "Aceitunas Rellenas Lim\u00f3n y Pimienta 130 Gr",
        "image": "https:\/\/cdn-consum.aktiosdigitalservices.com\/tol\/consum\/media\/product\/img\/300x300\/7444961.jpg?t=20250313081327"
    },
    {
        "id": 35081,
        "name": "Galleta Caramelizada Rellena Chocolate Biscoff LOTUS",
        "price": 1.79,
        "price_kilo": 11.93,
        "slug": "galleta-caramelizada-rellena-chocolate-biscoff",
        "description": "Galleta Caramelizada Rellena Chocolate Biscoff 150 Gr",
        "image": "https:\/\/cdn-consum.aktiosdigitalservices.com\/tol\/consum\/media\/product\/img\/300x300\/7444982.jpg?t=20250311113552"
    },
    {
        "id": 35082,
        "name": "M\u00e1scara Xtensionnaire Waterproof REVLON",
        "price": 8.99,
        "price_kilo": 8.99,
        "slug": "mascara-xtensionnaire-waterproof",
        "description": "M\u00e1scara Xtensionnaire Waterproof 1 U",
        "image": "https:\/\/cdn-consum.aktiosdigitalservices.com\/tol\/consum\/media\/product\/img\/300x300\/7444987.jpg?t=20250204082300"
    },
    {
        "id": 35083,
        "name": "M\u00e1scara Xtensionnaire REVLON",
        "price": 8.99,
        "price_kilo": 8.99,
        "slug": "mascara-xtensionnaire",
        "description": "M\u00e1scara Xtensionnaire 1 U",
        "image": "https:\/\/cdn-consum.aktiosdigitalservices.com\/tol\/consum\/media\/product\/img\/300x300\/7444995.jpg?t=20250312092904"
    },
    {
        "id": 35084,
        "name": "Gel de Ba\u00f1o Lima y Menta MOUSSEL",
        "price": 3.79,
        "price_kilo": 0.58,
        "slug": "gel-de-bano-lima-y-menta",
        "description": "Gel de Ba\u00f1o Lima y Menta 650 ml",
        "image": "https:\/\/cdn-consum.aktiosdigitalservices.com\/tol\/consum\/media\/product\/img\/300x300\/7445034.jpg?t=20250311135134"
    },
    {
        "id": 35085,
        "name": "Limpiahornos Spray TENN",
        "price": 4.25,
        "price_kilo": 14.16,
        "slug": "limpiahornos-spray",
        "description": "Limpiahornos Spray 0,3 L",
        "image": "https:\/\/cdn-consum.aktiosdigitalservices.com\/tol\/consum\/media\/product\/img\/300x300\/7445138.jpg?t=20250313081331"
    },
    {
        "id": 35088,
        "name": "Allioli con Sriracha CHOVI",
        "price": 1,
        "price_kilo": 6.66,
        "slug": "allioli-con-sriracha",
        "description": "Allioli con Sriracha 150 Gr",
        "image": "https:\/\/cdn-consum.aktiosdigitalservices.com\/tol\/consum\/media\/product\/img\/300x300\/7445179.jpg?t=20250227095458"
    },
    {
        "id": 35092,
        "name": "Galleta Caramelizada Biscoff LOTUS",
        "price": 1.59,
        "price_kilo": 6.36,
        "slug": "galleta-caramelizada-biscoff",
        "description": "Galleta Caramelizada Biscoff 250 Gr",
        "image": "https:\/\/cdn-consum.aktiosdigitalservices.com\/tol\/consum\/media\/product\/img\/300x300\/7445307.jpg?t=20250311135136"
    },
    {
        "id": 35093,
        "name": "Galleta Caramelizada Rellena Vainilla Biscoff LOTUS",
        "price": 1.79,
        "price_kilo": 11.93,
        "slug": "galleta-caramelizada-rellena-vainilla-biscoff",
        "description": "Galleta Caramelizada Rellena Vainilla Biscoff 150 Gr",
        "image": "https:\/\/cdn-consum.aktiosdigitalservices.com\/tol\/consum\/media\/product\/img\/300x300\/7445310.jpg?t=20250311113604"
    },
    {
        "id": 35095,
        "name": "Ens. Toque Remolacha Bolsa FLORETTE",
        "price": 1.95,
        "price_kilo": 16.25,
        "slug": "ens-toque-remolacha-bolsa",
        "description": "Ens. Toque Remolacha Bolsa 120 Gr",
        "image": "https:\/\/cdn-consum.aktiosdigitalservices.com\/tol\/consum\/media\/product\/img\/300x300\/7445377.jpg?t=20250312130428"
    },
    {
        "id": 35096,
        "name": "Snacks Tortitas Manzana Y Canela HERO",
        "price": 2.49,
        "price_kilo": 6.23,
        "slug": "snacks-tortitas-manzana-y-canela",
        "description": "Snacks Tortitas Manzana Y Canela 40 Gr",
        "image": "https:\/\/cdn-consum.aktiosdigitalservices.com\/tol\/consum\/media\/product\/img\/300x300\/7445422.jpg?t=20250311135140"
    },
    {
        "id": 35097,
        "name": "Setas de cultivo Peso Variable ",
        "price": 1.64,
        "price_kilo": 8.21,
        "slug": "setas-de-cultivo-peso-variable",
        "description": "Setas de cultivo Peso Variable",
        "image": "https:\/\/cdn-consum.aktiosdigitalservices.com\/tol\/consum\/media\/product\/img\/300x300\/7445435.jpg?t=20250322080110"
    },
    {
        "id": 35099,
        "name": "Filete Dorada Congelado CONSUM",
        "price": 4.51,
        "price_kilo": 22.55,
        "slug": "filete-dorada-congelado",
        "description": "Filete Dorada Congelado",
        "image": "https:\/\/cdn-consum.aktiosdigitalservices.com\/tol\/consum\/media\/product\/img\/300x300\/7426273.jpg?t=20250313081120"
    },
    {
        "id": 35100,
        "name": "At\u00fan en Aceite de Oliva CONSUM",
        "price": 8,
        "price_kilo": 12.31,
        "slug": "atun-en-aceite-de-oliva",
        "description": "At\u00fan en Aceite de Oliva 650 Gr",
        "image": "https:\/\/cdn-consum.aktiosdigitalservices.com\/tol\/consum\/media\/product\/img\/300x300\/7427818.jpg?t=20250206100856"
    },
    {
        "id": 35102,
        "name": "Edulcorante Sacarina L\u00edquido CONSUM",
        "price": 0.85,
        "price_kilo": 5.67,
        "slug": "edulcorante-sacarina-liquido",
        "description": "Edulcorante Sacarina L\u00edquido 150 ml",
        "image": "https:\/\/cdn-consum.aktiosdigitalservices.com\/tol\/consum\/media\/product\/img\/300x300\/7429772.jpg?t=20250311112858"
    },
    {
        "id": 35103,
        "name": "Patatas Lisas Bolsa CONSUM",
        "price": 1.1,
        "price_kilo": 7.33,
        "slug": "patatas-lisas-bolsa",
        "description": "Patatas Lisas Bolsa 150 Gr",
        "image": "https:\/\/cdn-consum.aktiosdigitalservices.com\/tol\/consum\/media\/product\/img\/300x300\/7432045.jpg?t=20250214080023"
    },
    {
        "id": 35104,
        "name": "Patatas Chips Light Bolsa CONSUM",
        "price": 1.3,
        "price_kilo": 8.67,
        "slug": "patatas-chips-light-bolsa",
        "description": "Patatas Chips Light Bolsa 150 Gr",
        "image": "https:\/\/cdn-consum.aktiosdigitalservices.com\/tol\/consum\/media\/product\/img\/300x300\/7432938.jpg?t=20241217081333"
    },
    {
        "id": 35105,
        "name": "K\u00e9tchup Zero CONSUM",
        "price": 1.39,
        "price_kilo": 2.62,
        "slug": "ketchup-zero",
        "description": "K\u00e9tchup Zero 530 Gr",
        "image": "https:\/\/cdn-consum.aktiosdigitalservices.com\/tol\/consum\/media\/product\/img\/300x300\/7438505.jpg?t=20241217081347"
    },
    {
        "id": 35106,
        "name": "Edulcorante Sacarina en Comprimidos CONSUM",
        "price": 1.15,
        "price_kilo": 0.01,
        "slug": "edulcorante-sacarina-en-comprimidos",
        "description": "Edulcorante Sacarina en Comprimidos 850 U",
        "image": "https:\/\/cdn-consum.aktiosdigitalservices.com\/tol\/consum\/media\/product\/img\/300x300\/7438547.jpg?t=20250311113246"
    },
    {
        "id": 35109,
        "name": "Pat\u00e9 Vegetal de Papaya Manzana y Curry CARLOTA",
        "price": 1.99,
        "price_kilo": 18.09,
        "slug": "pate-vegetal-de-papaya-manzana-y-curry",
        "description": "Pat\u00e9 Vegetal de Papaya Manzana y Curry 110 Gr",
        "image": "https:\/\/cdn-consum.aktiosdigitalservices.com\/tol\/consum\/media\/product\/img\/300x300\/7442171.jpg?t=20250210075846"
    },
    {
        "id": 35110,
        "name": "Pat\u00e9 Vegetal Pimiento Rojo con Semillas Girasol CARLOTA",
        "price": 1.99,
        "price_kilo": 18.09,
        "slug": "pate-vegetal-pimiento-rojo-con-semillas-girasol",
        "description": "Pat\u00e9 Vegetal Pimiento Rojo con Semillas Girasol 110 Gr",
        "image": "https:\/\/cdn-consum.aktiosdigitalservices.com\/tol\/consum\/media\/product\/img\/300x300\/7442176.jpg?t=20250210075847"
    },
    {
        "id": 35111,
        "name": "Pat\u00e9 Vegetal de Tomate y Albahaca CARLOTA",
        "price": 1.99,
        "price_kilo": 18.09,
        "slug": "pate-vegetal-de-tomate-y-albahaca",
        "description": "Pat\u00e9 Vegetal de Tomate y Albahaca 110 Gr",
        "image": "https:\/\/cdn-consum.aktiosdigitalservices.com\/tol\/consum\/media\/product\/img\/300x300\/7442197.jpg?t=20250312092858"
    },
    {
        "id": 35113,
        "name": "Suavizante Concentrado Mediterr\u00e1neo FLOR",
        "price": 2.99,
        "price_kilo": 0.05,
        "slug": "suavizante-concentrado-mediterraneo",
        "description": "Suavizante Concentrado Mediterr\u00e1neo 59 Lv",
        "image": "https:\/\/cdn-consum.aktiosdigitalservices.com\/tol\/consum\/media\/product\/img\/300x300\/7443856.jpg?t=20250313081320"
    },
    {
        "id": 35117,
        "name": "Palitos de Calabac\u00edn MAHESO",
        "price": 2.54,
        "price_kilo": 8.47,
        "slug": "palitos-de-calabacin",
        "description": "Palitos de Calabac\u00edn 300 Gr",
        "image": "https:\/\/cdn-consum.aktiosdigitalservices.com\/tol\/consum\/media\/product\/img\/300x300\/7445026.jpg?t=20250227095444"
    },
    {
        "id": 35125,
        "name": "Mi mam\u00e1 es la mejor Bluey BEASCOA",
        "price": 9.95,
        "price_kilo": 9.95,
        "slug": "mi-mama-es-la-mejor-bluey",
        "description": "Mi mam\u00e1 es la mejor Bluey 1 U",
        "image": "https:\/\/cdn-consum.aktiosdigitalservices.com\/tol\/consum\/media\/product\/img\/300x300\/7445351.jpg?t=20250301080203"
    },
    {
        "id": 35126,
        "name": "Mi pap\u00e1 es maravilloso Bluey BEASCOA",
        "price": 9.95,
        "price_kilo": 9.95,
        "slug": "mi-papa-es-maravilloso-bluey",
        "description": "Mi pap\u00e1 es maravilloso Bluey 1 U",
        "image": "https:\/\/cdn-consum.aktiosdigitalservices.com\/tol\/consum\/media\/product\/img\/300x300\/7445356.jpg?t=20250301080205"
    },
    {
        "id": 35130,
        "name": "El Rulas 3 \u00c9pica vuelta Animalize21 DESTINO",
        "price": 16.95,
        "price_kilo": 16.95,
        "slug": "el-rulas-3-epica-vuelta-animalize21",
        "description": "El Rulas 3 \u00c9pica vuelta Animalize21 1 U",
        "image": "https:\/\/cdn-consum.aktiosdigitalservices.com\/tol\/consum\/media\/product\/img\/300x300\/7445401.jpg?t=20250312092904"
    },
    {
        "id": 35134,
        "name": "At\u00fan Claro Aceite Girasol Pack 3+1 CALVO",
        "price": 3.5,
        "price_kilo": 16.83,
        "slug": "atun-claro-aceite-girasol-pack-31",
        "description": "At\u00fan Claro Aceite Girasol Pack 3+1 4 x 52 Gr",
        "image": "https:\/\/cdn-consum.aktiosdigitalservices.com\/tol\/consum\/media\/product\/img\/300x300\/7445484.jpg?t=20250219080700"
    },
    {
        "id": 35135,
        "name": "Agua de Colonia Frescor ANIAN",
        "price": 2.25,
        "price_kilo": 3,
        "slug": "agua-de-colonia-frescor",
        "description": "Agua de Colonia Frescor 750 ml",
        "image": "https:\/\/cdn-consum.aktiosdigitalservices.com\/tol\/consum\/media\/product\/img\/300x300\/7445500.jpg?t=20241217081359"
    },
    {
        "id": 35136,
        "name": "Caldo de Marisco Paella y Fideu\u00e1 F\u00e1cil GALLO",
        "price": 3.49,
        "price_kilo": 3.49,
        "slug": "caldo-de-marisco-paella-y-fideua-facil",
        "description": "Caldo de Marisco Paella y Fideu\u00e1 F\u00e1cil 1 L",
        "image": "https:\/\/cdn-consum.aktiosdigitalservices.com\/tol\/consum\/media\/product\/img\/300x300\/7445547.jpg?t=20250312092905"
    },
    {
        "id": 35139,
        "name": "Mini Caracola de Chocolate 5 Unidades ",
        "price": 1.49,
        "price_kilo": 6.48,
        "slug": "mini-caracola-de-chocolate-5-unidades",
        "description": "Mini Caracola de Chocolate 5 Unidades 230 Gr",
        "image": "https:\/\/cdn-consum.aktiosdigitalservices.com\/tol\/consum\/media\/product\/img\/300x300\/7445906.jpg?t=20250313081340"
    },
    {
        "id": 35140,
        "name": "Barquillos Rellenos De Crema Sabor Nata CONSUM",
        "price": 0.79,
        "price_kilo": 5.27,
        "slug": "barquillos-rellenos-de-crema-sabor-nata",
        "description": "Barquillos Rellenos De Crema Sabor Nata 150 Gr",
        "image": "https:\/\/cdn-consum.aktiosdigitalservices.com\/tol\/consum\/media\/product\/img\/300x300\/7416506.jpg?t=20250311112517"
    },
    {
        "id": 35142,
        "name": "Spaguetti Integral CONSUM",
        "price": 1.21,
        "price_kilo": 2.42,
        "slug": "spaguetti-integral",
        "description": "Spaguetti Integral 500 Gr",
        "image": "https:\/\/cdn-consum.aktiosdigitalservices.com\/tol\/consum\/media\/product\/img\/300x300\/7430072.jpg?t=20250319080035"
    },
    {
        "id": 35143,
        "name": "M\u00e1scara Firework Waterproof MAYBELLINE",
        "price": 11.99,
        "price_kilo": 11.99,
        "slug": "mascara-firework-waterproof",
        "description": "M\u00e1scara Firework Waterproof 1 U",
        "image": "https:\/\/cdn-consum.aktiosdigitalservices.com\/tol\/consum\/media\/product\/img\/300x300\/7439508.jpg?t=20250227095235"
    },
    {
        "id": 35144,
        "name": "Tattoo Liner Verde MAYBELLINE",
        "price": 5.49,
        "price_kilo": 5.49,
        "slug": "tattoo-liner-verde",
        "description": "Tattoo Liner Verde 1 U",
        "image": "https:\/\/cdn-consum.aktiosdigitalservices.com\/tol\/consum\/media\/product\/img\/300x300\/7439516.jpg?t=20250227095238"
    },
    {
        "id": 35145,
        "name": "Tattoo Liner Azul MAYBELLINE",
        "price": 5.49,
        "price_kilo": 5.49,
        "slug": "tattoo-liner-azul",
        "description": "Tattoo Liner Azul 1 U",
        "image": "https:\/\/cdn-consum.aktiosdigitalservices.com\/tol\/consum\/media\/product\/img\/300x300\/7439524.jpg?t=20250227095239"
    },
    {
        "id": 35146,
        "name": "Maquillaje Skin Tint Vit C N\u00ba31 MAYBELLINE",
        "price": 12.99,
        "price_kilo": 12.99,
        "slug": "maquillaje-skin-tint-vit-c-n31",
        "description": "Maquillaje Skin Tint Vit C N\u00ba31 1 U",
        "image": "https:\/\/cdn-consum.aktiosdigitalservices.com\/tol\/consum\/media\/product\/img\/300x300\/7439636.jpg?t=20250312092856"
    },
    {
        "id": 35148,
        "name": "Gel Fijador Cejas SuperLock MAYBELLINE",
        "price": 6.99,
        "price_kilo": 6.99,
        "slug": "gel-fijador-cejas-superlock",
        "description": "Gel Fijador Cejas SuperLock 1 U",
        "image": "https:\/\/cdn-consum.aktiosdigitalservices.com\/tol\/consum\/media\/product\/img\/300x300\/7439920.jpg?t=20250312092857"
    },
    {
        "id": 35150,
        "name": "Sun Kisser Blush Colorete Bronceador n\u00ba1 MAYBELLINE",
        "price": 7.99,
        "price_kilo": 7.99,
        "slug": "sun-kisser-blush-colorete-bronceador-n1",
        "description": "Sun Kisser Blush Colorete Bronceador n\u00ba1 1 U",
        "image": "https:\/\/cdn-consum.aktiosdigitalservices.com\/tol\/consum\/media\/product\/img\/300x300\/7439995.jpg?t=20250312092857"
    },
    {
        "id": 35151,
        "name": "Sun Kisser Blush Colorete Bronceador n\u00ba5 MAYBELLINE",
        "price": 7.99,
        "price_kilo": 7.99,
        "slug": "sun-kisser-blush-colorete-bronceador-n5",
        "description": "Sun Kisser Blush Colorete Bronceador n\u00ba5 1 U",
        "image": "https:\/\/cdn-consum.aktiosdigitalservices.com\/tol\/consum\/media\/product\/img\/300x300\/7440006.jpg?t=20241217081350"
    },
    {
        "id": 35154,
        "name": "Suavizante Concentrado Sensations Luxury ASEVI",
        "price": 2.45,
        "price_kilo": 0.04,
        "slug": "suavizante-concentrado-sensations-luxury",
        "description": "Suavizante Concentrado Sensations Luxury 64 Lv",
        "image": "https:\/\/cdn-consum.aktiosdigitalservices.com\/tol\/consum\/media\/product\/img\/300x300\/7444110.jpg?t=20250227095435"
    },
    {
        "id": 35159,
        "name": "Snack 0% Chocolate Negro y Cereales BICENTURY",
        "price": 3.49,
        "price_kilo": 34.22,
        "slug": "snack-0-chocolate-negro-y-cereales",
        "description": "Snack 0% Chocolate Negro y Cereales 102 Gr",
        "image": "https:\/\/cdn-consum.aktiosdigitalservices.com\/tol\/consum\/media\/product\/img\/300x300\/7444875.jpg?t=20250311135129"
    },
    {
        "id": 35160,
        "name": "Mini Tortitas de Ma\u00edz Pop Corn BICENTURY",
        "price": 1.69,
        "price_kilo": 24.14,
        "slug": "mini-tortitas-de-maiz-pop-corn",
        "description": "Mini Tortitas de Ma\u00edz Pop Corn 70 Gr",
        "image": "https:\/\/cdn-consum.aktiosdigitalservices.com\/tol\/consum\/media\/product\/img\/300x300\/7444891.jpg?t=20250311135131"
    },
    {
        "id": 35163,
        "name": "Licor de Manzana GRANPOMIER",
        "price": 8.1,
        "price_kilo": 11.57,
        "slug": "licor-de-manzana",
        "description": "Licor de Manzana 0,7 L",
        "image": "https:\/\/cdn-consum.aktiosdigitalservices.com\/tol\/consum\/media\/product\/img\/300x300\/7445133.jpg?t=20250212080334"
    },
    {
        "id": 35165,
        "name": "Dip Cremoso Puerro y Queso DELITUSS",
        "price": 1.75,
        "price_kilo": 14,
        "slug": "dip-cremoso-puerro-y-queso",
        "description": "Dip Cremoso Puerro y Queso 125 Gr",
        "image": "https:\/\/cdn-consum.aktiosdigitalservices.com\/tol\/consum\/media\/product\/img\/300x300\/7445232.jpg?t=20250109111805"
    },
    {
        "id": 35167,
        "name": "Compresa Incontinencia Maxi Noche INDASEC",
        "price": 5.99,
        "price_kilo": 0.5,
        "slug": "compresa-incontinencia-maxi-noche",
        "description": "Compresa Incontinencia Maxi Noche 12 U",
        "image": "https:\/\/cdn-consum.aktiosdigitalservices.com\/tol\/consum\/media\/product\/img\/300x300\/7445273.jpg?t=20250312161558"
    },
    {
        "id": 35168,
        "name": "K\u00e9fir sabor Fresa NESTLE",
        "price": 1.88,
        "price_kilo": 3.76,
        "slug": "kefir-sabor-fresa",
        "description": "K\u00e9fir sabor Fresa 500 Gr",
        "image": "https:\/\/cdn-consum.aktiosdigitalservices.com\/tol\/consum\/media\/product\/img\/300x300\/7445315.jpg?t=20250227095503"
    },
    {
        "id": 35169,
        "name": "K\u00e9fir sabor Tropical NESTLE",
        "price": 1.88,
        "price_kilo": 3.76,
        "slug": "kefir-sabor-tropical",
        "description": "K\u00e9fir sabor Tropical 500 Gr",
        "image": "https:\/\/cdn-consum.aktiosdigitalservices.com\/tol\/consum\/media\/product\/img\/300x300\/7445323.jpg?t=20250227095505"
    },
    {
        "id": 35171,
        "name": "Calamar Patag\u00f3nico Troceado Congelado CONSUM",
        "price": 5.99,
        "price_kilo": 13.31,
        "slug": "calamar-patagonico-troceado-congelado",
        "description": "Calamar Patag\u00f3nico Troceado Congelado 450 Gr",
        "image": "https:\/\/cdn-consum.aktiosdigitalservices.com\/tol\/consum\/media\/product\/img\/300x300\/7445539.jpg?t=20250301080206"
    },
    {
        "id": 35173,
        "name": "Vino Blanco D.O. Ribeiro 7 CUPOS",
        "price": 9.99,
        "price_kilo": 13.32,
        "slug": "vino-blanco-do-ribeiro",
        "description": "Vino Blanco D.O. Ribeiro 0,75 L",
        "image": "https:\/\/cdn-consum.aktiosdigitalservices.com\/tol\/consum\/media\/product\/img\/300x300\/7445666.jpg?t=20250312092906"
    },
    {
        "id": 35174,
        "name": "Pa\u00f1al Adulto Talla L.110 a 150 Cm INDASLIP",
        "price": 14.8,
        "price_kilo": 0.74,
        "slug": "panal-adulto-talla-l110-a-150-cm",
        "description": "Pa\u00f1al Adulto Talla L.110 a 150 Cm 20 U",
        "image": "https:\/\/cdn-consum.aktiosdigitalservices.com\/tol\/consum\/media\/product\/img\/300x300\/7445802.jpg?t=20250312092906"
    },
    {
        "id": 35176,
        "name": "Pan Cereales y Semillas 0% Az\u00facar y Conservant BIMBO",
        "price": 2.45,
        "price_kilo": 6.81,
        "slug": "pan-cereales-y-semillas-0-azucar-y-conservant",
        "description": "Pan Cereales y Semillas 0% Az\u00facar y Conservant 360 Gr",
        "image": "https:\/\/cdn-consum.aktiosdigitalservices.com\/tol\/consum\/media\/product\/img\/300x300\/7445872.jpg?t=20250311135143"
    },
    {
        "id": 35177,
        "name": "Stevia Edulcorante Granulado CONSUM",
        "price": 3.45,
        "price_kilo": 17.25,
        "slug": "stevia-edulcorante-granulado",
        "description": "Stevia Edulcorante Granulado 200 Gr",
        "image": "https:\/\/cdn-consum.aktiosdigitalservices.com\/tol\/consum\/media\/product\/img\/300x300\/7429785.jpg?t=20250311112903"
    },
    {
        "id": 35178,
        "name": "Chocolate Negro 72% Cacao sin Az\u00facar CONSUM",
        "price": 2.15,
        "price_kilo": 21.5,
        "slug": "chocolate-negro-72-cacao-sin-azucar",
        "description": "Chocolate Negro 72% Cacao sin Az\u00facar 100 Gr",
        "image": "https:\/\/cdn-consum.aktiosdigitalservices.com\/tol\/consum\/media\/product\/img\/300x300\/7431989.jpg?t=20250318080733"
    },
    {
        "id": 35179,
        "name": "Chocolate con Leche sin Az\u00facar CONSUM",
        "price": 1.69,
        "price_kilo": 13.52,
        "slug": "chocolate-con-leche-sin-azucar",
        "description": "Chocolate con Leche sin Az\u00facar 125 Gr",
        "image": "https:\/\/cdn-consum.aktiosdigitalservices.com\/tol\/consum\/media\/product\/img\/300x300\/7431992.jpg?t=20250311134906"
    },
    {
        "id": 35180,
        "name": "Loco's Az\u00facar 3 Unidades CONSUM",
        "price": 1,
        "price_kilo": 7.94,
        "slug": "locos-azucar-3-unidades",
        "description": "Loco's Az\u00facar 3 Unidades 126 Gr",
        "image": "https:\/\/cdn-consum.aktiosdigitalservices.com\/tol\/consum\/media\/product\/img\/300x300\/7437481.jpg?t=20250311113223"
    },
    {
        "id": 35181,
        "name": "Loco's Cacao 3 Unidades CONSUM",
        "price": 1,
        "price_kilo": 7.41,
        "slug": "locos-cacao-3-unidades",
        "description": "Loco's Cacao 3 Unidades 135 Gr",
        "image": "https:\/\/cdn-consum.aktiosdigitalservices.com\/tol\/consum\/media\/product\/img\/300x300\/7437486.jpg?t=20250311113225"
    },
    {
        "id": 35182,
        "name": "Loco's Zebra 3 Unidades CONSUM",
        "price": 1,
        "price_kilo": 7.41,
        "slug": "locos-zebra-3-unidades",
        "description": "Loco's Zebra 3 Unidades 135 Gr",
        "image": "https:\/\/cdn-consum.aktiosdigitalservices.com\/tol\/consum\/media\/product\/img\/300x300\/7437494.jpg?t=20250311113227"
    },
    {
        "id": 35183,
        "name": "Fusilli BARILLA",
        "price": 1.69,
        "price_kilo": 3.38,
        "slug": "fusilli",
        "description": "Fusilli 500 Gr",
        "image": "https:\/\/cdn-consum.aktiosdigitalservices.com\/tol\/consum\/media\/product\/img\/300x300\/7442853.jpg?t=20250213080645"
    },
    {
        "id": 35201,
        "name": "Ap\u00f3sitos Infantiles Spiderman FARMAMED",
        "price": 2.95,
        "price_kilo": 0.18,
        "slug": "apositos-infantiles-spiderman",
        "description": "Ap\u00f3sitos Infantiles Spiderman 16 U",
        "image": "https:\/\/cdn-consum.aktiosdigitalservices.com\/tol\/consum\/media\/product\/img\/300x300\/7444594.jpg?t=20241217081358"
    },
    {
        "id": 35202,
        "name": "Ap\u00f3sitos Infantiles Minnie Mouse FARMAMED",
        "price": 2.95,
        "price_kilo": 0.18,
        "slug": "apositos-infantiles-minnie-mouse",
        "description": "Ap\u00f3sitos Infantiles Minnie Mouse 16 U",
        "image": "https:\/\/cdn-consum.aktiosdigitalservices.com\/tol\/consum\/media\/product\/img\/300x300\/7444599.jpg?t=20250114084855"
    },
    {
        "id": 35206,
        "name": "B\u00e1lsamo Labial Infantil Minnie Mouse FARMAMED",
        "price": 2.95,
        "price_kilo": 2.95,
        "slug": "balsamo-labial-infantil-minnie-mouse",
        "description": "B\u00e1lsamo Labial Infantil Minnie Mouse 1 U",
        "image": "https:\/\/cdn-consum.aktiosdigitalservices.com\/tol\/consum\/media\/product\/img\/300x300\/7444623.jpg?t=20241217081358"
    },
    {
        "id": 35207,
        "name": "B\u00e1lsamo Labial Infantil Spiderman FARMAMED",
        "price": 2.95,
        "price_kilo": 2.95,
        "slug": "balsamo-labial-infantil-spiderman",
        "description": "B\u00e1lsamo Labial Infantil Spiderman 1 U",
        "image": "https:\/\/cdn-consum.aktiosdigitalservices.com\/tol\/consum\/media\/product\/img\/300x300\/7444631.jpg?t=20241217081358"
    },
    {
        "id": 35228,
        "name": "Aceituna Manzanilla Salsali\u00f1adas Piri-Piri JOLCA",
        "price": 2.89,
        "price_kilo": 12.04,
        "slug": "aceituna-manzanilla-salsalinadas-piri-piri",
        "description": "Aceituna Manzanilla Salsali\u00f1adas Piri-Piri 240 Gr",
        "image": "https:\/\/cdn-consum.aktiosdigitalservices.com\/tol\/consum\/media\/product\/img\/300x300\/7445919.jpg?t=20250318080845"
    },
    {
        "id": 35229,
        "name": "Aceitunas Manzanilla Salsali\u00f1adas Pesto JOLCA",
        "price": 2.89,
        "price_kilo": 12.04,
        "slug": "aceitunas-manzanilla-salsalinadas-pesto",
        "description": "Aceitunas Manzanilla Salsali\u00f1adas Pesto 240 Gr",
        "image": "https:\/\/cdn-consum.aktiosdigitalservices.com\/tol\/consum\/media\/product\/img\/300x300\/7445922.jpg?t=20250318080847"
    },
    {
        "id": 35231,
        "name": "Aceitunas Rellenas Anchoa - 70% de Sal SERPIS",
        "price": 1.99,
        "price_kilo": 15.31,
        "slug": "aceitunas-rellenas-anchoa---70-de-sal",
        "description": "Aceitunas Rellenas Anchoa - 70% de Sal 130 Gr",
        "image": "https:\/\/cdn-consum.aktiosdigitalservices.com\/tol\/consum\/media\/product\/img\/300x300\/7446037.jpg?t=20250313081341"
    },
    {
        "id": 35232,
        "name": "Control Del Apetito 60 C\u00e1psulas PROZIS",
        "price": 14.99,
        "price_kilo": 0.25,
        "slug": "control-del-apetito-60-capsulas",
        "description": "Control Del Apetito 60 C\u00e1psulas 60 U",
        "image": "https:\/\/cdn-consum.aktiosdigitalservices.com\/tol\/consum\/media\/product\/img\/300x300\/7446123.jpg?t=20250313081345"
    },
    {
        "id": 35233,
        "name": "Diur\u00e9tico Ingredientes Naturales PROZIS",
        "price": 12.99,
        "price_kilo": 1.3,
        "slug": "diuretico-ingredientes-naturales",
        "description": "Diur\u00e9tico Ingredientes Naturales 10 U",
        "image": "https:\/\/cdn-consum.aktiosdigitalservices.com\/tol\/consum\/media\/product\/img\/300x300\/7446128.jpg?t=20250313081346"
    },
    {
        "id": 35234,
        "name": "Quemador De Grasas 60 C\u00e1psulas PROZIS",
        "price": 14.99,
        "price_kilo": 0.25,
        "slug": "quemador-de-grasas-60-capsulas",
        "description": "Quemador De Grasas 60 C\u00e1psulas 60 U",
        "image": "https:\/\/cdn-consum.aktiosdigitalservices.com\/tol\/consum\/media\/product\/img\/300x300\/7446131.jpg?t=20250313081348"
    },
    {
        "id": 35236,
        "name": "Espuma de Afeitar LEA",
        "price": 1.3,
        "price_kilo": 1.3,
        "slug": "espuma-de-afeitar",
        "description": "Espuma de Afeitar 100 ml",
        "image": "https:\/\/cdn-consum.aktiosdigitalservices.com\/tol\/consum\/media\/product\/img\/300x300\/7446219.jpg?t=20241217081403"
    },
    {
        "id": 35237,
        "name": "T\u00e9 Melocot\u00f3n & Hibiscus Pet FUZE TEA",
        "price": 1.49,
        "price_kilo": 2.98,
        "slug": "te-melocoton-hibiscus-pet",
        "description": "T\u00e9 Melocot\u00f3n & Hibiscus Pet 0,5 L",
        "image": "https:\/\/cdn-consum.aktiosdigitalservices.com\/tol\/consum\/media\/product\/img\/300x300\/7446334.jpg?t=20250101083209"
    },
    {
        "id": 35254,
        "name": "Bomb\u00f3n Vainilla  Sabor Choco proteico 3 unid. CONSUM",
        "price": 2.49,
        "price_kilo": 13.53,
        "slug": "bombon-vainilla-sabor-choco-proteico-3-unid",
        "description": "Bomb\u00f3n Vainilla  Sabor Choco proteico 3 unid. 184 Gr",
        "image": "https:\/\/cdn-consum.aktiosdigitalservices.com\/tol\/consum\/media\/product\/img\/300x300\/7431638.jpg?t=20250315075929"
    },
    {
        "id": 35255,
        "name": "Colgador WC Floral CONSUM",
        "price": 1.3,
        "price_kilo": 0.65,
        "slug": "colgador-wc-floral",
        "description": "Colgador WC Floral 2 U",
        "image": "https:\/\/cdn-consum.aktiosdigitalservices.com\/tol\/consum\/media\/product\/img\/300x300\/7431885.jpg?t=20250227094949"
    },
    {
        "id": 35256,
        "name": "Patatas Sabor Jam\u00f3n Bolsa CONSUM",
        "price": 1.2,
        "price_kilo": 8,
        "slug": "patatas-sabor-jamon-bolsa",
        "description": "Patatas Sabor Jam\u00f3n Bolsa 150 Gr",
        "image": "https:\/\/cdn-consum.aktiosdigitalservices.com\/tol\/consum\/media\/product\/img\/300x300\/7432037.jpg?t=20250214080021"
    },
    {
        "id": 35257,
        "name": "Mini Loco's Zebra 4 Unidades CONSUM",
        "price": 1,
        "price_kilo": 12.5,
        "slug": "mini-locos-zebra-4-unidades",
        "description": "Mini Loco's Zebra 4 Unidades 80 Gr",
        "image": "https:\/\/cdn-consum.aktiosdigitalservices.com\/tol\/consum\/media\/product\/img\/300x300\/7437408.jpg?t=20250311113218"
    },
    {
        "id": 35258,
        "name": "Mini Loco's Cacao 4 Unidades CONSUM",
        "price": 1,
        "price_kilo": 12.82,
        "slug": "mini-locos-cacao-4-unidades",
        "description": "Mini Loco's Cacao 4 Unidades 78 Gr",
        "image": "https:\/\/cdn-consum.aktiosdigitalservices.com\/tol\/consum\/media\/product\/img\/300x300\/7437478.jpg?t=20250311113221"
    },
    {
        "id": 35259,
        "name": "Dent\u00edfrico Blanqueador Max White One COLGATE",
        "price": 3,
        "price_kilo": 4,
        "slug": "dentifrico-blanqueador-max-white-one",
        "description": "Dent\u00edfrico Blanqueador Max White One 75 ml",
        "image": "https:\/\/cdn-consum.aktiosdigitalservices.com\/tol\/consum\/media\/product\/img\/300x300\/7443690.jpg?t=20250312161551"
    },
    {
        "id": 35260,
        "name": "Mejill\u00f3n en Escabeche 9\/14 Piezas CALVO",
        "price": 1.99,
        "price_kilo": 28.84,
        "slug": "mejillon-en-escabeche-9-14-piezas",
        "description": "Mejill\u00f3n en Escabeche 9\/14 Piezas 69 Gr",
        "image": "https:\/\/cdn-consum.aktiosdigitalservices.com\/tol\/consum\/media\/product\/img\/300x300\/7443872.jpg?t=20250313081322"
    },
    {
        "id": 35262,
        "name": "Cocktail Manchego Frasco RIOVERDE",
        "price": 3.49,
        "price_kilo": 9.43,
        "slug": "cocktail-manchego-frasco",
        "description": "Cocktail Manchego Frasco 370 Gr",
        "image": "https:\/\/cdn-consum.aktiosdigitalservices.com\/tol\/consum\/media\/product\/img\/300x300\/7445000.jpg?t=20241217081358"
    },
    {
        "id": 35263,
        "name": "Pepinillos Picantes Frasco RIOVERDE",
        "price": 1.89,
        "price_kilo": 10.5,
        "slug": "pepinillos-picantes-frasco",
        "description": "Pepinillos Picantes Frasco 180 Gr",
        "image": "https:\/\/cdn-consum.aktiosdigitalservices.com\/tol\/consum\/media\/product\/img\/300x300\/7445005.jpg?t=20250224075750"
    },
    {
        "id": 35264,
        "name": "Hummus con Tapenada de Tomate y Aceitunas DELITUSS",
        "price": 1.99,
        "price_kilo": 11.37,
        "slug": "hummus-con-tapenada-de-tomate-y-aceitunas",
        "description": "Hummus con Tapenada de Tomate y Aceitunas 175 Gr",
        "image": "https:\/\/cdn-consum.aktiosdigitalservices.com\/tol\/consum\/media\/product\/img\/300x300\/7445237.jpg?t=20250204082103"
    },
    {
        "id": 35266,
        "name": "Plumcake Sin Gluten Pepitas Chocolate AIROS",
        "price": 3.19,
        "price_kilo": 13.29,
        "slug": "plumcake-sin-gluten-pepitas-chocolate",
        "description": "Plumcake Sin Gluten Pepitas Chocolate 240 Gr",
        "image": "https:\/\/cdn-consum.aktiosdigitalservices.com\/tol\/consum\/media\/product\/img\/300x300\/7445604.jpg?t=20250313081334"
    },
    {
        "id": 35267,
        "name": "Tostadas Sin Gluten Integrales AIROS",
        "price": 4.39,
        "price_kilo": 19.51,
        "slug": "tostadas-sin-gluten-integrales",
        "description": "Tostadas Sin Gluten Integrales 225 Gr",
        "image": "https:\/\/cdn-consum.aktiosdigitalservices.com\/tol\/consum\/media\/product\/img\/300x300\/7445752.jpg?t=20250312161601"
    },
    {
        "id": 35268,
        "name": "Cebollitas al Vinagre de M\u00f3dena RIOVERDE",
        "price": 1.79,
        "price_kilo": 14.92,
        "slug": "cebollitas-al-vinagre-de-modena",
        "description": "Cebollitas al Vinagre de M\u00f3dena 120 Gr",
        "image": "https:\/\/cdn-consum.aktiosdigitalservices.com\/tol\/consum\/media\/product\/img\/300x300\/7445877.jpg?t=20250224075751"
    },
    {
        "id": 35271,
        "name": "Pasta Infantil Spiderman GALLO",
        "price": 2.2,
        "price_kilo": 7.33,
        "slug": "pasta-infantil-spiderman",
        "description": "Pasta Infantil Spiderman 300 Gr",
        "image": "https:\/\/cdn-consum.aktiosdigitalservices.com\/tol\/consum\/media\/product\/img\/300x300\/7445935.jpg?t=20250227095515"
    },
    {
        "id": 35277,
        "name": "Caff\u00e8 Latte Cappuccino CAF\u00c9 & GO",
        "price": 1.29,
        "price_kilo": 5.16,
        "slug": "caffe-latte-cappuccino",
        "description": "Caff\u00e8 Latte Cappuccino 250 ml",
        "image": "https:\/\/cdn-consum.aktiosdigitalservices.com\/tol\/consum\/media\/product\/img\/300x300\/7446271.jpg?t=20250227095523"
    },
    {
        "id": 35278,
        "name": "Burguer Original HEURA",
        "price": 4.99,
        "price_kilo": 24.95,
        "slug": "burguer-original",
        "description": "Burguer Original 200 Gr",
        "image": "https:\/\/cdn-consum.aktiosdigitalservices.com\/tol\/consum\/media\/product\/img\/300x300\/7446342.jpg?t=20250312130435"
    },
    {
        "id": 35279,
        "name": "Pasta Fresca Rellena de Costila Barbacoa RANA",
        "price": 2.7,
        "price_kilo": 10.8,
        "slug": "pasta-fresca-rellena-de-costila-barbacoa",
        "description": "Pasta Fresca Rellena de Costila Barbacoa 250 Gr",
        "image": "https:\/\/cdn-consum.aktiosdigitalservices.com\/tol\/consum\/media\/product\/img\/300x300\/7446412.jpg?t=20250312130438"
    },
    {
        "id": 35282,
        "name": "Pasta Rellena Gourmet Carrilleras de Ternera RANA",
        "price": 4.26,
        "price_kilo": 17.04,
        "slug": "pasta-rellena-gourmet-carrilleras-de-ternera",
        "description": "Pasta Rellena Gourmet Carrilleras de Ternera 250 Gr",
        "image": "https:\/\/cdn-consum.aktiosdigitalservices.com\/tol\/consum\/media\/product\/img\/300x300\/7446479.jpg?t=20250227095530"
    },
    {
        "id": 35284,
        "name": "Cocktail de Gambas ARGAL",
        "price": 3.25,
        "price_kilo": 14.77,
        "slug": "cocktail-de-gambas",
        "description": "Cocktail de Gambas 220 Gr",
        "image": "https:\/\/cdn-consum.aktiosdigitalservices.com\/tol\/consum\/media\/product\/img\/300x300\/7446631.jpg?t=20240910080602"
    },
    {
        "id": 35285,
        "name": "Pastillas Lavavajillas Quantum FINISH",
        "price": 6.99,
        "price_kilo": 0.25,
        "slug": "pastillas-lavavajillas-quantum",
        "description": "Pastillas Lavavajillas Quantum 28 U",
        "image": "https:\/\/cdn-consum.aktiosdigitalservices.com\/tol\/consum\/media\/product\/img\/300x300\/7446763.jpg?t=20250313081352"
    },
    {
        "id": 35288,
        "name": "Pan Molde 12 Cereales y Semillas OROWEAT",
        "price": 3.07,
        "price_kilo": 5.58,
        "slug": "pan-molde-12-cereales-y-semillas",
        "description": "Pan Molde 12 Cereales y Semillas 550 Gr",
        "image": "https:\/\/cdn-consum.aktiosdigitalservices.com\/tol\/consum\/media\/product\/img\/300x300\/7447030.jpg?t=20250313081353"
    },
    {
        "id": 35289,
        "name": "Taquito de Cerdo Estilo Andaluz CONSUM",
        "price": 3,
        "price_kilo": 9.99,
        "slug": "taquito-de-cerdo-estilo-andaluz",
        "description": "Taquito de Cerdo Estilo Andaluz",
        "image": "https:\/\/cdn-consum.aktiosdigitalservices.com\/tol\/consum\/media\/product\/img\/300x300\/7447076.jpg?t=20241217081407"
    },
    {
        "id": 35291,
        "name": "Hogaza Maestra Cereales ",
        "price": 2.83,
        "price_kilo": 6.29,
        "slug": "hogaza-maestra-cereales",
        "description": "Hogaza Maestra Cereales 450 Gr",
        "image": "https:\/\/cdn-consum.aktiosdigitalservices.com\/tol\/consum\/media\/product\/img\/300x300\/7447100.jpg?t=20250304115402"
    },
    {
        "id": 35292,
        "name": "Hogaza Maestra ",
        "price": 2.73,
        "price_kilo": 6.07,
        "slug": "hogaza-maestra",
        "description": "Hogaza Maestra 450 Gr",
        "image": "https:\/\/cdn-consum.aktiosdigitalservices.com\/tol\/consum\/media\/product\/img\/300x300\/7447139.jpg?t=20250228080807"
    },
    {
        "id": 35293,
        "name": "Suavizante Concentrado Cielo Azul VERNEL",
        "price": 2.89,
        "price_kilo": 0.05,
        "slug": "suavizante-concentrado-cielo-azul",
        "description": "Suavizante Concentrado Cielo Azul 60 Lv",
        "image": "https:\/\/cdn-consum.aktiosdigitalservices.com\/tol\/consum\/media\/product\/img\/300x300\/7447191.jpg?t=20250312161609"
    },
    {
        "id": 35294,
        "name": "Suavizante Concentrado Aromaterapia VERNEL",
        "price": 2.89,
        "price_kilo": 0.05,
        "slug": "suavizante-concentrado-aromaterapia",
        "description": "Suavizante Concentrado Aromaterapia 60 Lv",
        "image": "https:\/\/cdn-consum.aktiosdigitalservices.com\/tol\/consum\/media\/product\/img\/300x300\/7447196.jpg?t=20250312161611"
    },
    {
        "id": 35295,
        "name": "Suavizante Concentrado Delicado VERNEL",
        "price": 2.89,
        "price_kilo": 0.05,
        "slug": "suavizante-concentrado-delicado",
        "description": "Suavizante Concentrado Delicado 60 Lv",
        "image": "https:\/\/cdn-consum.aktiosdigitalservices.com\/tol\/consum\/media\/product\/img\/300x300\/7447204.jpg?t=20250312161613"
    },
    {
        "id": 35296,
        "name": "Suavizante Concentrado Frescor VERNEL",
        "price": 2.89,
        "price_kilo": 0.05,
        "slug": "suavizante-concentrado-frescor",
        "description": "Suavizante Concentrado Frescor 60 Lv",
        "image": "https:\/\/cdn-consum.aktiosdigitalservices.com\/tol\/consum\/media\/product\/img\/300x300\/7447209.jpg?t=20250312161615"
    },
    {
        "id": 35297,
        "name": "Comida Seca Perro Adulto Rico en Buey VITALITY",
        "price": 10.25,
        "price_kilo": 0.85,
        "slug": "comida-seca-perro-adulto-rico-en-buey",
        "description": "Comida Seca Perro Adulto Rico en Buey 12 Kg",
        "image": "https:\/\/cdn-consum.aktiosdigitalservices.com\/tol\/consum\/media\/product\/img\/300x300\/7429496.jpg?t=20250312092838"
    },
    {
        "id": 35298,
        "name": "Patatas Onduladas Bolsa CONSUM",
        "price": 1,
        "price_kilo": 6.67,
        "slug": "patatas-onduladas-bolsa",
        "description": "Patatas Onduladas Bolsa 150 Gr",
        "image": "https:\/\/cdn-consum.aktiosdigitalservices.com\/tol\/consum\/media\/product\/img\/300x300\/7432040.jpg?t=20250312092841"
    },
    {
        "id": 35299,
        "name": "Gnocchis Patatas CONSUM",
        "price": 1.12,
        "price_kilo": 2.24,
        "slug": "gnocchis-patatas",
        "description": "Gnocchis Patatas 500 Gr",
        "image": "https:\/\/cdn-consum.aktiosdigitalservices.com\/tol\/consum\/media\/product\/img\/300x300\/7437283.jpg?t=20250103082743"
    },
    {
        "id": 35302,
        "name": "Ap\u00f3sito Dolor Muscular FARMAMED",
        "price": 3.75,
        "price_kilo": 1.88,
        "slug": "aposito-dolor-muscular",
        "description": "Ap\u00f3sito Dolor Muscular 2 U",
        "image": "https:\/\/cdn-consum.aktiosdigitalservices.com\/tol\/consum\/media\/product\/img\/300x300\/7444581.jpg?t=20250312092904"
    },
    {
        "id": 35303,
        "name": "Mejill\u00f3n Peso Aproximado 1 kg ",
        "price": 3.39,
        "price_kilo": 3.39,
        "slug": "mejillon-peso-aproximado-1-kg",
        "description": "Mejill\u00f3n Peso Aproximado 1 kg 1 Kg",
        "image": "https:\/\/cdn-consum.aktiosdigitalservices.com\/tol\/consum\/media\/product\/img\/300x300\/7445039.jpg?t=20250318080842"
    },
    {
        "id": 35304,
        "name": "Mini Bomb\u00f3n Magnum Classic x6 Superprecio MAGNUM",
        "price": 2.99,
        "price_kilo": 12.01,
        "slug": "mini-bombon-magnum-classic-x6-superprecio",
        "description": "Mini Bomb\u00f3n Magnum Classic x6 Superprecio 249 Gr",
        "image": "https:\/\/cdn-consum.aktiosdigitalservices.com\/tol\/consum\/media\/product\/img\/300x300\/7445476.jpg?t=20241217081359"
    },
    {
        "id": 35305,
        "name": "Colonia Aguas Intensas N\u00ba 17 Sensual V&L",
        "price": 13.95,
        "price_kilo": 93,
        "slug": "colonia-aguas-intensas-n-17-sensual",
        "description": "Colonia Aguas Intensas N\u00ba 17 Sensual 150 ml",
        "image": "https:\/\/cdn-consum.aktiosdigitalservices.com\/tol\/consum\/media\/product\/img\/300x300\/7445521.jpg?t=20241217081401"
    },
    {
        "id": 35306,
        "name": "Hilo Dental Mentolado con Fl\u00faor FORAMEN",
        "price": 1.15,
        "price_kilo": 1.15,
        "slug": "hilo-dental-mentolado-con-fluor",
        "description": "Hilo Dental Mentolado con Fl\u00faor 1 U",
        "image": "https:\/\/cdn-consum.aktiosdigitalservices.com\/tol\/consum\/media\/product\/img\/300x300\/7445542.jpg?t=20241217081401"
    },
    {
        "id": 35313,
        "name": "Tomate Ensalada Tradicional Bandeja ",
        "price": 2.59,
        "price_kilo": 2.59,
        "slug": "tomate-ensalada-tradicional-bandeja",
        "description": "Tomate Ensalada Tradicional Bandeja 1 Kg",
        "image": "https:\/\/cdn-consum.aktiosdigitalservices.com\/tol\/consum\/media\/product\/img\/300x300\/7446318.jpg?t=20250312130433"
    },
    {
        "id": 35316,
        "name": "Emp.Bac\u00f3n11%,York11% Queso7%,Champi\u00f1\u00f3n6% ",
        "price": 1.49,
        "price_kilo": 12.42,
        "slug": "empbacon11york11-queso7champinon6",
        "description": "Emp.Bac\u00f3n11%,York11% Queso7%,Champi\u00f1\u00f3n6% 120 Gr",
        "image": "https:\/\/cdn-consum.aktiosdigitalservices.com\/tol\/consum\/media\/product\/img\/300x300\/7446370.jpg?t=20250318081020"
    },
    {
        "id": 35319,
        "name": "Ginebra Strawberry N.VALLEY",
        "price": 7.15,
        "price_kilo": 10.21,
        "slug": "ginebra-strawberry",
        "description": "Ginebra Strawberry 0,7 L",
        "image": "https:\/\/cdn-consum.aktiosdigitalservices.com\/tol\/consum\/media\/product\/img\/300x300\/7447001.jpg?t=20250206102729"
    },
    {
        "id": 35320,
        "name": "Bollo R\u00fastico Sin Gluten ",
        "price": 1.19,
        "price_kilo": 10.82,
        "slug": "bollo-rustico-sin-gluten",
        "description": "Bollo R\u00fastico Sin Gluten 110 Gr",
        "image": "https:\/\/cdn-consum.aktiosdigitalservices.com\/tol\/consum\/media\/product\/img\/300x300\/7447175.jpg?t=20250318081020"
    },
    {
        "id": 35321,
        "name": "Cava Brut D.O. Cava N\u00ba 1",
        "price": 8.59,
        "price_kilo": 11.45,
        "slug": "cava-brut-do-cava",
        "description": "Cava Brut D.O. Cava 0,75 L",
        "image": "https:\/\/cdn-consum.aktiosdigitalservices.com\/tol\/consum\/media\/product\/img\/300x300\/7447217.jpg?t=20250318080849"
    },
    {
        "id": 35322,
        "name": "Batido Cacao Botell\u00edn CACAOLAT",
        "price": 3.15,
        "price_kilo": 3.94,
        "slug": "batido-cacao-botellin",
        "description": "Batido Cacao Botell\u00edn 4 x 200 ml",
        "image": "https:\/\/cdn-consum.aktiosdigitalservices.com\/tol\/consum\/media\/product\/img\/300x300\/7447493.jpg?t=20250313081357"
    },
    {
        "id": 35324,
        "name": "Filete Merluza Doble Congelado CONSUM",
        "price": 4.05,
        "price_kilo": 13.5,
        "slug": "filete-merluza-doble-congelado",
        "description": "Filete Merluza Doble Congelado",
        "image": "https:\/\/cdn-consum.aktiosdigitalservices.com\/tol\/consum\/media\/product\/img\/300x300\/7443310.jpg?t=20250301080201"
    },
    {
        "id": 35326,
        "name": "Champ\u00fa Antica\u00edda Normal NATUR",
        "price": 3.99,
        "price_kilo": 1.33,
        "slug": "champu-anticaida-normal",
        "description": "Champ\u00fa Antica\u00edda Normal 300 ml",
        "image": "https:\/\/cdn-consum.aktiosdigitalservices.com\/tol\/consum\/media\/product\/img\/300x300\/7446052.jpg?t=20250318081020"
    },
    {
        "id": 35327,
        "name": "Champ\u00fa Antica\u00edda Graso NATUR",
        "price": 3.99,
        "price_kilo": 1.33,
        "slug": "champu-anticaida-graso",
        "description": "Champ\u00fa Antica\u00edda Graso 300 ml",
        "image": "https:\/\/cdn-consum.aktiosdigitalservices.com\/tol\/consum\/media\/product\/img\/300x300\/7446057.jpg?t=20250227095517"
    },
    {
        "id": 35329,
        "name": "Arroz Variedad Marisma Para Caldosos y Melosos TARTANA",
        "price": 4.11,
        "price_kilo": 4.11,
        "slug": "arroz-variedad-marisma-para-caldosos-y-melosos",
        "description": "Arroz Variedad Marisma Para Caldosos y Melosos 1 Kg",
        "image": "https:\/\/cdn-consum.aktiosdigitalservices.com\/tol\/consum\/media\/product\/img\/300x300\/7447183.jpg?t=20250103082835"
    },
    {
        "id": 35332,
        "name": "Masa Oblea Estilo Argentino BUITONI",
        "price": 2.45,
        "price_kilo": 7,
        "slug": "masa-oblea-estilo-argentino",
        "description": "Masa Oblea Estilo Argentino 350 Gr",
        "image": "https:\/\/cdn-consum.aktiosdigitalservices.com\/tol\/consum\/media\/product\/img\/300x300\/7447522.jpg?t=20250313081358"
    },
    {
        "id": 35333,
        "name": "Semillas De Lino NATURCESTA",
        "price": 2.5,
        "price_kilo": 6.25,
        "slug": "semillas-de-lino",
        "description": "Semillas De Lino 400 Gr",
        "image": "https:\/\/cdn-consum.aktiosdigitalservices.com\/tol\/consum\/media\/product\/img\/300x300\/7447527.jpg?t=20250315075952"
    },
    {
        "id": 35335,
        "name": "Tomate Rallado Tarrina BONNYSA",
        "price": 1.45,
        "price_kilo": 5.8,
        "slug": "tomate-rallado-tarrina",
        "description": "Tomate Rallado Tarrina 250 Gr",
        "image": "https:\/\/cdn-consum.aktiosdigitalservices.com\/tol\/consum\/media\/product\/img\/300x300\/7447576.jpg?t=20250225080322"
    },
    {
        "id": 35337,
        "name": "Crema Masaje Sport TECSANIA",
        "price": 5.99,
        "price_kilo": 59.9,
        "slug": "crema-masaje-sport",
        "description": "Crema Masaje Sport 100 ml",
        "image": "https:\/\/cdn-consum.aktiosdigitalservices.com\/tol\/consum\/media\/product\/img\/300x300\/7447621.jpg?t=20250312092909"
    },
    {
        "id": 35340,
        "name": "Pan Burguer Brioche ST.PIERRE",
        "price": 2.64,
        "price_kilo": 0.66,
        "slug": "pan-burguer-brioche",
        "description": "Pan Burguer Brioche 4 U",
        "image": "https:\/\/cdn-consum.aktiosdigitalservices.com\/tol\/consum\/media\/product\/img\/300x300\/7447969.jpg?t=20250311113637"
    },
    {
        "id": 35341,
        "name": "Pan Burguer Brioche S\u00e9samo ST.PIERRE",
        "price": 2.64,
        "price_kilo": 0.66,
        "slug": "pan-burguer-brioche-sesamo",
        "description": "Pan Burguer Brioche S\u00e9samo 4 U",
        "image": "https:\/\/cdn-consum.aktiosdigitalservices.com\/tol\/consum\/media\/product\/img\/300x300\/7447972.jpg?t=20250311113639"
    },
    {
        "id": 35342,
        "name": "Chocolate con Leche Almendras sin Az\u00facar CONSUM",
        "price": 2.75,
        "price_kilo": 15.71,
        "slug": "chocolate-con-leche-almendras-sin-azucar",
        "description": "Chocolate con Leche Almendras sin Az\u00facar 175 Gr",
        "image": "https:\/\/cdn-consum.aktiosdigitalservices.com\/tol\/consum\/media\/product\/img\/300x300\/7431997.jpg?t=20250318080735"
    },
    {
        "id": 35343,
        "name": "T\u00e9 Lim\u00f3n Sin Az\u00facar Pet FUZE TEA",
        "price": 1.49,
        "price_kilo": 1,
        "slug": "te-limon-sin-azucar-pet",
        "description": "T\u00e9 Lim\u00f3n Sin Az\u00facar Pet 1,5 L",
        "image": "https:\/\/cdn-consum.aktiosdigitalservices.com\/tol\/consum\/media\/product\/img\/300x300\/7445067.jpg?t=20250227095453"
    },
    {
        "id": 35344,
        "name": "T\u00e9 Lim\u00f3n Pet FUZE TEA",
        "price": 1.49,
        "price_kilo": 1,
        "slug": "te-limon-pet",
        "description": "T\u00e9 Lim\u00f3n Pet 1,5 L",
        "image": "https:\/\/cdn-consum.aktiosdigitalservices.com\/tol\/consum\/media\/product\/img\/300x300\/7445070.jpg?t=20250227095455"
    },
    {
        "id": 35346,
        "name": "Crema Definidora Apta M\u00e9todo Curly GIORGI",
        "price": 4.35,
        "price_kilo": 21.75,
        "slug": "crema-definidora-apta-metodo-curly",
        "description": "Crema Definidora Apta M\u00e9todo Curly 200 ml",
        "image": "https:\/\/cdn-consum.aktiosdigitalservices.com\/tol\/consum\/media\/product\/img\/300x300\/7445976.jpg?t=20241217081403"
    },
    {
        "id": 35349,
        "name": "Aceite de Coco Oil&Go Hidratante NAT.HONEY",
        "price": 3.49,
        "price_kilo": 1.4,
        "slug": "aceite-de-coco-oilgo-hidratante",
        "description": "Aceite de Coco Oil&Go Hidratante 250 ml",
        "image": "https:\/\/cdn-consum.aktiosdigitalservices.com\/tol\/consum\/media\/product\/img\/300x300\/7446305.jpg?t=20250215080021"
    },
    {
        "id": 35350,
        "name": "Aceite Arg\u00e1n Oil&Go Hidratante NAT.HONEY",
        "price": 3.49,
        "price_kilo": 1.4,
        "slug": "aceite-argan-oilgo-hidratante",
        "description": "Aceite Arg\u00e1n Oil&Go Hidratante 250 ml",
        "image": "https:\/\/cdn-consum.aktiosdigitalservices.com\/tol\/consum\/media\/product\/img\/300x300\/7446313.jpg?t=20250215080023"
    },
    {
        "id": 35354,
        "name": "Dent\u00edfrico Complete Integral 8 SIGNAL",
        "price": 2.35,
        "price_kilo": 3.13,
        "slug": "dentifrico-complete-integral-8",
        "description": "Dent\u00edfrico Complete Integral 8 75 ml",
        "image": "https:\/\/cdn-consum.aktiosdigitalservices.com\/tol\/consum\/media\/product\/img\/300x300\/7446425.jpg?t=20250206102630"
    },
    {
        "id": 35355,
        "name": "Loci\u00f3n Repara&Cuida Piel Seca\/Extra-Seca NIVEA",
        "price": 5.99,
        "price_kilo": 1.5,
        "slug": "locion-reparacuida-piel-seca-extra-seca",
        "description": "Loci\u00f3n Repara&Cuida Piel Seca\/Extra-Seca 400 ml",
        "image": "https:\/\/cdn-consum.aktiosdigitalservices.com\/tol\/consum\/media\/product\/img\/300x300\/7446461.jpg?t=20250227095526"
    },
    {
        "id": 35356,
        "name": "Crema Repara y Cuida Piel Extra-Seca y \u00c1spera NIVEA",
        "price": 7.99,
        "price_kilo": 2,
        "slug": "crema-repara-y-cuida-piel-extra-seca-y-aspera",
        "description": "Crema Repara y Cuida Piel Extra-Seca y \u00c1spera 400 ml",
        "image": "https:\/\/cdn-consum.aktiosdigitalservices.com\/tol\/consum\/media\/product\/img\/300x300\/7446466.jpg?t=20250313081350"
    },
    {
        "id": 35361,
        "name": "Comida Semi-H\u00fameda Perro Mini FROLIC",
        "price": 7.43,
        "price_kilo": 9.29,
        "slug": "comida-semi-humeda-perro-mini",
        "description": "Comida Semi-H\u00fameda Perro Mini 800 Gr",
        "image": "https:\/\/cdn-consum.aktiosdigitalservices.com\/tol\/consum\/media\/product\/img\/300x300\/7447282.jpg?t=20250313081355"
    },
    {
        "id": 35362,
        "name": "Cepillo Suave Espuma Limpiadora COLGATE",
        "price": 3.99,
        "price_kilo": 3.99,
        "slug": "cepillo-suave-espuma-limpiadora",
        "description": "Cepillo Suave Espuma Limpiadora 1 U",
        "image": "https:\/\/cdn-consum.aktiosdigitalservices.com\/tol\/consum\/media\/product\/img\/300x300\/7447519.jpg?t=20250227095603"
    },
    {
        "id": 35363,
        "name": "Ambientador Coche Mango MY HOME",
        "price": 2.19,
        "price_kilo": 2.19,
        "slug": "ambientador-coche-mango",
        "description": "Ambientador Coche Mango 1 U",
        "image": "https:\/\/cdn-consum.aktiosdigitalservices.com\/tol\/consum\/media\/product\/img\/300x300\/7447688.jpg?t=20241217081408"
    },
    {
        "id": 35364,
        "name": "Pa\u00f1al Talla 2 Nature 3-6 kg CHELINO",
        "price": 6.5,
        "price_kilo": 0.23,
        "slug": "panal-talla-2-nature-3-6-kg",
        "description": "Pa\u00f1al Talla 2 Nature 3-6 kg 28 U",
        "image": "https:\/\/cdn-consum.aktiosdigitalservices.com\/tol\/consum\/media\/product\/img\/300x300\/7447951.jpg?t=20250312092909"
    },
    {
        "id": 35365,
        "name": "Garbanzo Pedrosillano GUTARRA",
        "price": 1.29,
        "price_kilo": 5.38,
        "slug": "garbanzo-pedrosillano",
        "description": "Garbanzo Pedrosillano 2 x 120 Gr",
        "image": "https:\/\/cdn-consum.aktiosdigitalservices.com\/tol\/consum\/media\/product\/img\/300x300\/7447977.jpg?t=20250320080350"
    },
    {
        "id": 35366,
        "name": "Macarr\u00f3n Integral CONSUM",
        "price": 1.21,
        "price_kilo": 2.42,
        "slug": "macarron-integral",
        "description": "Macarr\u00f3n Integral 500 Gr",
        "image": "https:\/\/cdn-consum.aktiosdigitalservices.com\/tol\/consum\/media\/product\/img\/300x300\/7430077.jpg?t=20250312092838"
    },
    {
        "id": 35367,
        "name": "K\u00e9fir Natural S\u00f3lido CONSUM",
        "price": 1.18,
        "price_kilo": 2.36,
        "slug": "kefir-natural-solido",
        "description": "K\u00e9fir Natural S\u00f3lido 500 Gr",
        "image": "https:\/\/cdn-consum.aktiosdigitalservices.com\/tol\/consum\/media\/product\/img\/300x300\/7432735.jpg?t=20241223080617"
    },
    {
        "id": 35403,
        "name": "Vino Tinto 10 Meses D.O. Ribera del Duero PORTIA",
        "price": 9.95,
        "price_kilo": 13.27,
        "slug": "vino-tinto-10-meses-do-ribera-del-duero",
        "description": "Vino Tinto 10 Meses D.O. Ribera del Duero 0,75 L",
        "image": "https:\/\/cdn-consum.aktiosdigitalservices.com\/tol\/consum\/media\/product\/img\/300x300\/7445901.jpg?t=20250312092907"
    },
    {
        "id": 35405,
        "name": "Neutralizador de Olores Algod\u00f3n Fresco Pistola AIR WICK",
        "price": 2.49,
        "price_kilo": 10.55,
        "slug": "neutralizador-de-olores-algodon-fresco-pistola",
        "description": "Neutralizador de Olores Algod\u00f3n Fresco Pistola 236 ml",
        "image": "https:\/\/cdn-consum.aktiosdigitalservices.com\/tol\/consum\/media\/product\/img\/300x300\/7446011.jpg?t=20241231075952"
    },
    {
        "id": 35407,
        "name": "Jam\u00f3n Gran Reserva Curaci\u00f3n 15 Meses CONSUM",
        "price": 2.99,
        "price_kilo": 19.93,
        "slug": "jamon-gran-reserva-curacion-15-meses",
        "description": "Jam\u00f3n Gran Reserva Curaci\u00f3n 15 Meses 150 Gr",
        "image": "https:\/\/cdn-consum.aktiosdigitalservices.com\/tol\/consum\/media\/product\/img\/300x300\/7446102.jpg?t=20250319080050"
    },
    {
        "id": 35408,
        "name": "Jam\u00f3n Gran Reserva Curaci\u00f3n 15 Meses CONSUM",
        "price": 4.1,
        "price_kilo": 16.4,
        "slug": "jamon-gran-reserva-curacion-15-meses",
        "description": "Jam\u00f3n Gran Reserva Curaci\u00f3n 15 Meses 250 Gr",
        "image": "https:\/\/cdn-consum.aktiosdigitalservices.com\/tol\/consum\/media\/product\/img\/300x300\/7446107.jpg?t=20250304115344"
    },
    {
        "id": 35409,
        "name": "Jam\u00f3n Gran Reserva Medias y Finas Lonchas CONSUM",
        "price": 3.79,
        "price_kilo": 17.23,
        "slug": "jamon-gran-reserva-medias-y-finas-lonchas",
        "description": "Jam\u00f3n Gran Reserva Medias y Finas Lonchas 2 x 110 Gr",
        "image": "https:\/\/cdn-consum.aktiosdigitalservices.com\/tol\/consum\/media\/product\/img\/300x300\/7446110.jpg?t=20250304115345"
    },
    {
        "id": 35410,
        "name": "Jam\u00f3n Reserva Duroc Reducido en Sal LA HOGUERA",
        "price": 3.79,
        "price_kilo": 37.9,
        "slug": "jamon-reserva-duroc-reducido-en-sal",
        "description": "Jam\u00f3n Reserva Duroc Reducido en Sal 100 Gr",
        "image": "https:\/\/cdn-consum.aktiosdigitalservices.com\/tol\/consum\/media\/product\/img\/300x300\/7446474.jpg?t=20250206102639"
    },
    {
        "id": 35412,
        "name": "Enjuague Bucal Mentol LISTERINE",
        "price": 2.75,
        "price_kilo": 1.1,
        "slug": "enjuague-bucal-mentol",
        "description": "Enjuague Bucal Mentol 250 ml",
        "image": "https:\/\/cdn-consum.aktiosdigitalservices.com\/tol\/consum\/media\/product\/img\/300x300\/7446730.jpg?t=20250206102654"
    },
    {
        "id": 35413,
        "name": "Lej\u00eda con Detergente CLOROMAX",
        "price": 1.69,
        "price_kilo": 0.85,
        "slug": "lejia-con-detergente",
        "description": "Lej\u00eda con Detergente 2 L",
        "image": "https:\/\/cdn-consum.aktiosdigitalservices.com\/tol\/consum\/media\/product\/img\/300x300\/7446821.jpg?t=20241217081407"
    },
    {
        "id": 35414,
        "name": "Rodaja Emperador SAN MARCO",
        "price": 4.73,
        "price_kilo": 22.5,
        "slug": "rodaja-emperador",
        "description": "Rodaja Emperador",
        "image": "https:\/\/cdn-consum.aktiosdigitalservices.com\/tol\/consum\/media\/product\/img\/300x300\/7447170.jpg?t=20250312161607"
    },
    {
        "id": 35418,
        "name": "Champ\u00fa Lamellar Shine TRESEMME",
        "price": 5.99,
        "price_kilo": 8.74,
        "slug": "champu-lamellar-shine",
        "description": "Champ\u00fa Lamellar Shine 685 ml",
        "image": "https:\/\/cdn-consum.aktiosdigitalservices.com\/tol\/consum\/media\/product\/img\/300x300\/7447431.jpg?t=20250312161617"
    },
    {
        "id": 35419,
        "name": "Acondicionador Lamella Shine TRESEMME",
        "price": 5.99,
        "price_kilo": 8.74,
        "slug": "acondicionador-lamella-shine",
        "description": "Acondicionador Lamella Shine 685 ml",
        "image": "https:\/\/cdn-consum.aktiosdigitalservices.com\/tol\/consum\/media\/product\/img\/300x300\/7447436.jpg?t=20250227095557"
    },
    {
        "id": 35420,
        "name": "Pa\u00f1uelo Bolsillo Collection KLEENEX",
        "price": 2.65,
        "price_kilo": 0.18,
        "slug": "panuelo-bolsillo-collection",
        "description": "Pa\u00f1uelo Bolsillo Collection 15 U",
        "image": "https:\/\/cdn-consum.aktiosdigitalservices.com\/tol\/consum\/media\/product\/img\/300x300\/7447480.jpg?t=20250227095559"
    },
    {
        "id": 35423,
        "name": "Alubia Blanca Baby GUTARRA",
        "price": 1.29,
        "price_kilo": 5.38,
        "slug": "alubia-blanca-baby",
        "description": "Alubia Blanca Baby 2 x 120 Gr",
        "image": "https:\/\/cdn-consum.aktiosdigitalservices.com\/tol\/consum\/media\/product\/img\/300x300\/7448087.jpg?t=20250320080352"
    },
    {
        "id": 35424,
        "name": "Detergente C\u00e1psulas Ultimate SKIP",
        "price": 7.25,
        "price_kilo": 0.48,
        "slug": "detergente-capsulas-ultimate",
        "description": "Detergente C\u00e1psulas Ultimate 15 Lv",
        "image": "https:\/\/cdn-consum.aktiosdigitalservices.com\/tol\/consum\/media\/product\/img\/300x300\/7448157.jpg?t=20250227095612"
    },
    {
        "id": 35428,
        "name": "Jam\u00f3n Gran Reserva Finas Lonchas CONSUM",
        "price": 2.49,
        "price_kilo": 20.75,
        "slug": "jamon-gran-reserva-finas-lonchas",
        "description": "Jam\u00f3n Gran Reserva Finas Lonchas 120 Gr",
        "image": "https:\/\/cdn-consum.aktiosdigitalservices.com\/tol\/consum\/media\/product\/img\/300x300\/7446115.jpg?t=20250205080857"
    },
    {
        "id": 35432,
        "name": "Recambio Humificador Aire Fresco MY HOME",
        "price": 3.99,
        "price_kilo": 7.98,
        "slug": "recambio-humificador-aire-fresco",
        "description": "Recambio Humificador Aire Fresco 50 ml",
        "image": "https:\/\/cdn-consum.aktiosdigitalservices.com\/tol\/consum\/media\/product\/img\/300x300\/7447691.jpg?t=20241217081408"
    },
    {
        "id": 35433,
        "name": "Gyozas de Gambas TA-TUNG",
        "price": 3.79,
        "price_kilo": 26.32,
        "slug": "gyozas-de-gambas",
        "description": "Gyozas de Gambas 144 Gr",
        "image": "https:\/\/cdn-consum.aktiosdigitalservices.com\/tol\/consum\/media\/product\/img\/300x300\/7447944.jpg?t=20250312130441"
    },
    {
        "id": 35434,
        "name": "Pochas de Navarra Frescas GUTARRA",
        "price": 3.49,
        "price_kilo": 8.73,
        "slug": "pochas-de-navarra-frescas",
        "description": "Pochas de Navarra Frescas 400 Gr",
        "image": "https:\/\/cdn-consum.aktiosdigitalservices.com\/tol\/consum\/media\/product\/img\/300x300\/7447985.jpg?t=20250227095610"
    },
    {
        "id": 35435,
        "name": "Ambientador Mikado S\u00e1ndalo Ex\u00f3tico AMBIENTAIR",
        "price": 4.95,
        "price_kilo": 4.95,
        "slug": "ambientador-mikado-sandalo-exotico",
        "description": "Ambientador Mikado S\u00e1ndalo Ex\u00f3tico 100 ml",
        "image": "https:\/\/cdn-consum.aktiosdigitalservices.com\/tol\/consum\/media\/product\/img\/300x300\/7448178.jpg?t=20250227095614"
    },
    {
        "id": 35436,
        "name": "Tarta Cookies Cheesecake ",
        "price": 6.99,
        "price_kilo": 19.97,
        "slug": "tarta-cookies-cheesecake",
        "description": "Tarta Cookies Cheesecake 350 Gr",
        "image": "https:\/\/cdn-consum.aktiosdigitalservices.com\/tol\/consum\/media\/product\/img\/300x300\/7448202.jpg?t=20250318081020"
    },
    {
        "id": 35437,
        "name": "Detergente L\u00edquido Limpieza Profunda SKIP",
        "price": 10.29,
        "price_kilo": 0.29,
        "slug": "detergente-liquido-limpieza-profunda",
        "description": "Detergente L\u00edquido Limpieza Profunda 35 Lv",
        "image": "https:\/\/cdn-consum.aktiosdigitalservices.com\/tol\/consum\/media\/product\/img\/300x300\/7448314.jpg?t=20250312092909"
    },
    {
        "id": 35438,
        "name": "Detergente L\u00edquido Ultimate SKIP",
        "price": 11.29,
        "price_kilo": 0.34,
        "slug": "detergente-liquido-ultimate",
        "description": "Detergente L\u00edquido Ultimate 33 Lv",
        "image": "https:\/\/cdn-consum.aktiosdigitalservices.com\/tol\/consum\/media\/product\/img\/300x300\/7448322.jpg?t=20250218081429"
    },
    {
        "id": 35439,
        "name": "Mascarilla de Color Negro Intense NELLY",
        "price": 2.79,
        "price_kilo": 4.65,
        "slug": "mascarilla-de-color-negro-intense",
        "description": "Mascarilla de Color Negro Intense 60 ml",
        "image": "https:\/\/cdn-consum.aktiosdigitalservices.com\/tol\/consum\/media\/product\/img\/300x300\/7446834.jpg?t=20250227095539"
    },
    {
        "id": 35440,
        "name": "Mascarilla de Color Marr\u00f3n NELLY",
        "price": 2.79,
        "price_kilo": 4.65,
        "slug": "mascarilla-de-color-marron",
        "description": "Mascarilla de Color Marr\u00f3n 60 ml",
        "image": "https:\/\/cdn-consum.aktiosdigitalservices.com\/tol\/consum\/media\/product\/img\/300x300\/7446839.jpg?t=20250227095540"
    },
    {
        "id": 35441,
        "name": "Mascarilla de Color Cobre NELLY",
        "price": 2.79,
        "price_kilo": 4.65,
        "slug": "mascarilla-de-color-cobre",
        "description": "Mascarilla de Color Cobre 60 ml",
        "image": "https:\/\/cdn-consum.aktiosdigitalservices.com\/tol\/consum\/media\/product\/img\/300x300\/7446842.jpg?t=20250227095542"
    },
    {
        "id": 35442,
        "name": "Mascarilla de Color Rojo NELLY",
        "price": 2.79,
        "price_kilo": 4.65,
        "slug": "mascarilla-de-color-rojo",
        "description": "Mascarilla de Color Rojo 60 ml",
        "image": "https:\/\/cdn-consum.aktiosdigitalservices.com\/tol\/consum\/media\/product\/img\/300x300\/7446847.jpg?t=20250227095544"
    },
    {
        "id": 35443,
        "name": "Mascarilla de Color Rubio NELLY",
        "price": 2.79,
        "price_kilo": 4.65,
        "slug": "mascarilla-de-color-rubio",
        "description": "Mascarilla de Color Rubio 60 ml",
        "image": "https:\/\/cdn-consum.aktiosdigitalservices.com\/tol\/consum\/media\/product\/img\/300x300\/7446854.jpg?t=20250227095546"
    },
    {
        "id": 35444,
        "name": "Pasta Dental Kids 0 a 6 A\u00f1os Super Mario SIGNAL",
        "price": 2.45,
        "price_kilo": 326.67,
        "slug": "pasta-dental-kids-0-a-6-anos-super-mario",
        "description": "Pasta Dental Kids 0 a 6 A\u00f1os Super Mario 0,75 ml",
        "image": "https:\/\/cdn-consum.aktiosdigitalservices.com\/tol\/consum\/media\/product\/img\/300x300\/7447428.jpg?t=20250206102756"
    },
    {
        "id": 35446,
        "name": "Canelones de Champi\u00f1\u00f3n y Mix de Setas LA COCINERA",
        "price": 2.99,
        "price_kilo": 10.68,
        "slug": "canelones-de-champinon-y-mix-de-setas",
        "description": "Canelones de Champi\u00f1\u00f3n y Mix de Setas 280 Gr",
        "image": "https:\/\/cdn-consum.aktiosdigitalservices.com\/tol\/consum\/media\/product\/img\/300x300\/7448066.jpg?t=20250218081254"
    },
    {
        "id": 35447,
        "name": "Pate de Salm\u00f3n APIS",
        "price": 1.45,
        "price_kilo": 11.6,
        "slug": "pate-de-salmon",
        "description": "Pate de Salm\u00f3n 125 Gr",
        "image": "https:\/\/cdn-consum.aktiosdigitalservices.com\/tol\/consum\/media\/product\/img\/300x300\/7448137.jpg?t=20250318080854"
    },
    {
        "id": 35448,
        "name": "Colonia Femenina Chicca Bonita A.DE SEVILLA",
        "price": 11.5,
        "price_kilo": 7.67,
        "slug": "colonia-femenina-chicca-bonita",
        "description": "Colonia Femenina Chicca Bonita 150 ml",
        "image": "https:\/\/cdn-consum.aktiosdigitalservices.com\/tol\/consum\/media\/product\/img\/300x300\/7448145.jpg?t=20250312092909"
    },
    {
        "id": 35449,
        "name": "Vino Tinto Reserva D.O.Utiel-Requena FAUST.RIVERO",
        "price": 3.99,
        "price_kilo": 5.32,
        "slug": "vino-tinto-reserva-doutiel-requena",
        "description": "Vino Tinto Reserva D.O.Utiel-Requena 0,75 L",
        "image": "https:\/\/cdn-consum.aktiosdigitalservices.com\/tol\/consum\/media\/product\/img\/300x300\/7448256.jpg?t=20250220081152"
    },
    {
        "id": 35450,
        "name": "Panini de Verduras 39% ",
        "price": 1.75,
        "price_kilo": 14,
        "slug": "panini-de-verduras-39",
        "description": "Panini de Verduras 39% 125 Gr",
        "image": "https:\/\/cdn-consum.aktiosdigitalservices.com\/tol\/consum\/media\/product\/img\/300x300\/7448335.jpg?t=20250318081020"
    },
    {
        "id": 35453,
        "name": "Langostino Cocido Rodolfo PESCANOVA",
        "price": 6.49,
        "price_kilo": 12.98,
        "slug": "langostino-cocido-rodolfo",
        "description": "Langostino Cocido Rodolfo 500 Gr",
        "image": "https:\/\/cdn-consum.aktiosdigitalservices.com\/tol\/consum\/media\/product\/img\/300x300\/7448561.jpg?t=20250315075954"
    },
    {
        "id": 35454,
        "name": "Bocata R\u00fastico 1 Unidad ",
        "price": 0.51,
        "price_kilo": 4.63,
        "slug": "bocata-rustico-1-unidad",
        "description": "Bocata R\u00fastico 1 Unidad 110 Gr",
        "image": "https:\/\/cdn-consum.aktiosdigitalservices.com\/tol\/consum\/media\/product\/img\/300x300\/7448785.jpg?t=20250318080858"
    },
    {
        "id": 35455,
        "name": "T\u00e9 Matcha 10 Unidades ECOWASSY",
        "price": 3.29,
        "price_kilo": 21.93,
        "slug": "te-matcha-10-unidades",
        "description": "T\u00e9 Matcha 10 Unidades 10 x 1,5 Gr",
        "image": "https:\/\/cdn-consum.aktiosdigitalservices.com\/tol\/consum\/media\/product\/img\/300x300\/7446230.jpg?t=20250311135152"
    },
    {
        "id": 35456,
        "name": "Redes Eloy Moreno NUBE DE TINT",
        "price": 15.95,
        "price_kilo": 15.95,
        "slug": "redes-eloy-moreno",
        "description": "Redes Eloy Moreno 1 U",
        "image": "https:\/\/cdn-consum.aktiosdigitalservices.com\/tol\/consum\/media\/product\/img\/300x300\/7448207.jpg?t=20241217081410"
    },
    {
        "id": 35457,
        "name": "La Asistenta Freida McFradden SUMA",
        "price": 19.9,
        "price_kilo": 19.9,
        "slug": "la-asistenta-freida-mcfradden",
        "description": "La Asistenta Freida McFradden 1 U",
        "image": "https:\/\/cdn-consum.aktiosdigitalservices.com\/tol\/consum\/media\/product\/img\/300x300\/7448210.jpg?t=20241217081410"
    },
    {
        "id": 35467,
        "name": "Limpiacristales Espuma CONSUM",
        "price": 2.19,
        "price_kilo": 0.55,
        "slug": "limpiacristales-espuma",
        "description": "Limpiacristales Espuma 400 ml",
        "image": "https:\/\/cdn-consum.aktiosdigitalservices.com\/tol\/consum\/media\/product\/img\/300x300\/7427904.jpg?t=20250321080012"
    },
    {
        "id": 35469,
        "name": "Cigala Grande 7-8 AMATSU",
        "price": 15.9,
        "price_kilo": 31.8,
        "slug": "cigala-grande-7-8",
        "description": "Cigala Grande 7-8 500 Gr",
        "image": "https:\/\/cdn-consum.aktiosdigitalservices.com\/tol\/consum\/media\/product\/img\/300x300\/7433506.jpg?t=20250318080745"
    },
    {
        "id": 35471,
        "name": "Taboul\u00e9 Oriental CONSUM",
        "price": 2.75,
        "price_kilo": 6.88,
        "slug": "taboule-oriental",
        "description": "Taboul\u00e9 Oriental 400 Gr",
        "image": "https:\/\/cdn-consum.aktiosdigitalservices.com\/tol\/consum\/media\/product\/img\/300x300\/7437739.jpg?t=20241217081345"
    },
    {
        "id": 35472,
        "name": "Infusi\u00f3n Hinojo 20 Bolsitas CONSUM",
        "price": 1.05,
        "price_kilo": 0.05,
        "slug": "infusion-hinojo-20-bolsitas",
        "description": "Infusi\u00f3n Hinojo 20 Bolsitas 20 U",
        "image": "https:\/\/cdn-consum.aktiosdigitalservices.com\/tol\/consum\/media\/product\/img\/300x300\/7438455.jpg?t=20250311134953"
    },
    {
        "id": 35473,
        "name": "Infusi\u00f3n Jengibre y Lim\u00f3n 20 Bolsitas CONSUM",
        "price": 1.35,
        "price_kilo": 0.07,
        "slug": "infusion-jengibre-y-limon-20-bolsitas",
        "description": "Infusi\u00f3n Jengibre y Lim\u00f3n 20 Bolsitas 20 U",
        "image": "https:\/\/cdn-consum.aktiosdigitalservices.com\/tol\/consum\/media\/product\/img\/300x300\/7438463.jpg?t=20250311134955"
    },
    {
        "id": 35474,
        "name": "Infusi\u00f3n Tomillo 20 Bolsitas CONSUM",
        "price": 1.05,
        "price_kilo": 0.05,
        "slug": "infusion-tomillo-20-bolsitas",
        "description": "Infusi\u00f3n Tomillo 20 Bolsitas 20 U",
        "image": "https:\/\/cdn-consum.aktiosdigitalservices.com\/tol\/consum\/media\/product\/img\/300x300\/7438476.jpg?t=20250311134958"
    },
    {
        "id": 35475,
        "name": "Rooibos Frambuesa 20 Bolsitas CONSUM",
        "price": 1.15,
        "price_kilo": 0.06,
        "slug": "rooibos-frambuesa-20-bolsitas",
        "description": "Rooibos Frambuesa 20 Bolsitas 20 U",
        "image": "https:\/\/cdn-consum.aktiosdigitalservices.com\/tol\/consum\/media\/product\/img\/300x300\/7438492.jpg?t=20250311135000"
    },
    {
        "id": 35476,
        "name": "Gamba Blanca Caja de 500G ",
        "price": 8.5,
        "price_kilo": 17,
        "slug": "gamba-blanca-caja-de-500g",
        "description": "Gamba Blanca Caja de 500G 500 Gr",
        "image": "https:\/\/cdn-consum.aktiosdigitalservices.com\/tol\/consum\/media\/product\/img\/300x300\/7438955.jpg?t=20250318080818"
    },
    {
        "id": 35477,
        "name": "Tattoo Liner Negro MAYBELLINE",
        "price": 5.49,
        "price_kilo": 5.49,
        "slug": "tattoo-liner-negro",
        "description": "Tattoo Liner Negro 1 U",
        "image": "https:\/\/cdn-consum.aktiosdigitalservices.com\/tol\/consum\/media\/product\/img\/300x300\/7439529.jpg?t=20250227095239"
    },
    {
        "id": 35479,
        "name": "T\u00e9 Lim\u00f3n Sin Az\u00facar Lata. FUZE TEA",
        "price": 0.99,
        "price_kilo": 3,
        "slug": "te-limon-sin-azucar-lata",
        "description": "T\u00e9 Lim\u00f3n Sin Az\u00facar Lata. 0,33 L",
        "image": "https:\/\/cdn-consum.aktiosdigitalservices.com\/tol\/consum\/media\/product\/img\/300x300\/7445059.jpg?t=20250227095450"
    },
    {
        "id": 35480,
        "name": "T\u00e9 Lim\u00f3n Lata. FUZE TEA",
        "price": 0.99,
        "price_kilo": 3,
        "slug": "te-limon-lata",
        "description": "T\u00e9 Lim\u00f3n Lata. 0,33 L",
        "image": "https:\/\/cdn-consum.aktiosdigitalservices.com\/tol\/consum\/media\/product\/img\/300x300\/7445062.jpg?t=20250321080025"
    },
    {
        "id": 35486,
        "name": "Caldo de Pollo Asado ANETO",
        "price": 4.5,
        "price_kilo": 4.5,
        "slug": "caldo-de-pollo-asado",
        "description": "Caldo de Pollo Asado 1 L",
        "image": "https:\/\/cdn-consum.aktiosdigitalservices.com\/tol\/consum\/media\/product\/img\/300x300\/7446755.jpg?t=20250227095535"
    },
    {
        "id": 35500,
        "name": "Gel Intimo fresh Sin Aclarado CHILLY",
        "price": 4.99,
        "price_kilo": 49.9,
        "slug": "gel-intimo-fresh-sin-aclarado",
        "description": "Gel Intimo fresh Sin Aclarado 100 ml",
        "image": "https:\/\/cdn-consum.aktiosdigitalservices.com\/tol\/consum\/media\/product\/img\/300x300\/7447498.jpg?t=20250227095602"
    },
    {
        "id": 35501,
        "name": "Maquillaje Skin Tint Vit C N\u00ba3 MAYBELLINE",
        "price": 7.89,
        "price_kilo": 7.89,
        "slug": "maquillaje-skin-tint-vit-c-n3",
        "description": "Maquillaje Skin Tint Vit C N\u00ba3 1 U",
        "image": "https:\/\/cdn-consum.aktiosdigitalservices.com\/tol\/consum\/media\/product\/img\/300x300\/7447670.jpg?t=20250220081150"
    },
    {
        "id": 35504,
        "name": "Perfilador de Labios Lifter Liner MAYBELLINE",
        "price": 7.75,
        "price_kilo": 7.75,
        "slug": "perfilador-de-labios-lifter-liner",
        "description": "Perfilador de Labios Lifter Liner 1 U",
        "image": "https:\/\/cdn-consum.aktiosdigitalservices.com\/tol\/consum\/media\/product\/img\/300x300\/7447696.jpg?t=20250227095605"
    },
    {
        "id": 35505,
        "name": "Perfilador de Labios Lifter Liner MAYBELLINE",
        "price": 7.75,
        "price_kilo": 7.75,
        "slug": "perfilador-de-labios-lifter-liner",
        "description": "Perfilador de Labios Lifter Liner 1 U",
        "image": "https:\/\/cdn-consum.aktiosdigitalservices.com\/tol\/consum\/media\/product\/img\/300x300\/7447712.jpg?t=20250227095607"
    },
    {
        "id": 35506,
        "name": "Perfilador de Labios Lifter Liner MAYBELLINE",
        "price": 7.75,
        "price_kilo": 7.75,
        "slug": "perfilador-de-labios-lifter-liner",
        "description": "Perfilador de Labios Lifter Liner 1 U",
        "image": "https:\/\/cdn-consum.aktiosdigitalservices.com\/tol\/consum\/media\/product\/img\/300x300\/7447717.jpg?t=20250227095608"
    },
    {
        "id": 35509,
        "name": "Gamba Alistada 16-21 Piezas Caja 400G CRUZADO",
        "price": 17.9,
        "price_kilo": 44.75,
        "slug": "gamba-alistada-16-21-piezas-caja-400g",
        "description": "Gamba Alistada 16-21 Piezas Caja 400G 400 Gr",
        "image": "https:\/\/cdn-consum.aktiosdigitalservices.com\/tol\/consum\/media\/product\/img\/300x300\/7448129.jpg?t=20250318080851"
    },
    {
        "id": 35510,
        "name": "Colonia Femenina Her Secret Absolu BANDERA",
        "price": 14.95,
        "price_kilo": 29.9,
        "slug": "colonia-femenina-her-secret-absolu",
        "description": "Colonia Femenina Her Secret Absolu 50 ml",
        "image": "https:\/\/cdn-consum.aktiosdigitalservices.com\/tol\/consum\/media\/product\/img\/300x300\/7448566.jpg?t=20250312092909"
    },
    {
        "id": 35511,
        "name": "Colonia Femenina Fucsia SHAKIRA",
        "price": 10.95,
        "price_kilo": 21.9,
        "slug": "colonia-femenina-fucsia",
        "description": "Colonia Femenina Fucsia 50 ml",
        "image": "https:\/\/cdn-consum.aktiosdigitalservices.com\/tol\/consum\/media\/product\/img\/300x300\/7448579.jpg?t=20241224081030"
    },
    {
        "id": 35512,
        "name": "Colonia Masculina The Secret Absolu BANDERAS",
        "price": 16.95,
        "price_kilo": 16.95,
        "slug": "colonia-masculina-the-secret-absolu",
        "description": "Colonia Masculina The Secret Absolu 100 ml",
        "image": "https:\/\/cdn-consum.aktiosdigitalservices.com\/tol\/consum\/media\/product\/img\/300x300\/7448582.jpg?t=20241224081030"
    },
    {
        "id": 35513,
        "name": "Colonia Masculina We Are Tribe BENETTON",
        "price": 17.95,
        "price_kilo": 19.94,
        "slug": "colonia-masculina-we-are-tribe",
        "description": "Colonia Masculina We Are Tribe 90 ml",
        "image": "https:\/\/cdn-consum.aktiosdigitalservices.com\/tol\/consum\/media\/product\/img\/300x300\/7448590.jpg?t=20241217081411"
    },
    {
        "id": 35514,
        "name": "Colonia Masculina Night Attitude SPRINGFIELD",
        "price": 13.9,
        "price_kilo": 13.9,
        "slug": "colonia-masculina-night-attitude",
        "description": "Colonia Masculina Night Attitude 100 ml",
        "image": "https:\/\/cdn-consum.aktiosdigitalservices.com\/tol\/consum\/media\/product\/img\/300x300\/7448595.jpg?t=20241217081411"
    },
    {
        "id": 35515,
        "name": "Mix Up Favoritos MATUTANO",
        "price": 1.89,
        "price_kilo": 15.12,
        "slug": "mix-up-favoritos",
        "description": "Mix Up Favoritos 125 Gr",
        "image": "https:\/\/cdn-consum.aktiosdigitalservices.com\/tol\/consum\/media\/product\/img\/300x300\/7448632.jpg?t=20250304115423"
    },
    {
        "id": 35516,
        "name": "Patatas Gourmet Onduladas LAY'S",
        "price": 2.37,
        "price_kilo": 15.8,
        "slug": "patatas-gourmet-onduladas",
        "description": "Patatas Gourmet Onduladas 150 Gr",
        "image": "https:\/\/cdn-consum.aktiosdigitalservices.com\/tol\/consum\/media\/product\/img\/300x300\/7448640.jpg?t=20250313081408"
    },
    {
        "id": 35517,
        "name": "Ambientador Mikado Perfume Goji AMBIENTAIR",
        "price": 3.25,
        "price_kilo": 6.5,
        "slug": "ambientador-mikado-perfume-goji",
        "description": "Ambientador Mikado Perfume Goji 50 ml",
        "image": "https:\/\/cdn-consum.aktiosdigitalservices.com\/tol\/consum\/media\/product\/img\/300x300\/7448652.jpg?t=20241217081411"
    },
    {
        "id": 35518,
        "name": "Ambientador Mikado Perfume Ave del Paraiso AMBIENTAIR",
        "price": 3.25,
        "price_kilo": 6.5,
        "slug": "ambientador-mikado-perfume-ave-del-paraiso",
        "description": "Ambientador Mikado Perfume Ave del Paraiso 50 ml",
        "image": "https:\/\/cdn-consum.aktiosdigitalservices.com\/tol\/consum\/media\/product\/img\/300x300\/7448657.jpg?t=20241217081411"
    },
    {
        "id": 35519,
        "name": "Ambientador Mikado Perfume T\u00e9 Verde Lima AMBIENTAIR",
        "price": 3.25,
        "price_kilo": 6.5,
        "slug": "ambientador-mikado-perfume-te-verde-lima",
        "description": "Ambientador Mikado Perfume T\u00e9 Verde Lima 50 ml",
        "image": "https:\/\/cdn-consum.aktiosdigitalservices.com\/tol\/consum\/media\/product\/img\/300x300\/7448660.jpg?t=20241217081411"
    },
    {
        "id": 35520,
        "name": "Noodles Chicken Ramen OYAKATA",
        "price": 1.59,
        "price_kilo": 29.44,
        "slug": "noodles-chicken-ramen",
        "description": "Noodles Chicken Ramen 54 Gr",
        "image": "https:\/\/cdn-consum.aktiosdigitalservices.com\/tol\/consum\/media\/product\/img\/300x300\/7448736.jpg?t=20250227095629"
    },
    {
        "id": 35521,
        "name": "Yakisoba Chicken Teriyaki OYAKATA",
        "price": 1.89,
        "price_kilo": 19.69,
        "slug": "yakisoba-chicken-teriyaki",
        "description": "Yakisoba Chicken Teriyaki 96 Gr",
        "image": "https:\/\/cdn-consum.aktiosdigitalservices.com\/tol\/consum\/media\/product\/img\/300x300\/7448744.jpg?t=20250227095631"
    },
    {
        "id": 35522,
        "name": "Frankfurt Original ELPOZO",
        "price": 1,
        "price_kilo": 3.57,
        "slug": "frankfurt-original",
        "description": "Frankfurt Original 2 x 140 Gr",
        "image": "https:\/\/cdn-consum.aktiosdigitalservices.com\/tol\/consum\/media\/product\/img\/300x300\/7449205.jpg?t=20241217081416"
    },
    {
        "id": 35525,
        "name": "Recambio Ambientador El\u00e9ctrico Ropa Limpia CONSUM",
        "price": 1.7,
        "price_kilo": 1.7,
        "slug": "recambio-ambientador-electrico-ropa-limpia",
        "description": "Recambio Ambientador El\u00e9ctrico Ropa Limpia 1 U",
        "image": "https:\/\/cdn-consum.aktiosdigitalservices.com\/tol\/consum\/media\/product\/img\/300x300\/7432029.jpg?t=20241217081331"
    },
    {
        "id": 35526,
        "name": "Refresco Zero Lim\u00f3n Lata CONSUM",
        "price": 0.37,
        "price_kilo": 1.12,
        "slug": "refresco-zero-limon-lata",
        "description": "Refresco Zero Lim\u00f3n Lata 0,33 L",
        "image": "https:\/\/cdn-consum.aktiosdigitalservices.com\/tol\/consum\/media\/product\/img\/300x300\/7432701.jpg?t=20250207080425"
    },
    {
        "id": 35527,
        "name": "Quitamanchas Ropa Blanca CONSUM",
        "price": 1.75,
        "price_kilo": 0.88,
        "slug": "quitamanchas-ropa-blanca",
        "description": "Quitamanchas Ropa Blanca 2 L",
        "image": "https:\/\/cdn-consum.aktiosdigitalservices.com\/tol\/consum\/media\/product\/img\/300x300\/7432826.jpg?t=20250312092842"
    },
    {
        "id": 35528,
        "name": "Quitamanchas Ropa Color CONSUM",
        "price": 1.75,
        "price_kilo": 0.88,
        "slug": "quitamanchas-ropa-color",
        "description": "Quitamanchas Ropa Color 2 L",
        "image": "https:\/\/cdn-consum.aktiosdigitalservices.com\/tol\/consum\/media\/product\/img\/300x300\/7432834.jpg?t=20250109110759"
    },
    {
        "id": 35529,
        "name": "Ambientador Mango y Lima AIR WICK",
        "price": 4.55,
        "price_kilo": 60.67,
        "slug": "ambientador-mango-y-lima",
        "description": "Ambientador Mango y Lima 75 ml",
        "image": "https:\/\/cdn-consum.aktiosdigitalservices.com\/tol\/consum\/media\/product\/img\/300x300\/7435287.jpg?t=20250313081207"
    },
    {
        "id": 35530,
        "name": "Tarros Conservaci\u00f3n TIGEX",
        "price": 6.95,
        "price_kilo": 6.95,
        "slug": "tarros-conservacion",
        "description": "Tarros Conservaci\u00f3n 1 U",
        "image": "https:\/\/cdn-consum.aktiosdigitalservices.com\/tol\/consum\/media\/product\/img\/300x300\/7439748.jpg?t=20241224081023"
    },
    {
        "id": 35551,
        "name": "Rocas Choco Blanco LA ESTEPE\u00d1A",
        "price": 5.99,
        "price_kilo": 23.04,
        "slug": "rocas-choco-blanco",
        "description": "Rocas Choco Blanco 260 Gr",
        "image": "https:\/\/cdn-consum.aktiosdigitalservices.com\/tol\/consum\/media\/product\/img\/300x300\/7446545.jpg?t=20250108081749"
    },
    {
        "id": 35574,
        "name": "Ginebra Blackberry N.VALLEY",
        "price": 7.15,
        "price_kilo": 10.21,
        "slug": "ginebra-blackberry",
        "description": "Ginebra Blackberry 0,7 L",
        "image": "https:\/\/cdn-consum.aktiosdigitalservices.com\/tol\/consum\/media\/product\/img\/300x300\/7447410.jpg?t=20250312092909"
    },
    {
        "id": 35575,
        "name": "Cebolla Roja RIOVERDE",
        "price": 3.15,
        "price_kilo": 8.51,
        "slug": "cebolla-roja",
        "description": "Cebolla Roja 370 Gr",
        "image": "https:\/\/cdn-consum.aktiosdigitalservices.com\/tol\/consum\/media\/product\/img\/300x300\/7447571.jpg?t=20250312092909"
    },
    {
        "id": 35576,
        "name": "Cereales Oreo OREO",
        "price": 3.99,
        "price_kilo": 12.47,
        "slug": "cereales-oreo",
        "description": "Cereales Oreo 320 Gr",
        "image": "https:\/\/cdn-consum.aktiosdigitalservices.com\/tol\/consum\/media\/product\/img\/300x300\/7447949.jpg?t=20250311113635"
    },
    {
        "id": 35577,
        "name": "Ambientador Algod\u00f3n AIR WICK",
        "price": 4.55,
        "price_kilo": 6.07,
        "slug": "ambientador-algodon",
        "description": "Ambientador Algod\u00f3n 75 ml",
        "image": "https:\/\/cdn-consum.aktiosdigitalservices.com\/tol\/consum\/media\/product\/img\/300x300\/7448587.jpg?t=20250313081405"
    },
    {
        "id": 35578,
        "name": "Profil\u00e1ctico Invisible Extra Lubricante DUREX",
        "price": 14.5,
        "price_kilo": 1.21,
        "slug": "profilactico-invisible-extra-lubricante",
        "description": "Profil\u00e1ctico Invisible Extra Lubricante 12 U",
        "image": "https:\/\/cdn-consum.aktiosdigitalservices.com\/tol\/consum\/media\/product\/img\/300x300\/7448629.jpg?t=20250313081407"
    },
    {
        "id": 35579,
        "name": "Recambio Ambientador Lavanda AIR WICK",
        "price": 4.15,
        "price_kilo": 4.15,
        "slug": "recambio-ambientador-lavanda",
        "description": "Recambio Ambientador Lavanda 1 U",
        "image": "https:\/\/cdn-consum.aktiosdigitalservices.com\/tol\/consum\/media\/product\/img\/300x300\/7448665.jpg?t=20250227095626"
    },
    {
        "id": 35589,
        "name": "Limpiador Multiusos Higiene CILLIT BANG",
        "price": 5.35,
        "price_kilo": 7.13,
        "slug": "limpiador-multiusos-higiene",
        "description": "Limpiador Multiusos Higiene 750 ml",
        "image": "https:\/\/cdn-consum.aktiosdigitalservices.com\/tol\/consum\/media\/product\/img\/300x300\/7448975.jpg?t=20250227095632"
    },
    {
        "id": 35590,
        "name": "Limpiador Pistola Inducci\u00f3n Ultra Brillo INDUCLEN",
        "price": 7.69,
        "price_kilo": 1.71,
        "slug": "limpiador-pistola-induccion-ultra-brillo",
        "description": "Limpiador Pistola Inducci\u00f3n Ultra Brillo 450 ml",
        "image": "https:\/\/cdn-consum.aktiosdigitalservices.com\/tol\/consum\/media\/product\/img\/300x300\/7448988.jpg?t=20250204082305"
    },
    {
        "id": 35597,
        "name": "Desodorante Spray Tropical REXONA",
        "price": 2.79,
        "price_kilo": 1.4,
        "slug": "desodorante-spray-tropical",
        "description": "Desodorante Spray Tropical 200 ml",
        "image": "https:\/\/cdn-consum.aktiosdigitalservices.com\/tol\/consum\/media\/product\/img\/300x300\/7449168.jpg?t=20250227095640"
    },
    {
        "id": 35598,
        "name": "Aceitunas Chupadedos Frasco BERNAL",
        "price": 2.55,
        "price_kilo": 6.38,
        "slug": "aceitunas-chupadedos-frasco",
        "description": "Aceitunas Chupadedos Frasco 400 Gr",
        "image": "https:\/\/cdn-consum.aktiosdigitalservices.com\/tol\/consum\/media\/product\/img\/300x300\/7449171.jpg?t=20250211080536"
    },
    {
        "id": 35601,
        "name": "Estropajo Scrub Mommy CIF",
        "price": 3.99,
        "price_kilo": 3.99,
        "slug": "estropajo-scrub-mommy",
        "description": "Estropajo Scrub Mommy 1 U",
        "image": "https:\/\/cdn-consum.aktiosdigitalservices.com\/tol\/consum\/media\/product\/img\/300x300\/7449346.jpg?t=20250312130446"
    },
    {
        "id": 35602,
        "name": "Crema de Avena Para Cocinar BIO OATLY",
        "price": 1.25,
        "price_kilo": 5,
        "slug": "crema-de-avena-para-cocinar-bio",
        "description": "Crema de Avena Para Cocinar BIO 250 ml",
        "image": "https:\/\/cdn-consum.aktiosdigitalservices.com\/tol\/consum\/media\/product\/img\/300x300\/7449379.jpg?t=20250311113649"
    },
    {
        "id": 35603,
        "name": "Colonia Femenina Mini Cuore Gold FLOR DE MAYO",
        "price": 1.7,
        "price_kilo": 8.5,
        "slug": "colonia-femenina-mini-cuore-gold",
        "description": "Colonia Femenina Mini Cuore Gold 20 ml",
        "image": "https:\/\/cdn-consum.aktiosdigitalservices.com\/tol\/consum\/media\/product\/img\/300x300\/7449387.jpg?t=20250312092910"
    },
    {
        "id": 35604,
        "name": "Gummies sin Az\u00facar Vitamina C VITALDIN",
        "price": 6.25,
        "price_kilo": 6.25,
        "slug": "gummies-sin-azucar-vitamina-c",
        "description": "Gummies sin Az\u00facar Vitamina C 1 U",
        "image": "https:\/\/cdn-consum.aktiosdigitalservices.com\/tol\/consum\/media\/product\/img\/300x300\/7449478.jpg?t=20250206103057"
    },
    {
        "id": 35619,
        "name": "Refresco Zero Naranja Lata CONSUM",
        "price": 0.37,
        "price_kilo": 1.12,
        "slug": "refresco-zero-naranja-lata",
        "description": "Refresco Zero Naranja Lata 0,33 L",
        "image": "https:\/\/cdn-consum.aktiosdigitalservices.com\/tol\/consum\/media\/product\/img\/300x300\/7432698.jpg?t=20250207080423"
    },
    {
        "id": 35620,
        "name": "Detergente L\u00edquido Ropa Blanca y Color CONSUM",
        "price": 5.65,
        "price_kilo": 0.12,
        "slug": "detergente-liquido-ropa-blanca-y-color",
        "description": "Detergente L\u00edquido Ropa Blanca y Color 46 Lv",
        "image": "https:\/\/cdn-consum.aktiosdigitalservices.com\/tol\/consum\/media\/product\/img\/300x300\/7440600.jpg?t=20250312092857"
    },
    {
        "id": 35621,
        "name": "Limpiador Gel WC Desinfectante CONSUM",
        "price": 1.59,
        "price_kilo": 2.12,
        "slug": "limpiador-gel-wc-desinfectante",
        "description": "Limpiador Gel WC Desinfectante 0,75 L",
        "image": "https:\/\/cdn-consum.aktiosdigitalservices.com\/tol\/consum\/media\/product\/img\/300x300\/7440886.jpg?t=20241217081351"
    },
    {
        "id": 35622,
        "name": "Mix Familiar CONSUM",
        "price": 1.6,
        "price_kilo": 5.33,
        "slug": "mix-familiar",
        "description": "Mix Familiar 300 Gr",
        "image": "https:\/\/cdn-consum.aktiosdigitalservices.com\/tol\/consum\/media\/product\/img\/300x300\/7442007.jpg?t=20250221080222"
    },
    {
        "id": 35623,
        "name": "Queso Cabra Madurado La Cava Celes G.BAQUERO",
        "price": 22.9,
        "price_kilo": 22.9,
        "slug": "queso-cabra-madurado-la-cava-celes",
        "description": "Queso Cabra Madurado La Cava Celes",
        "image": "https:\/\/cdn-consum.aktiosdigitalservices.com\/tol\/consum\/media\/product\/img\/300x300\/7445380.jpg?t=20250318080843"
    },
    {
        "id": 35624,
        "name": "Sazonador para Pescado JUST SPICES",
        "price": 4.99,
        "price_kilo": 83.17,
        "slug": "sazonador-para-pescado",
        "description": "Sazonador para Pescado 60 Gr",
        "image": "https:\/\/cdn-consum.aktiosdigitalservices.com\/tol\/consum\/media\/product\/img\/300x300\/7446565.jpg?t=20241217081404"
    },
    {
        "id": 35629,
        "name": "Comida Semih\u00fameda Perros sabor Pescado COCOSI",
        "price": 6.8,
        "price_kilo": 6.8,
        "slug": "comida-semihumeda-perros-sabor-pescado",
        "description": "Comida Semih\u00fameda Perros sabor Pescado 1 Kg",
        "image": "https:\/\/cdn-consum.aktiosdigitalservices.com\/tol\/consum\/media\/product\/img\/300x300\/7448678.jpg?t=20250312092910"
    },
    {
        "id": 35636,
        "name": "Suavizante Concentrado Fresh Control VERNEL",
        "price": 3.55,
        "price_kilo": 0.06,
        "slug": "suavizante-concentrado-fresh-control",
        "description": "Suavizante Concentrado Fresh Control 60 Lv",
        "image": "https:\/\/cdn-consum.aktiosdigitalservices.com\/tol\/consum\/media\/product\/img\/300x300\/7449135.jpg?t=20250312161624"
    },
    {
        "id": 35637,
        "name": "Caldo Gourmet Pescado con Bogavante G.BLANCA",
        "price": 2.99,
        "price_kilo": 2.99,
        "slug": "caldo-gourmet-pescado-con-bogavante",
        "description": "Caldo Gourmet Pescado con Bogavante 1 L",
        "image": "https:\/\/cdn-consum.aktiosdigitalservices.com\/tol\/consum\/media\/product\/img\/300x300\/7449143.jpg?t=20250318080859"
    },
    {
        "id": 35638,
        "name": "Cava Brut Nature Vintage D.O. Cava JAUME SERRA",
        "price": 5.75,
        "price_kilo": 7.67,
        "slug": "cava-brut-nature-vintage-do-cava",
        "description": "Cava Brut Nature Vintage D.O. Cava 0,75 L",
        "image": "https:\/\/cdn-consum.aktiosdigitalservices.com\/tol\/consum\/media\/product\/img\/300x300\/7449275.jpg?t=20250220081154"
    },
    {
        "id": 35639,
        "name": "Suavizante Concentrado Agua de Coco VERNEL",
        "price": 4.55,
        "price_kilo": 0.06,
        "slug": "suavizante-concentrado-agua-de-coco",
        "description": "Suavizante Concentrado Agua de Coco 80 Lv",
        "image": "https:\/\/cdn-consum.aktiosdigitalservices.com\/tol\/consum\/media\/product\/img\/300x300\/7449411.jpg?t=20250227095645"
    },
    {
        "id": 35640,
        "name": "Suavizante Concentrado Cielo Azul VERNEL",
        "price": 4.55,
        "price_kilo": 0.06,
        "slug": "suavizante-concentrado-cielo-azul",
        "description": "Suavizante Concentrado Cielo Azul 80 Lv",
        "image": "https:\/\/cdn-consum.aktiosdigitalservices.com\/tol\/consum\/media\/product\/img\/300x300\/7449416.jpg?t=20250227095646"
    },
    {
        "id": 35641,
        "name": "Salm\u00f3n Ahumado Marinado Noruego MARINA BEST",
        "price": 3.5,
        "price_kilo": 43.75,
        "slug": "salmon-ahumado-marinado-noruego",
        "description": "Salm\u00f3n Ahumado Marinado Noruego 80 Gr",
        "image": "https:\/\/cdn-consum.aktiosdigitalservices.com\/tol\/consum\/media\/product\/img\/300x300\/7449429.jpg?t=20241217081417"
    },
    {
        "id": 35642,
        "name": "Salm\u00f3n Ahumado Noruego MARINA BEST",
        "price": 7.55,
        "price_kilo": 37.75,
        "slug": "salmon-ahumado-noruego",
        "description": "Salm\u00f3n Ahumado Noruego 200 Gr",
        "image": "https:\/\/cdn-consum.aktiosdigitalservices.com\/tol\/consum\/media\/product\/img\/300x300\/7449432.jpg?t=20241217081417"
    },
    {
        "id": 35643,
        "name": "Migas de Bacalao Ahumado MARINA BEST",
        "price": 3.45,
        "price_kilo": 43.13,
        "slug": "migas-de-bacalao-ahumado",
        "description": "Migas de Bacalao Ahumado 80 Gr",
        "image": "https:\/\/cdn-consum.aktiosdigitalservices.com\/tol\/consum\/media\/product\/img\/300x300\/7449440.jpg?t=20250121081232"
    },
    {
        "id": 35644,
        "name": "Preservativo Ultrafino HAPPYSEX",
        "price": 4.95,
        "price_kilo": 0.41,
        "slug": "preservativo-ultrafino",
        "description": "Preservativo Ultrafino 12 U",
        "image": "https:\/\/cdn-consum.aktiosdigitalservices.com\/tol\/consum\/media\/product\/img\/300x300\/7449481.jpg?t=20241217081417"
    },
    {
        "id": 35645,
        "name": "Yatekomo Pollo Soja Bolsa YATEKOMO",
        "price": 1,
        "price_kilo": 12.66,
        "slug": "yatekomo-pollo-soja-bolsa",
        "description": "Yatekomo Pollo Soja Bolsa 79 Gr",
        "image": "https:\/\/cdn-consum.aktiosdigitalservices.com\/tol\/consum\/media\/product\/img\/300x300\/7449796.jpg?t=20250218081309"
    },
    {
        "id": 35647,
        "name": "Yatekomo Curry Bolsa YATEKOMO",
        "price": 1,
        "price_kilo": 12.2,
        "slug": "yatekomo-curry-bolsa",
        "description": "Yatekomo Curry Bolsa 82 Gr",
        "image": "https:\/\/cdn-consum.aktiosdigitalservices.com\/tol\/consum\/media\/product\/img\/300x300\/7449817.jpg?t=20250218081312"
    },
    {
        "id": 35652,
        "name": "Accesorio Infantil PONETTE",
        "price": 1.99,
        "price_kilo": 1.99,
        "slug": "accesorio-infantil",
        "description": "Accesorio Infantil 1 U",
        "image": "https:\/\/cdn-consum.aktiosdigitalservices.com\/tol\/consum\/media\/product\/img\/300x300\/7449841.jpg?t=20241224081031"
    },
    {
        "id": 35655,
        "name": "Crackers Tomate y Albahaca ELITE",
        "price": 1.18,
        "price_kilo": 11.24,
        "slug": "crackers-tomate-y-albahaca",
        "description": "Crackers Tomate y Albahaca 105 Gr",
        "image": "https:\/\/cdn-consum.aktiosdigitalservices.com\/tol\/consum\/media\/product\/img\/300x300\/7449861.jpg?t=20250318080901"
    },
    {
        "id": 35656,
        "name": "Crackers Espinaca y Eneldo ELITE",
        "price": 1.18,
        "price_kilo": 11.24,
        "slug": "crackers-espinaca-y-eneldo",
        "description": "Crackers Espinaca y Eneldo 105 Gr",
        "image": "https:\/\/cdn-consum.aktiosdigitalservices.com\/tol\/consum\/media\/product\/img\/300x300\/7449866.jpg?t=20250318080903"
    },
    {
        "id": 35657,
        "name": "Caf\u00e9 Espresso 16 C\u00e1psulas DG OQUENDO",
        "price": 3.39,
        "price_kilo": 0.21,
        "slug": "cafe-espresso-16-capsulas-dg",
        "description": "Caf\u00e9 Espresso 16 C\u00e1psulas DG 16 U",
        "image": "https:\/\/cdn-consum.aktiosdigitalservices.com\/tol\/consum\/media\/product\/img\/300x300\/7449882.jpg?t=20250311135208"
    },
    {
        "id": 35658,
        "name": "Espresso Descafeinado 16 C\u00e1psulas DG OQUENDO",
        "price": 3.39,
        "price_kilo": 0.21,
        "slug": "espresso-descafeinado-16-capsulas-dg",
        "description": "Espresso Descafeinado 16 C\u00e1psulas DG 16 U",
        "image": "https:\/\/cdn-consum.aktiosdigitalservices.com\/tol\/consum\/media\/product\/img\/300x300\/7449887.jpg?t=20250311135210"
    },
    {
        "id": 35659,
        "name": "Caf\u00e9 Cortado 16 C\u00e1psulas DG OQUENDO",
        "price": 3.39,
        "price_kilo": 0.21,
        "slug": "cafe-cortado-16-capsulas-dg",
        "description": "Caf\u00e9 Cortado 16 C\u00e1psulas DG 16 U",
        "image": "https:\/\/cdn-consum.aktiosdigitalservices.com\/tol\/consum\/media\/product\/img\/300x300\/7449895.jpg?t=20250311135213"
    },
    {
        "id": 35660,
        "name": "Caf\u00e9 con Leche 16 C\u00e1psulas DG OQUENDO",
        "price": 3.39,
        "price_kilo": 0.21,
        "slug": "cafe-con-leche-16-capsulas-dg",
        "description": "Caf\u00e9 con Leche 16 C\u00e1psulas DG 16 U",
        "image": "https:\/\/cdn-consum.aktiosdigitalservices.com\/tol\/consum\/media\/product\/img\/300x300\/7449903.jpg?t=20250311135215"
    },
    {
        "id": 35662,
        "name": "Caf\u00e9 Ristretto Imola C\u00e1psulas L'OR",
        "price": 4.39,
        "price_kilo": 0.44,
        "slug": "cafe-ristretto-imola-capsulas",
        "description": "Caf\u00e9 Ristretto Imola C\u00e1psulas 10 U",
        "image": "https:\/\/cdn-consum.aktiosdigitalservices.com\/tol\/consum\/media\/product\/img\/300x300\/7449937.jpg?t=20250312092912"
    },
    {
        "id": 35663,
        "name": "Caf\u00e9 Espresso Maranello C\u00e1psulas L'OR",
        "price": 4.39,
        "price_kilo": 0.44,
        "slug": "cafe-espresso-maranello-capsulas",
        "description": "Caf\u00e9 Espresso Maranello C\u00e1psulas 10 U",
        "image": "https:\/\/cdn-consum.aktiosdigitalservices.com\/tol\/consum\/media\/product\/img\/300x300\/7449945.jpg?t=20250312092913"
    },
    {
        "id": 35664,
        "name": "Crema Noche Retinol 24h Renovadora de Noche OLAY",
        "price": 37.99,
        "price_kilo": 75.98,
        "slug": "crema-noche-retinol-24h-renovadora-de-noche",
        "description": "Crema Noche Retinol 24h Renovadora de Noche 50 ml",
        "image": "https:\/\/cdn-consum.aktiosdigitalservices.com\/tol\/consum\/media\/product\/img\/300x300\/7449957.jpg?t=20250312092913"
    },
    {
        "id": 35665,
        "name": "Pur\u00e9 de Patatas MOUSLINE",
        "price": 2.29,
        "price_kilo": 9.96,
        "slug": "pure-de-patatas",
        "description": "Pur\u00e9 de Patatas 230 Gr",
        "image": "https:\/\/cdn-consum.aktiosdigitalservices.com\/tol\/consum\/media\/product\/img\/300x300\/7450013.jpg?t=20250318081023"
    },
    {
        "id": 35667,
        "name": "Semillas De Ch\u00eda NATURCESTA",
        "price": 2.84,
        "price_kilo": 11.36,
        "slug": "semillas-de-chia",
        "description": "Semillas De Ch\u00eda 250 Gr",
        "image": "https:\/\/cdn-consum.aktiosdigitalservices.com\/tol\/consum\/media\/product\/img\/300x300\/7450166.jpg?t=20250312092914"
    },
    {
        "id": 35668,
        "name": "Yerba Mate MA\u00d1ANITA",
        "price": 3.15,
        "price_kilo": 6.3,
        "slug": "yerba-mate",
        "description": "Yerba Mate 500 Gr",
        "image": "https:\/\/cdn-consum.aktiosdigitalservices.com\/tol\/consum\/media\/product\/img\/300x300\/7450211.jpg?t=20250318081023"
    },
    {
        "id": 35677,
        "name": "Ambientador Recambio Ropa Limpia CONSUM",
        "price": 1.95,
        "price_kilo": 0.78,
        "slug": "ambientador-recambio-ropa-limpia",
        "description": "Ambientador Recambio Ropa Limpia 250 ml",
        "image": "https:\/\/cdn-consum.aktiosdigitalservices.com\/tol\/consum\/media\/product\/img\/300x300\/7406564.jpg?t=20241217081245"
    },
    {
        "id": 35678,
        "name": "Ambientador Recambio Colonia Infantil CONSUM",
        "price": 1.95,
        "price_kilo": 0.78,
        "slug": "ambientador-recambio-colonia-infantil",
        "description": "Ambientador Recambio Colonia Infantil 250 ml",
        "image": "https:\/\/cdn-consum.aktiosdigitalservices.com\/tol\/consum\/media\/product\/img\/300x300\/7406569.jpg?t=20241217081245"
    },
    {
        "id": 35679,
        "name": "Ambientador Recambio S\u00e1ndalo Jazm\u00edn CONSUM",
        "price": 1.95,
        "price_kilo": 0.78,
        "slug": "ambientador-recambio-sandalo-jazmin",
        "description": "Ambientador Recambio S\u00e1ndalo Jazm\u00edn 250 ml",
        "image": "https:\/\/cdn-consum.aktiosdigitalservices.com\/tol\/consum\/media\/product\/img\/300x300\/7406572.jpg?t=20241217081245"
    },
    {
        "id": 35680,
        "name": "Pat\u00e9 de At\u00fan Pack de Dos CONSUM",
        "price": 2.09,
        "price_kilo": 13.4,
        "slug": "pate-de-atun-pack-de-dos",
        "description": "Pat\u00e9 de At\u00fan Pack de Dos 2 x 78 Gr",
        "image": "https:\/\/cdn-consum.aktiosdigitalservices.com\/tol\/consum\/media\/product\/img\/300x300\/7440464.jpg?t=20250204082024"
    },
    {
        "id": 35681,
        "name": "Quitamanchas Ropa Blanca CONSUM",
        "price": 3.1,
        "price_kilo": 3.1,
        "slug": "quitamanchas-ropa-blanca",
        "description": "Quitamanchas Ropa Blanca 1 Kg",
        "image": "https:\/\/cdn-consum.aktiosdigitalservices.com\/tol\/consum\/media\/product\/img\/300x300\/7442416.jpg?t=20250227095347"
    },
    {
        "id": 35687,
        "name": "Galletas Mini Napolitanas Speculoos Doypack CUETARA",
        "price": 1.6,
        "price_kilo": 10.67,
        "slug": "galletas-mini-napolitanas-speculoos-doypack",
        "description": "Galletas Mini Napolitanas Speculoos Doypack 150 Gr",
        "image": "https:\/\/cdn-consum.aktiosdigitalservices.com\/tol\/consum\/media\/product\/img\/300x300\/7448491.jpg?t=20250311135201"
    },
    {
        "id": 35688,
        "name": "Galleta Maria Oro +33% Gratis CUETARA",
        "price": 2.95,
        "price_kilo": 4.92,
        "slug": "galleta-maria-oro-33-gratis",
        "description": "Galleta Maria Oro +33% Gratis 600 Gr",
        "image": "https:\/\/cdn-consum.aktiosdigitalservices.com\/tol\/consum\/media\/product\/img\/300x300\/7448496.jpg?t=20250311135203"
    },
    {
        "id": 35689,
        "name": "Crema de Cacahuete Cremosa PROZIS",
        "price": 4.39,
        "price_kilo": 8.78,
        "slug": "crema-de-cacahuete-cremosa",
        "description": "Crema de Cacahuete Cremosa 500 Gr",
        "image": "https:\/\/cdn-consum.aktiosdigitalservices.com\/tol\/consum\/media\/product\/img\/300x300\/7449395.jpg?t=20250311135205"
    },
    {
        "id": 35691,
        "name": "Stick Detox Drena NATURTIERRA",
        "price": 5.95,
        "price_kilo": 0.37,
        "slug": "stick-detox-drena",
        "description": "Stick Detox Drena 16 U",
        "image": "https:\/\/cdn-consum.aktiosdigitalservices.com\/tol\/consum\/media\/product\/img\/300x300\/7449556.jpg?t=20250114084856"
    },
    {
        "id": 35692,
        "name": "C\u00e1psulas Gases NATURTIERRA",
        "price": 4.5,
        "price_kilo": 0.15,
        "slug": "capsulas-gases",
        "description": "C\u00e1psulas Gases 30 U",
        "image": "https:\/\/cdn-consum.aktiosdigitalservices.com\/tol\/consum\/media\/product\/img\/300x300\/7449572.jpg?t=20250312092910"
    },
    {
        "id": 35693,
        "name": "C\u00e1psulas Especial Mujer NATURTIERRA",
        "price": 4.5,
        "price_kilo": 0.15,
        "slug": "capsulas-especial-mujer",
        "description": "C\u00e1psulas Especial Mujer 30 U",
        "image": "https:\/\/cdn-consum.aktiosdigitalservices.com\/tol\/consum\/media\/product\/img\/300x300\/7449577.jpg?t=20241217081417"
    },
    {
        "id": 35694,
        "name": "C\u00e1psulas Alcachofa Forte NATURTIERRA",
        "price": 3.95,
        "price_kilo": 0.13,
        "slug": "capsulas-alcachofa-forte",
        "description": "C\u00e1psulas Alcachofa Forte 30 U",
        "image": "https:\/\/cdn-consum.aktiosdigitalservices.com\/tol\/consum\/media\/product\/img\/300x300\/7449580.jpg?t=20241224081031"
    },
    {
        "id": 35695,
        "name": "C\u00e1psulas Cola de Caballo Forte NATURTIERRA",
        "price": 3.95,
        "price_kilo": 0.13,
        "slug": "capsulas-cola-de-caballo-forte",
        "description": "C\u00e1psulas Cola de Caballo Forte 30 U",
        "image": "https:\/\/cdn-consum.aktiosdigitalservices.com\/tol\/consum\/media\/product\/img\/300x300\/7449585.jpg?t=20250218081429"
    },
    {
        "id": 35696,
        "name": "C\u00e1psulas Valeriana Forte NATURTIERRA",
        "price": 3.75,
        "price_kilo": 0.13,
        "slug": "capsulas-valeriana-forte",
        "description": "C\u00e1psulas Valeriana Forte 30 U",
        "image": "https:\/\/cdn-consum.aktiosdigitalservices.com\/tol\/consum\/media\/product\/img\/300x300\/7449593.jpg?t=20250218081429"
    },
    {
        "id": 35697,
        "name": "Yatekomo Barbacoa Bolsa YATEKOMO",
        "price": 1,
        "price_kilo": 12.2,
        "slug": "yatekomo-barbacoa-bolsa",
        "description": "Yatekomo Barbacoa Bolsa 82 Gr",
        "image": "https:\/\/cdn-consum.aktiosdigitalservices.com\/tol\/consum\/media\/product\/img\/300x300\/7449809.jpg?t=20250218081310"
    },
    {
        "id": 35698,
        "name": "Pur\u00e9 Patata Con Leche MOUSLINE",
        "price": 2.49,
        "price_kilo": 10.83,
        "slug": "pure-patata-con-leche",
        "description": "Pur\u00e9 Patata Con Leche 230 Gr",
        "image": "https:\/\/cdn-consum.aktiosdigitalservices.com\/tol\/consum\/media\/product\/img\/300x300\/7449890.jpg?t=20250318081023"
    },
    {
        "id": 35699,
        "name": "Caf\u00e9 Espresso Milano C\u00e1psulas DOLCE GUSTO",
        "price": 3.99,
        "price_kilo": 0.29,
        "slug": "cafe-espresso-milano-capsulas",
        "description": "Caf\u00e9 Espresso Milano C\u00e1psulas 14 U",
        "image": "https:\/\/cdn-consum.aktiosdigitalservices.com\/tol\/consum\/media\/product\/img\/300x300\/7450042.jpg?t=20250314121801"
    },
    {
        "id": 35700,
        "name": "Caf\u00e9 Descafeinado Bologna C\u00e1psulas DOLCE GUSTO",
        "price": 3.99,
        "price_kilo": 0.29,
        "slug": "cafe-descafeinado-bologna-capsulas",
        "description": "Caf\u00e9 Descafeinado Bologna C\u00e1psulas 14 U",
        "image": "https:\/\/cdn-consum.aktiosdigitalservices.com\/tol\/consum\/media\/product\/img\/300x300\/7450047.jpg?t=20250314121804"
    },
    {
        "id": 35701,
        "name": "Pat\u00e9 de Anchoa APIS",
        "price": 1.38,
        "price_kilo": 11.04,
        "slug": "pate-de-anchoa",
        "description": "Pat\u00e9 de Anchoa 125 Gr",
        "image": "https:\/\/cdn-consum.aktiosdigitalservices.com\/tol\/consum\/media\/product\/img\/300x300\/7450054.jpg?t=20250318080905"
    },
    {
        "id": 35702,
        "name": "Crema Almendras 100% Tarro JUST LOADING",
        "price": 4.29,
        "price_kilo": 21.45,
        "slug": "crema-almendras-100-tarro",
        "description": "Crema Almendras 100% Tarro 200 Gr",
        "image": "https:\/\/cdn-consum.aktiosdigitalservices.com\/tol\/consum\/media\/product\/img\/300x300\/7450062.jpg?t=20250311135222"
    },
    {
        "id": 35703,
        "name": "Crema Pistacho y Cacahuetes 100% Tarro JUST LOADING",
        "price": 6.59,
        "price_kilo": 36.61,
        "slug": "crema-pistacho-y-cacahuetes-100-tarro",
        "description": "Crema Pistacho y Cacahuetes 100% Tarro 180 Gr",
        "image": "https:\/\/cdn-consum.aktiosdigitalservices.com\/tol\/consum\/media\/product\/img\/300x300\/7450067.jpg?t=20250311135224"
    },
    {
        "id": 35704,
        "name": "Crema Cacao y Avellanas con D\u00e1til 100% Tarro JUST LOADING",
        "price": 4.49,
        "price_kilo": 22.45,
        "slug": "crema-cacao-y-avellanas-con-datil-100-tarro",
        "description": "Crema Cacao y Avellanas con D\u00e1til 100% Tarro 200 Gr",
        "image": "https:\/\/cdn-consum.aktiosdigitalservices.com\/tol\/consum\/media\/product\/img\/300x300\/7450070.jpg?t=20250311135226"
    },
    {
        "id": 35705,
        "name": "Galletas Sandwich Creme Hookies sin Gluten GULLON",
        "price": 2.89,
        "price_kilo": 12.57,
        "slug": "galletas-sandwich-creme-hookies-sin-gluten",
        "description": "Galletas Sandwich Creme Hookies sin Gluten 230 Gr",
        "image": "https:\/\/cdn-consum.aktiosdigitalservices.com\/tol\/consum\/media\/product\/img\/300x300\/7450075.jpg?t=20250311113724"
    },
    {
        "id": 35706,
        "name": "Galletas Mini Cereales Hookies GULLON",
        "price": 2.15,
        "price_kilo": 8.6,
        "slug": "galletas-mini-cereales-hookies",
        "description": "Galletas Mini Cereales Hookies 250 Gr",
        "image": "https:\/\/cdn-consum.aktiosdigitalservices.com\/tol\/consum\/media\/product\/img\/300x300\/7450117.jpg?t=20250312161630"
    },
    {
        "id": 35707,
        "name": "S\u00e9rum para Barba LEA",
        "price": 7.49,
        "price_kilo": 14.98,
        "slug": "serum-para-barba",
        "description": "S\u00e9rum para Barba 50 ml",
        "image": "https:\/\/cdn-consum.aktiosdigitalservices.com\/tol\/consum\/media\/product\/img\/300x300\/7450125.jpg?t=20241217081418"
    },
    {
        "id": 35708,
        "name": "Empanadillas de At\u00fan CLAVO",
        "price": 1.89,
        "price_kilo": 3.78,
        "slug": "empanadillas-de-atun",
        "description": "Empanadillas de At\u00fan 500 Gr",
        "image": "https:\/\/cdn-consum.aktiosdigitalservices.com\/tol\/consum\/media\/product\/img\/300x300\/7450141.jpg?t=20250108081801"
    },
    {
        "id": 35709,
        "name": "Crema de Afeitar Barba LEA",
        "price": 2.95,
        "price_kilo": 3.93,
        "slug": "crema-de-afeitar-barba",
        "description": "Crema de Afeitar Barba 75 ml",
        "image": "https:\/\/cdn-consum.aktiosdigitalservices.com\/tol\/consum\/media\/product\/img\/300x300\/7450161.jpg?t=20250212080340"
    },
    {
        "id": 35710,
        "name": "Cerveza Tostada 0,0,0 Lata AMBAR 0,0,0",
        "price": 0.83,
        "price_kilo": 2.52,
        "slug": "cerveza-tostada-000-lata",
        "description": "Cerveza Tostada 0,0,0 Lata 0,33 L",
        "image": "https:\/\/cdn-consum.aktiosdigitalservices.com\/tol\/consum\/media\/product\/img\/300x300\/7450286.jpg?t=20250213080710"
    },
    {
        "id": 35711,
        "name": "La Isla de la mujer dormi Arturo P\u00e9rez Reverte ALFAGUARA",
        "price": 22.9,
        "price_kilo": 22.9,
        "slug": "la-isla-de-la-mujer-dormi-arturo-perez-reverte",
        "description": "La Isla de la mujer dormi Arturo P\u00e9rez Reverte 1 U",
        "image": "https:\/\/cdn-consum.aktiosdigitalservices.com\/tol\/consum\/media\/product\/img\/300x300\/7450088.jpg?t=20241217081418"
    },
    {
        "id": 35712,
        "name": "Luna Roja Marta Mart\u00edn Gir\u00f3n DUOMO",
        "price": 19.9,
        "price_kilo": 19.9,
        "slug": "luna-roja-marta-martin-giron",
        "description": "Luna Roja Marta Mart\u00edn Gir\u00f3n 1 U",
        "image": "https:\/\/cdn-consum.aktiosdigitalservices.com\/tol\/consum\/media\/product\/img\/300x300\/7450133.jpg?t=20241217081418"
    },
    {
        "id": 35716,
        "name": "Leche Fresca Entera Botella CONSUM",
        "price": 1.09,
        "price_kilo": 1.09,
        "slug": "leche-fresca-entera-botella",
        "description": "Leche Fresca Entera Botella 1 L",
        "image": "https:\/\/cdn-consum.aktiosdigitalservices.com\/tol\/consum\/media\/product\/img\/300x300\/7435753.jpg?t=20250311113136"
    },
    {
        "id": 35717,
        "name": "Leche Fresca Semi Botella CONSUM",
        "price": 1.03,
        "price_kilo": 1.03,
        "slug": "leche-fresca-semi-botella",
        "description": "Leche Fresca Semi Botella 1 L",
        "image": "https:\/\/cdn-consum.aktiosdigitalservices.com\/tol\/consum\/media\/product\/img\/300x300\/7435758.jpg?t=20250311113139"
    },
    {
        "id": 35718,
        "name": "Quitamanchas Ropa Color CONSUM",
        "price": 3.1,
        "price_kilo": 3.1,
        "slug": "quitamanchas-ropa-color",
        "description": "Quitamanchas Ropa Color 1 Kg",
        "image": "https:\/\/cdn-consum.aktiosdigitalservices.com\/tol\/consum\/media\/product\/img\/300x300\/7442424.jpg?t=20250227095349"
    },
    {
        "id": 35719,
        "name": "Jab\u00f3n de Manos Mango KYREY",
        "price": 1.8,
        "price_kilo": 3.6,
        "slug": "jabon-de-manos-mango",
        "description": "Jab\u00f3n de Manos Mango 500 ml",
        "image": "https:\/\/cdn-consum.aktiosdigitalservices.com\/tol\/consum\/media\/product\/img\/300x300\/7442655.jpg?t=20250109111551"
    },
    {
        "id": 35720,
        "name": "Jab\u00f3n de Manos Burbujas KYREY",
        "price": 1.4,
        "price_kilo": 2.8,
        "slug": "jabon-de-manos-burbujas",
        "description": "Jab\u00f3n de Manos Burbujas 500 ml",
        "image": "https:\/\/cdn-consum.aktiosdigitalservices.com\/tol\/consum\/media\/product\/img\/300x300\/7442663.jpg?t=20250312092901"
    },
    {
        "id": 35746,
        "name": "Suavizante Concentrado Maldivas VERNEL",
        "price": 4.55,
        "price_kilo": 0.06,
        "slug": "suavizante-concentrado-maldivas",
        "description": "Suavizante Concentrado Maldivas 80 Lv",
        "image": "https:\/\/cdn-consum.aktiosdigitalservices.com\/tol\/consum\/media\/product\/img\/300x300\/7449424.jpg?t=20250227095648"
    },
    {
        "id": 35747,
        "name": "Stick Antirrozaduras ECOFEET",
        "price": 4.5,
        "price_kilo": 45,
        "slug": "stick-antirrozaduras",
        "description": "Stick Antirrozaduras 10 ml",
        "image": "https:\/\/cdn-consum.aktiosdigitalservices.com\/tol\/consum\/media\/product\/img\/300x300\/7449486.jpg?t=20241210080446"
    },
    {
        "id": 35748,
        "name": "Galleta Mar\u00eda del Sur con Canela FAM.BISCUIT",
        "price": 1.25,
        "price_kilo": 5.21,
        "slug": "galleta-maria-del-sur-con-canela",
        "description": "Galleta Mar\u00eda del Sur con Canela 240 Gr",
        "image": "https:\/\/cdn-consum.aktiosdigitalservices.com\/tol\/consum\/media\/product\/img\/300x300\/7450083.jpg?t=20250312161626"
    },
    {
        "id": 35749,
        "name": "Galleta Mar\u00eda del Sur Integral con Espelta FAM.BISCUIT",
        "price": 1.25,
        "price_kilo": 5.21,
        "slug": "galleta-maria-del-sur-integral-con-espelta",
        "description": "Galleta Mar\u00eda del Sur Integral con Espelta 240 Gr",
        "image": "https:\/\/cdn-consum.aktiosdigitalservices.com\/tol\/consum\/media\/product\/img\/300x300\/7450109.jpg?t=20250312161629"
    },
    {
        "id": 35750,
        "name": "Barquillo Relleno Crema Leche y Avellana KNOPPERS",
        "price": 0.59,
        "price_kilo": 2.36,
        "slug": "barquillo-relleno-crema-leche-y-avellana",
        "description": "Barquillo Relleno Crema Leche y Avellana 25 Gr",
        "image": "https:\/\/cdn-consum.aktiosdigitalservices.com\/tol\/consum\/media\/product\/img\/300x300\/7450112.jpg?t=20250322080112"
    },
    {
        "id": 35752,
        "name": "Percarbonato Blanqueante JOSMI",
        "price": 1.65,
        "price_kilo": 2.2,
        "slug": "percarbonato-blanqueante",
        "description": "Percarbonato Blanqueante 750 Gr",
        "image": "https:\/\/cdn-consum.aktiosdigitalservices.com\/tol\/consum\/media\/product\/img\/300x300\/7450203.jpg?t=20250312092914"
    },
    {
        "id": 35753,
        "name": "Mascarilla Hidratante Coco HERBAL ESSEN",
        "price": 6.49,
        "price_kilo": 2.16,
        "slug": "mascarilla-hidratante-coco",
        "description": "Mascarilla Hidratante Coco 300 ml",
        "image": "https:\/\/cdn-consum.aktiosdigitalservices.com\/tol\/consum\/media\/product\/img\/300x300\/7450224.jpg?t=20250313081419"
    },
    {
        "id": 35754,
        "name": "Champ\u00fa Reparador Arg\u00e1n HERBAL ESSEN",
        "price": 5.29,
        "price_kilo": 1.51,
        "slug": "champu-reparador-argan",
        "description": "Champ\u00fa Reparador Arg\u00e1n 350 ml",
        "image": "https:\/\/cdn-consum.aktiosdigitalservices.com\/tol\/consum\/media\/product\/img\/300x300\/7450237.jpg?t=20250313081421"
    },
    {
        "id": 35755,
        "name": "Champ\u00fa Hidratante Coco HERBAL ESSEN",
        "price": 5.29,
        "price_kilo": 1.51,
        "slug": "champu-hidratante-coco",
        "description": "Champ\u00fa Hidratante Coco 350 ml",
        "image": "https:\/\/cdn-consum.aktiosdigitalservices.com\/tol\/consum\/media\/product\/img\/300x300\/7450240.jpg?t=20250313081423"
    },
    {
        "id": 35758,
        "name": "Nescaf\u00e9 Latte Choco Blanco NESCAFE",
        "price": 1.49,
        "price_kilo": 7.27,
        "slug": "nescafe-latte-choco-blanco",
        "description": "Nescaf\u00e9 Latte Choco Blanco 205 ml",
        "image": "https:\/\/cdn-consum.aktiosdigitalservices.com\/tol\/consum\/media\/product\/img\/300x300\/7450299.jpg?t=20250311113741"
    },
    {
        "id": 35759,
        "name": "Suavizante Concentrado Magnolia VERNEL",
        "price": 4.55,
        "price_kilo": 0.06,
        "slug": "suavizante-concentrado-magnolia",
        "description": "Suavizante Concentrado Magnolia 80 Lv",
        "image": "https:\/\/cdn-consum.aktiosdigitalservices.com\/tol\/consum\/media\/product\/img\/300x300\/7450331.jpg?t=20250227095714"
    },
    {
        "id": 35760,
        "name": "Suavizante Concentrado Fresh ControL VERNEL",
        "price": 4.55,
        "price_kilo": 0.06,
        "slug": "suavizante-concentrado-fresh-control",
        "description": "Suavizante Concentrado Fresh ControL 80 Lv",
        "image": "https:\/\/cdn-consum.aktiosdigitalservices.com\/tol\/consum\/media\/product\/img\/300x300\/7450336.jpg?t=20250304115515"
    },
    {
        "id": 35761,
        "name": "Suavizante Concentrado Selva VERNEL",
        "price": 4.55,
        "price_kilo": 0.06,
        "slug": "suavizante-concentrado-selva",
        "description": "Suavizante Concentrado Selva 80 Lv",
        "image": "https:\/\/cdn-consum.aktiosdigitalservices.com\/tol\/consum\/media\/product\/img\/300x300\/7450344.jpg?t=20250227095717"
    },
    {
        "id": 35762,
        "name": "Pa\u00f1al Beb\u00e9 Seco Talla 6 De 13 Kg a 18 Kg DODOT",
        "price": 17.95,
        "price_kilo": 0.37,
        "slug": "panal-bebe-seco-talla-6-de-13-kg-a-18-kg",
        "description": "Pa\u00f1al Beb\u00e9 Seco Talla 6 De 13 Kg a 18 Kg 48 U",
        "image": "https:\/\/cdn-consum.aktiosdigitalservices.com\/tol\/consum\/media\/product\/img\/300x300\/7450351.jpg?t=20250311113746"
    },
    {
        "id": 35763,
        "name": "Body Milk Reafirmante Aceite Arg\u00e1n NIVEA",
        "price": 6.95,
        "price_kilo": 1.74,
        "slug": "body-milk-reafirmante-aceite-argan",
        "description": "Body Milk Reafirmante Aceite Arg\u00e1n 400 ml",
        "image": "https:\/\/cdn-consum.aktiosdigitalservices.com\/tol\/consum\/media\/product\/img\/300x300\/7450364.jpg?t=20250211080540"
    },
    {
        "id": 35764,
        "name": "Body Milk Reafirmante Piel Seca NIVEA",
        "price": 6.25,
        "price_kilo": 1.56,
        "slug": "body-milk-reafirmante-piel-seca",
        "description": "Body Milk Reafirmante Piel Seca 400 ml",
        "image": "https:\/\/cdn-consum.aktiosdigitalservices.com\/tol\/consum\/media\/product\/img\/300x300\/7450369.jpg?t=20250227095722"
    },
    {
        "id": 35765,
        "name": "Gourmet Alcachofas con Jam\u00f3n Iberico RANA",
        "price": 4.26,
        "price_kilo": 17.04,
        "slug": "gourmet-alcachofas-con-jamon-iberico",
        "description": "Gourmet Alcachofas con Jam\u00f3n Iberico 250 Gr",
        "image": "https:\/\/cdn-consum.aktiosdigitalservices.com\/tol\/consum\/media\/product\/img\/300x300\/7450372.jpg?t=20250227095723"
    },
    {
        "id": 35766,
        "name": "Loci\u00f3n Aloe Vera 72 h de Hidrataci\u00f3n NIVEA",
        "price": 5.15,
        "price_kilo": 1.29,
        "slug": "locion-aloe-vera-72-h-de-hidratacion",
        "description": "Loci\u00f3n Aloe Vera 72 h de Hidrataci\u00f3n 400 ml",
        "image": "https:\/\/cdn-consum.aktiosdigitalservices.com\/tol\/consum\/media\/product\/img\/300x300\/7450380.jpg?t=20250206103225"
    },
    {
        "id": 35767,
        "name": "Pasta Fresca Huerta Tomate y Mozzarella RANA",
        "price": 3.95,
        "price_kilo": 15.8,
        "slug": "pasta-fresca-huerta-tomate-y-mozzarella",
        "description": "Pasta Fresca Huerta Tomate y Mozzarella 250 Gr",
        "image": "https:\/\/cdn-consum.aktiosdigitalservices.com\/tol\/consum\/media\/product\/img\/300x300\/7450385.jpg?t=20250103082856"
    },
    {
        "id": 35768,
        "name": "Loci\u00f3n Manteca de Karit\u00e9 Piel Seca NIVEA",
        "price": 4.85,
        "price_kilo": 1.21,
        "slug": "locion-manteca-de-karite-piel-seca",
        "description": "Loci\u00f3n Manteca de Karit\u00e9 Piel Seca 400 ml",
        "image": "https:\/\/cdn-consum.aktiosdigitalservices.com\/tol\/consum\/media\/product\/img\/300x300\/7450393.jpg?t=20250227095725"
    },
    {
        "id": 35769,
        "name": "Cerveza sin Gluten Pack de 6 botellas E.GALICIA",
        "price": 4.25,
        "price_kilo": 2.83,
        "slug": "cerveza-sin-gluten-pack-de-6-botellas",
        "description": "Cerveza sin Gluten Pack de 6 botellas 6 x 0,25 L",
        "image": "https:\/\/cdn-consum.aktiosdigitalservices.com\/tol\/consum\/media\/product\/img\/300x300\/7450427.jpg?t=20250313081425"
    },
    {
        "id": 35775,
        "name": "Preparado Pescado y Marisco CONSUM",
        "price": 3.99,
        "price_kilo": 7.98,
        "slug": "preparado-pescado-y-marisco",
        "description": "Preparado Pescado y Marisco 500 Gr",
        "image": "https:\/\/cdn-consum.aktiosdigitalservices.com\/tol\/consum\/media\/product\/img\/300x300\/7442387.jpg?t=20250319080047"
    },
    {
        "id": 35776,
        "name": "Prep. Pescado y Marisco S\/C\u00e1scara y Piel CONSUM",
        "price": 5.5,
        "price_kilo": 11,
        "slug": "prep-pescado-y-marisco-s-cascara-y-piel",
        "description": "Prep. Pescado y Marisco S\/C\u00e1scara y Piel 500 Gr",
        "image": "https:\/\/cdn-consum.aktiosdigitalservices.com\/tol\/consum\/media\/product\/img\/300x300\/7442390.jpg?t=20250319080048"
    },
    {
        "id": 35781,
        "name": "Buey de Mar Cocido Peso Aproximado 600Gr MARINES",
        "price": 11.5,
        "price_kilo": 19.17,
        "slug": "buey-de-mar-cocido-peso-aproximado-600gr",
        "description": "Buey de Mar Cocido Peso Aproximado 600Gr 0,6 Kg",
        "image": "https:\/\/cdn-consum.aktiosdigitalservices.com\/tol\/consum\/media\/product\/img\/300x300\/7448298.jpg?t=20250318080856"
    },
    {
        "id": 35786,
        "name": "Yarroz Pollo Salsa Teriyaki YATEKOMO",
        "price": 1.99,
        "price_kilo": 23.69,
        "slug": "yarroz-pollo-salsa-teriyaki",
        "description": "Yarroz Pollo Salsa Teriyaki 84 Gr",
        "image": "https:\/\/cdn-consum.aktiosdigitalservices.com\/tol\/consum\/media\/product\/img\/300x300\/7449119.jpg?t=20250227095634"
    },
    {
        "id": 35787,
        "name": "Yarroz Ternera Salsa Soja YATEKOMO",
        "price": 1.99,
        "price_kilo": 23.69,
        "slug": "yarroz-ternera-salsa-soja",
        "description": "Yarroz Ternera Salsa Soja 84 Gr",
        "image": "https:\/\/cdn-consum.aktiosdigitalservices.com\/tol\/consum\/media\/product\/img\/300x300\/7449122.jpg?t=20250227095636"
    },
    {
        "id": 35788,
        "name": "Yarroz Verduras Salsa Curry YATEKOMO",
        "price": 1.99,
        "price_kilo": 24.27,
        "slug": "yarroz-verduras-salsa-curry",
        "description": "Yarroz Verduras Salsa Curry 82 Gr",
        "image": "https:\/\/cdn-consum.aktiosdigitalservices.com\/tol\/consum\/media\/product\/img\/300x300\/7449127.jpg?t=20250227095637"
    },
    {
        "id": 35791,
        "name": "Cereales Trix NESTLE",
        "price": 3.59,
        "price_kilo": 11.97,
        "slug": "cereales-trix",
        "description": "Cereales Trix 300 Gr",
        "image": "https:\/\/cdn-consum.aktiosdigitalservices.com\/tol\/consum\/media\/product\/img\/300x300\/7450021.jpg?t=20250313081416"
    },
    {
        "id": 35793,
        "name": "Dulce Leche Tarro DDL",
        "price": 2.71,
        "price_kilo": 6.3,
        "slug": "dulce-leche-tarro",
        "description": "Dulce Leche Tarro 430 Gr",
        "image": "https:\/\/cdn-consum.aktiosdigitalservices.com\/tol\/consum\/media\/product\/img\/300x300\/7450120.jpg?t=20250311135237"
    },
    {
        "id": 35794,
        "name": "Postre 0%0% Proteico Ar\u00e1ndanos YOPRO DANONE",
        "price": 2.99,
        "price_kilo": 6.23,
        "slug": "postre-00-proteico-arandanos",
        "description": "Postre 0%0% Proteico Ar\u00e1ndanos 4 x 120 Gr",
        "image": "https:\/\/cdn-consum.aktiosdigitalservices.com\/tol\/consum\/media\/product\/img\/300x300\/7450174.jpg?t=20250312130451"
    },
    {
        "id": 35795,
        "name": "Postre Proteico 0%0% Sabor Vainilla YOPRO DANONE",
        "price": 2.99,
        "price_kilo": 6.23,
        "slug": "postre-proteico-00-sabor-vainilla",
        "description": "Postre Proteico 0%0% Sabor Vainilla 4 x 120 Gr",
        "image": "https:\/\/cdn-consum.aktiosdigitalservices.com\/tol\/consum\/media\/product\/img\/300x300\/7450179.jpg?t=20250312130454"
    },
    {
        "id": 35796,
        "name": "Mascarilla Reparadora Aceite de Arg\u00e1n HERBAL ESSEN",
        "price": 6.49,
        "price_kilo": 2.16,
        "slug": "mascarilla-reparadora-aceite-de-argan",
        "description": "Mascarilla Reparadora Aceite de Arg\u00e1n 300 ml",
        "image": "https:\/\/cdn-consum.aktiosdigitalservices.com\/tol\/consum\/media\/product\/img\/300x300\/7450216.jpg?t=20250313081417"
    },
    {
        "id": 35799,
        "name": "Pa\u00f1al Beb\u00e9 Talla 6 Activity +13 Kg DODOT",
        "price": 28.99,
        "price_kilo": 0.6,
        "slug": "panal-bebe-talla-6-activity-13-kg",
        "description": "Pa\u00f1al Beb\u00e9 Talla 6 Activity +13 Kg 48 U",
        "image": "https:\/\/cdn-consum.aktiosdigitalservices.com\/tol\/consum\/media\/product\/img\/300x300\/7450349.jpg?t=20250227095719"
    },
    {
        "id": 35800,
        "name": "Pa\u00f1al Sensitive Talla 1 De 2 Kg a 5 Kg DODOT",
        "price": 20.95,
        "price_kilo": 0.36,
        "slug": "panal-sensitive-talla-1-de-2-kg-a-5-kg",
        "description": "Pa\u00f1al Sensitive Talla 1 De 2 Kg a 5 Kg 58 U",
        "image": "https:\/\/cdn-consum.aktiosdigitalservices.com\/tol\/consum\/media\/product\/img\/300x300\/7450356.jpg?t=20250218081430"
    },
    {
        "id": 35801,
        "name": "Navaja Congelada MARINES",
        "price": 4.25,
        "price_kilo": 14.17,
        "slug": "navaja-congelada",
        "description": "Navaja Congelada 300 Gr",
        "image": "https:\/\/cdn-consum.aktiosdigitalservices.com\/tol\/consum\/media\/product\/img\/300x300\/7450450.jpg?t=20250318080906"
    },
    {
        "id": 35802,
        "name": "Pat\u00e9 de Cerdo ARGAL",
        "price": 2.25,
        "price_kilo": 9.04,
        "slug": "pate-de-cerdo",
        "description": "Pat\u00e9 de Cerdo 3 x 83 Gr",
        "image": "https:\/\/cdn-consum.aktiosdigitalservices.com\/tol\/consum\/media\/product\/img\/300x300\/7450468.jpg?t=20250227095729"
    },
    {
        "id": 35803,
        "name": "Mayonesa Pet CHOVI",
        "price": 1.89,
        "price_kilo": 4.73,
        "slug": "mayonesa-pet",
        "description": "Mayonesa Pet 400 ml",
        "image": "https:\/\/cdn-consum.aktiosdigitalservices.com\/tol\/consum\/media\/product\/img\/300x300\/7450554.jpg?t=20250320080356"
    },
    {
        "id": 35812,
        "name": "Cebolla CONSUM",
        "price": 0.92,
        "price_kilo": 15.33,
        "slug": "cebolla",
        "description": "Cebolla 60 Gr",
        "image": "https:\/\/cdn-consum.aktiosdigitalservices.com\/tol\/consum\/media\/product\/img\/300x300\/7435816.jpg?t=20250312092850"
    },
    {
        "id": 35813,
        "name": "Piment\u00f3n Dulce CONSUM",
        "price": 1.05,
        "price_kilo": 18.1,
        "slug": "pimenton-dulce",
        "description": "Piment\u00f3n Dulce 58 Gr",
        "image": "https:\/\/cdn-consum.aktiosdigitalservices.com\/tol\/consum\/media\/product\/img\/300x300\/7435829.jpg?t=20241217081341"
    },
    {
        "id": 35814,
        "name": "Eneldo CONSUM",
        "price": 2.05,
        "price_kilo": 10.25,
        "slug": "eneldo",
        "description": "Eneldo 20 Gr",
        "image": "https:\/\/cdn-consum.aktiosdigitalservices.com\/tol\/consum\/media\/product\/img\/300x300\/7435899.jpg?t=20250312092851"
    },
    {
        "id": 35818,
        "name": "Loci\u00f3n Reafirmante Autobronceadora NIVEA",
        "price": 7.99,
        "price_kilo": 2,
        "slug": "locion-reafirmante-autobronceadora",
        "description": "Loci\u00f3n Reafirmante Autobronceadora 400 ml",
        "image": "https:\/\/cdn-consum.aktiosdigitalservices.com\/tol\/consum\/media\/product\/img\/300x300\/7450323.jpg?t=20241231080042"
    },
    {
        "id": 35820,
        "name": "Caf\u00e9 Con Leche G\u00e9nova C\u00e1psulas DOLCE GUSTO",
        "price": 3.99,
        "price_kilo": 0.29,
        "slug": "cafe-con-leche-genova-capsulas",
        "description": "Caf\u00e9 Con Leche G\u00e9nova C\u00e1psulas 14 U",
        "image": "https:\/\/cdn-consum.aktiosdigitalservices.com\/tol\/consum\/media\/product\/img\/300x300\/7450430.jpg?t=20250314121806"
    },
    {
        "id": 35821,
        "name": "Mermelada Frambuesa VIEJA FABRIC",
        "price": 2.69,
        "price_kilo": 9.61,
        "slug": "mermelada-frambuesa",
        "description": "Mermelada Frambuesa 280 Gr",
        "image": "https:\/\/cdn-consum.aktiosdigitalservices.com\/tol\/consum\/media\/product\/img\/300x300\/7450471.jpg?t=20250313081427"
    },
    {
        "id": 35822,
        "name": "Sonajero Bolas TIGEX",
        "price": 4.79,
        "price_kilo": 4.79,
        "slug": "sonajero-bolas",
        "description": "Sonajero Bolas 1 U",
        "image": "https:\/\/cdn-consum.aktiosdigitalservices.com\/tol\/consum\/media\/product\/img\/300x300\/7450588.jpg?t=20241217081421"
    },
    {
        "id": 35826,
        "name": "Galleta Mar\u00eda Dorada sin Az\u00facares GULLON ZERO",
        "price": 1.95,
        "price_kilo": 4.88,
        "slug": "galleta-maria-dorada-sin-azucares",
        "description": "Galleta Mar\u00eda Dorada sin Az\u00facares 400 Gr",
        "image": "https:\/\/cdn-consum.aktiosdigitalservices.com\/tol\/consum\/media\/product\/img\/300x300\/7450799.jpg?t=20250312092915"
    },
    {
        "id": 35827,
        "name": "Barquillos Rellenos de Chocolate CONSUM",
        "price": 0.79,
        "price_kilo": 5.27,
        "slug": "barquillos-rellenos-de-chocolate",
        "description": "Barquillos Rellenos de Chocolate 150 Gr",
        "image": "https:\/\/cdn-consum.aktiosdigitalservices.com\/tol\/consum\/media\/product\/img\/300x300\/7416514.jpg?t=20250312092829"
    },
    {
        "id": 35829,
        "name": "Boquer\u00f3n del Cant\u00e1brico en Aceite de Oliva CONSUM",
        "price": 2.5,
        "price_kilo": 41.67,
        "slug": "boqueron-del-cantabrico-en-aceite-de-oliva",
        "description": "Boquer\u00f3n del Cant\u00e1brico en Aceite de Oliva 60 Gr",
        "image": "https:\/\/cdn-consum.aktiosdigitalservices.com\/tol\/consum\/media\/product\/img\/300x300\/7435969.jpg?t=20250312092851"
    },
    {
        "id": 35831,
        "name": "Detergente en Tiras Active Fresh ASEVI",
        "price": 5.59,
        "price_kilo": 0.18,
        "slug": "detergente-en-tiras-active-fresh",
        "description": "Detergente en Tiras Active Fresh 30 Lv",
        "image": "https:\/\/cdn-consum.aktiosdigitalservices.com\/tol\/consum\/media\/product\/img\/300x300\/7446529.jpg?t=20250312092909"
    },
    {
        "id": 35836,
        "name": "Vino Tinto Ecol\u00f3gico D.O. Valencia MADURESA",
        "price": 18.99,
        "price_kilo": 25.32,
        "slug": "vino-tinto-ecologico-do-valencia",
        "description": "Vino Tinto Ecol\u00f3gico D.O. Valencia 0,75 L",
        "image": "https:\/\/cdn-consum.aktiosdigitalservices.com\/tol\/consum\/media\/product\/img\/300x300\/7449374.jpg?t=20241217081417"
    },
    {
        "id": 35838,
        "name": "Barrita Special K Prote\u00edna 23% KELLOGG'S",
        "price": 3.55,
        "price_kilo": 0.89,
        "slug": "barrita-special-k-proteina-23",
        "description": "Barrita Special K Prote\u00edna 23% 4 U",
        "image": "https:\/\/cdn-consum.aktiosdigitalservices.com\/tol\/consum\/media\/product\/img\/300x300\/7450315.jpg?t=20250312092915"
    },
    {
        "id": 35844,
        "name": "Galletas Mini Cookies Licencia MAXIES",
        "price": 1.19,
        "price_kilo": 11.9,
        "slug": "galletas-mini-cookies-licencia",
        "description": "Galletas Mini Cookies Licencia 100 Gr",
        "image": "https:\/\/cdn-consum.aktiosdigitalservices.com\/tol\/consum\/media\/product\/img\/300x300\/7450794.jpg?t=20250312092915"
    },
    {
        "id": 35845,
        "name": "Galleta Mini Dinosaurus sin Gluten ARTIACH",
        "price": 2.59,
        "price_kilo": 16.19,
        "slug": "galleta-mini-dinosaurus-sin-gluten",
        "description": "Galleta Mini Dinosaurus sin Gluten 160 Gr",
        "image": "https:\/\/cdn-consum.aktiosdigitalservices.com\/tol\/consum\/media\/product\/img\/300x300\/7450802.jpg?t=20250312092915"
    },
    {
        "id": 35846,
        "name": "Body Milk Nutritivo 72 h Piel Seca-Muy Seca NIVEA",
        "price": 4.95,
        "price_kilo": 1.24,
        "slug": "body-milk-nutritivo-72-h-piel-seca-muy-seca",
        "description": "Body Milk Nutritivo 72 h Piel Seca-Muy Seca 400 ml",
        "image": "https:\/\/cdn-consum.aktiosdigitalservices.com\/tol\/consum\/media\/product\/img\/300x300\/7450844.jpg?t=20250312092915"
    },
    {
        "id": 35847,
        "name": "Body Milk Reafirmante Piel Normal NIVEA",
        "price": 6.25,
        "price_kilo": 1.56,
        "slug": "body-milk-reafirmante-piel-normal",
        "description": "Body Milk Reafirmante Piel Normal 400 ml",
        "image": "https:\/\/cdn-consum.aktiosdigitalservices.com\/tol\/consum\/media\/product\/img\/300x300\/7450849.jpg?t=20250312092915"
    },
    {
        "id": 35848,
        "name": "Champ\u00fa Fortificante Aloe Vera HERBAL ESSEN",
        "price": 5.29,
        "price_kilo": 1.51,
        "slug": "champu-fortificante-aloe-vera",
        "description": "Champ\u00fa Fortificante Aloe Vera 350 ml",
        "image": "https:\/\/cdn-consum.aktiosdigitalservices.com\/tol\/consum\/media\/product\/img\/300x300\/7450880.jpg?t=20250313081433"
    },
    {
        "id": 35849,
        "name": "Acondicionador Repara y Protege PANTENE",
        "price": 4.4,
        "price_kilo": 1.6,
        "slug": "acondicionador-repara-y-protege",
        "description": "Acondicionador Repara y Protege 275 ml",
        "image": "https:\/\/cdn-consum.aktiosdigitalservices.com\/tol\/consum\/media\/product\/img\/300x300\/7450885.jpg?t=20250312092915"
    },
    {
        "id": 35850,
        "name": "Acondicionador Suave y Liso PANTENE",
        "price": 4.4,
        "price_kilo": 1.6,
        "slug": "acondicionador-suave-y-liso",
        "description": "Acondicionador Suave y Liso 275 ml",
        "image": "https:\/\/cdn-consum.aktiosdigitalservices.com\/tol\/consum\/media\/product\/img\/300x300\/7450922.jpg?t=20250312092915"
    },
    {
        "id": 35851,
        "name": "Champ\u00fa Nutri Plex Repara y Protege PANTENE",
        "price": 3.85,
        "price_kilo": 1.18,
        "slug": "champu-nutri-plex-repara-y-protege",
        "description": "Champ\u00fa Nutri Plex Repara y Protege 325 ml",
        "image": "https:\/\/cdn-consum.aktiosdigitalservices.com\/tol\/consum\/media\/product\/img\/300x300\/7450930.jpg?t=20250321080030"
    },
    {
        "id": 35852,
        "name": "Champ\u00fa Nutri Plex Suave y Liso PANTENE",
        "price": 3.85,
        "price_kilo": 1.18,
        "slug": "champu-nutri-plex-suave-y-liso",
        "description": "Champ\u00fa Nutri Plex Suave y Liso 325 ml",
        "image": "https:\/\/cdn-consum.aktiosdigitalservices.com\/tol\/consum\/media\/product\/img\/300x300\/7450935.jpg?t=20250312092915"
    },
    {
        "id": 35853,
        "name": "Champ\u00fa Cl\u00e1sico PANTENE",
        "price": 3.85,
        "price_kilo": 1.18,
        "slug": "champu-clasico",
        "description": "Champ\u00fa Cl\u00e1sico 325 ml",
        "image": "https:\/\/cdn-consum.aktiosdigitalservices.com\/tol\/consum\/media\/product\/img\/300x300\/7450971.jpg?t=20250312092916"
    },
    {
        "id": 35854,
        "name": "Champ\u00fa Nutri Plex Rizos PANTENE",
        "price": 3.85,
        "price_kilo": 1.18,
        "slug": "champu-nutri-plex-rizos",
        "description": "Champ\u00fa Nutri Plex Rizos 325 ml",
        "image": "https:\/\/cdn-consum.aktiosdigitalservices.com\/tol\/consum\/media\/product\/img\/300x300\/7450976.jpg?t=20250312092916"
    },
    {
        "id": 35856,
        "name": "Kombucha Fibra Bebida Org\u00e1nica KOMVIDA",
        "price": 2.2,
        "price_kilo": 8.8,
        "slug": "kombucha-fibra-bebida-organica",
        "description": "Kombucha Fibra Bebida Org\u00e1nica 250 ml",
        "image": "https:\/\/cdn-consum.aktiosdigitalservices.com\/tol\/consum\/media\/product\/img\/300x300\/7451029.jpg?t=20250312092916"
    },
    {
        "id": 35857,
        "name": "Leche con Prote\u00edna Sabor Chocolate PULEVA",
        "price": 1.89,
        "price_kilo": 1.89,
        "slug": "leche-con-proteina-sabor-chocolate",
        "description": "Leche con Prote\u00edna Sabor Chocolate 1 L",
        "image": "https:\/\/cdn-consum.aktiosdigitalservices.com\/tol\/consum\/media\/product\/img\/300x300\/7451032.jpg?t=20250312092916"
    },
    {
        "id": 35858,
        "name": "Paleta de Cebo Ib\u00e9rica 50% Raza Ib\u00e9rica LEGADO",
        "price": 3.59,
        "price_kilo": 51.29,
        "slug": "paleta-de-cebo-iberica-50-raza-iberica",
        "description": "Paleta de Cebo Ib\u00e9rica 50% Raza Ib\u00e9rica 70 Gr",
        "image": "https:\/\/cdn-consum.aktiosdigitalservices.com\/tol\/consum\/media\/product\/img\/300x300\/7451037.jpg?t=20250312092916"
    },
    {
        "id": 35866,
        "name": "Acondicionador Bif\u00e1sico Rizos KYREY",
        "price": 2.95,
        "price_kilo": 7.38,
        "slug": "acondicionador-bifasico-rizos",
        "description": "Acondicionador Bif\u00e1sico Rizos 400 ml",
        "image": "https:\/\/cdn-consum.aktiosdigitalservices.com\/tol\/consum\/media\/product\/img\/300x300\/7398829.jpg?t=20250312092817"
    },
    {
        "id": 35867,
        "name": "Pan de Molde sin Gluten Cl\u00e1sico CONSUM",
        "price": 2.54,
        "price_kilo": 7.26,
        "slug": "pan-de-molde-sin-gluten-clasico",
        "description": "Pan de Molde sin Gluten Cl\u00e1sico 350 Gr",
        "image": "https:\/\/cdn-consum.aktiosdigitalservices.com\/tol\/consum\/media\/product\/img\/300x300\/7435142.jpg?t=20250312092847"
    },
    {
        "id": 35868,
        "name": "Pan de Molde Sin Gluten Cereales y Semillas CONSUM",
        "price": 2.54,
        "price_kilo": 7.26,
        "slug": "pan-de-molde-sin-gluten-cereales-y-semillas",
        "description": "Pan de Molde Sin Gluten Cereales y Semillas 350 Gr",
        "image": "https:\/\/cdn-consum.aktiosdigitalservices.com\/tol\/consum\/media\/product\/img\/300x300\/7435147.jpg?t=20250312092847"
    },
    {
        "id": 35869,
        "name": "Pimienta Negra en Grano CONSUM",
        "price": 1.45,
        "price_kilo": 24.17,
        "slug": "pimienta-negra-en-grano",
        "description": "Pimienta Negra en Grano 60 Gr",
        "image": "https:\/\/cdn-consum.aktiosdigitalservices.com\/tol\/consum\/media\/product\/img\/300x300\/7435837.jpg?t=20250312161445"
    },
    {
        "id": 35870,
        "name": "Ajo Molido CONSUM",
        "price": 0.85,
        "price_kilo": 10,
        "slug": "ajo-molido",
        "description": "Ajo Molido 85 Gr",
        "image": "https:\/\/cdn-consum.aktiosdigitalservices.com\/tol\/consum\/media\/product\/img\/300x300\/7435840.jpg?t=20250312161447"
    },
    {
        "id": 35871,
        "name": "Canela Molida CONSUM",
        "price": 0.89,
        "price_kilo": 1.98,
        "slug": "canela-molida",
        "description": "Canela Molida 45 Gr",
        "image": "https:\/\/cdn-consum.aktiosdigitalservices.com\/tol\/consum\/media\/product\/img\/300x300\/7435845.jpg?t=20250312092850"
    },
    {
        "id": 35872,
        "name": "Comino Molido CONSUM",
        "price": 1.25,
        "price_kilo": 20.83,
        "slug": "comino-molido",
        "description": "Comino Molido 60 Gr",
        "image": "https:\/\/cdn-consum.aktiosdigitalservices.com\/tol\/consum\/media\/product\/img\/300x300\/7435857.jpg?t=20250312092850"
    },
    {
        "id": 35873,
        "name": "Perejil CONSUM",
        "price": 0.9,
        "price_kilo": 5,
        "slug": "perejil",
        "description": "Perejil 18 Gr",
        "image": "https:\/\/cdn-consum.aktiosdigitalservices.com\/tol\/consum\/media\/product\/img\/300x300\/7435878.jpg?t=20250312092851"
    },
    {
        "id": 35874,
        "name": "Romero CONSUM",
        "price": 1.19,
        "price_kilo": 3.4,
        "slug": "romero",
        "description": "Romero 35 Gr",
        "image": "https:\/\/cdn-consum.aktiosdigitalservices.com\/tol\/consum\/media\/product\/img\/300x300\/7435886.jpg?t=20250312092851"
    },
    {
        "id": 35875,
        "name": "C\u00farcuma CONSUM",
        "price": 1.3,
        "price_kilo": 21.67,
        "slug": "curcuma",
        "description": "C\u00farcuma 60 Gr",
        "image": "https:\/\/cdn-consum.aktiosdigitalservices.com\/tol\/consum\/media\/product\/img\/300x300\/7435910.jpg?t=20250312092851"
    },
    {
        "id": 35876,
        "name": "Curry CONSUM",
        "price": 1.25,
        "price_kilo": 22.73,
        "slug": "curry",
        "description": "Curry 55 Gr",
        "image": "https:\/\/cdn-consum.aktiosdigitalservices.com\/tol\/consum\/media\/product\/img\/300x300\/7435915.jpg?t=20250312161454"
    },
    {
        "id": 35877,
        "name": "Nuez Moscada Molida CONSUM",
        "price": 1.7,
        "price_kilo": 28.33,
        "slug": "nuez-moscada-molida",
        "description": "Nuez Moscada Molida 60 Gr",
        "image": "https:\/\/cdn-consum.aktiosdigitalservices.com\/tol\/consum\/media\/product\/img\/300x300\/7435923.jpg?t=20250312092851"
    },
    {
        "id": 35878,
        "name": "Jengibre CONSUM",
        "price": 1.69,
        "price_kilo": 33.8,
        "slug": "jengibre",
        "description": "Jengibre 50 Gr",
        "image": "https:\/\/cdn-consum.aktiosdigitalservices.com\/tol\/consum\/media\/product\/img\/300x300\/7435928.jpg?t=20250312092851"
    },
    {
        "id": 35879,
        "name": "Sazonador Ajo y Perejil CONSUM",
        "price": 0.9,
        "price_kilo": 18,
        "slug": "sazonador-ajo-y-perejil",
        "description": "Sazonador Ajo y Perejil 50 Gr",
        "image": "https:\/\/cdn-consum.aktiosdigitalservices.com\/tol\/consum\/media\/product\/img\/300x300\/7435931.jpg?t=20250312092851"
    },
    {
        "id": 35901,
        "name": "Filetes de Lomo Extrafinos CONSUM",
        "price": 2.96,
        "price_kilo": 7.39,
        "slug": "filetes-de-lomo-extrafinos",
        "description": "Filetes de Lomo Extrafinos",
        "image": "https:\/\/cdn-consum.aktiosdigitalservices.com\/tol\/consum\/media\/product\/img\/300x300\/7450658.jpg?t=20250318081023"
    },
    {
        "id": 35902,
        "name": "Pollo Asado NOEL",
        "price": 6.97,
        "price_kilo": 5.99,
        "slug": "pollo-asado",
        "description": "Pollo Asado",
        "image": "https:\/\/cdn-consum.aktiosdigitalservices.com\/tol\/consum\/media\/product\/img\/300x300\/7450856.jpg?t=20250322080113"
    },
    {
        "id": 35903,
        "name": "Masa para Galletas BUITONI",
        "price": 2.39,
        "price_kilo": 8.54,
        "slug": "masa-para-galletas",
        "description": "Masa para Galletas 280 Gr",
        "image": "https:\/\/cdn-consum.aktiosdigitalservices.com\/tol\/consum\/media\/product\/img\/300x300\/7450943.jpg?t=20250318081023"
    },
    {
        "id": 35904,
        "name": "Crema de Guisantes DON SIMON",
        "price": 1.55,
        "price_kilo": 5.17,
        "slug": "crema-de-guisantes",
        "description": "Crema de Guisantes 300 ml",
        "image": "https:\/\/cdn-consum.aktiosdigitalservices.com\/tol\/consum\/media\/product\/img\/300x300\/7451052.jpg?t=20250311135258"
    },
    {
        "id": 35906,
        "name": "T\u00e9 Lim\u00f3n Pet FUZE TEA",
        "price": 1.49,
        "price_kilo": 2.98,
        "slug": "te-limon-pet",
        "description": "T\u00e9 Lim\u00f3n Pet 0,5 L",
        "image": "https:\/\/cdn-consum.aktiosdigitalservices.com\/tol\/consum\/media\/product\/img\/300x300\/7451115.jpg?t=20250312092916"
    },
    {
        "id": 35907,
        "name": "Mini Espelta 99% ",
        "price": 0.66,
        "price_kilo": 4.55,
        "slug": "mini-espelta-99",
        "description": "Mini Espelta 99% 145 Gr",
        "image": "https:\/\/cdn-consum.aktiosdigitalservices.com\/tol\/consum\/media\/product\/img\/300x300\/7451268.jpg?t=20250318081023"
    },
    {
        "id": 35908,
        "name": "Caramelo Bals\u00e1mico Jengibre y Lim\u00f3n PICTOLIN",
        "price": 1.15,
        "price_kilo": 17.69,
        "slug": "caramelo-balsamico-jengibre-y-limon",
        "description": "Caramelo Bals\u00e1mico Jengibre y Lim\u00f3n 65 Gr",
        "image": "https:\/\/cdn-consum.aktiosdigitalservices.com\/tol\/consum\/media\/product\/img\/300x300\/7451276.jpg?t=20250312092916"
    },
    {
        "id": 35909,
        "name": "Detergente L\u00edquido Gel Activo COLON",
        "price": 9.99,
        "price_kilo": 0.29,
        "slug": "detergente-liquido-gel-activo",
        "description": "Detergente L\u00edquido Gel Activo 34 Lv",
        "image": "https:\/\/cdn-consum.aktiosdigitalservices.com\/tol\/consum\/media\/product\/img\/300x300\/7451326.jpg?t=20250312092916"
    },
    {
        "id": 35910,
        "name": "Suavizante Concentrado Original FLOR",
        "price": 3.99,
        "price_kilo": 0.04,
        "slug": "suavizante-concentrado-original",
        "description": "Suavizante Concentrado Original 89 Lv",
        "image": "https:\/\/cdn-consum.aktiosdigitalservices.com\/tol\/consum\/media\/product\/img\/300x300\/7451334.jpg?t=20250312092916"
    },
    {
        "id": 35911,
        "name": "Mayonesa Vegana Tarro CHOVI",
        "price": 2.39,
        "price_kilo": 4.78,
        "slug": "mayonesa-vegana-tarro",
        "description": "Mayonesa Vegana Tarro 500 ml",
        "image": "https:\/\/cdn-consum.aktiosdigitalservices.com\/tol\/consum\/media\/product\/img\/300x300\/7451339.jpg?t=20250312092916"
    },
    {
        "id": 35912,
        "name": "Detergente L\u00edquido Oscuros Intensos MICOLOR",
        "price": 8.49,
        "price_kilo": 0.3,
        "slug": "detergente-liquido-oscuros-intensos",
        "description": "Detergente L\u00edquido Oscuros Intensos 28 Lv",
        "image": "https:\/\/cdn-consum.aktiosdigitalservices.com\/tol\/consum\/media\/product\/img\/300x300\/7451354.jpg?t=20250312092917"
    },
    {
        "id": 35913,
        "name": "Detergente L\u00edquido Frescor DIXAN",
        "price": 4.99,
        "price_kilo": 0.17,
        "slug": "detergente-liquido-frescor",
        "description": "Detergente L\u00edquido Frescor 30 Lv",
        "image": "https:\/\/cdn-consum.aktiosdigitalservices.com\/tol\/consum\/media\/product\/img\/300x300\/7451359.jpg?t=20250312161640"
    },
    {
        "id": 35914,
        "name": "Gel Fijador Aqua Clean Look GIORGI",
        "price": 3.3,
        "price_kilo": 1.94,
        "slug": "gel-fijador-aqua-clean-look",
        "description": "Gel Fijador Aqua Clean Look 170 ml",
        "image": "https:\/\/cdn-consum.aktiosdigitalservices.com\/tol\/consum\/media\/product\/img\/300x300\/7451396.jpg?t=20250312161642"
    },
    {
        "id": 35915,
        "name": "Gel Define y Fija S\u00faper Rizos GIORGI",
        "price": 3.3,
        "price_kilo": 1.94,
        "slug": "gel-define-y-fija-super-rizos",
        "description": "Gel Define y Fija S\u00faper Rizos 170 ml",
        "image": "https:\/\/cdn-consum.aktiosdigitalservices.com\/tol\/consum\/media\/product\/img\/300x300\/7451409.jpg?t=20250312092917"
    },
    {
        "id": 35916,
        "name": "Espuma Maxi Volumen GIORGI",
        "price": 2.95,
        "price_kilo": 1.18,
        "slug": "espuma-maxi-volumen",
        "description": "Espuma Maxi Volumen 250 ml",
        "image": "https:\/\/cdn-consum.aktiosdigitalservices.com\/tol\/consum\/media\/product\/img\/300x300\/7451420.jpg?t=20250312092917"
    },
    {
        "id": 35918,
        "name": "Pimienta Negra Molida CONSUM",
        "price": 1.2,
        "price_kilo": 18.46,
        "slug": "pimienta-negra-molida",
        "description": "Pimienta Negra Molida 65 Gr",
        "image": "https:\/\/cdn-consum.aktiosdigitalservices.com\/tol\/consum\/media\/product\/img\/300x300\/7435832.jpg?t=20250312161443"
    },
    {
        "id": 35919,
        "name": "Or\u00e9gano CONSUM",
        "price": 0.7,
        "price_kilo": 3.89,
        "slug": "oregano",
        "description": "Or\u00e9gano 18 Gr",
        "image": "https:\/\/cdn-consum.aktiosdigitalservices.com\/tol\/consum\/media\/product\/img\/300x300\/7435865.jpg?t=20250312161449"
    },
    {
        "id": 35920,
        "name": "Albahaca CONSUM",
        "price": 1.25,
        "price_kilo": 6.25,
        "slug": "albahaca",
        "description": "Albahaca 20 Gr",
        "image": "https:\/\/cdn-consum.aktiosdigitalservices.com\/tol\/consum\/media\/product\/img\/300x300\/7435873.jpg?t=20250312092850"
    },
    {
        "id": 35921,
        "name": "Hierbas Provenzales CONSUM",
        "price": 1.05,
        "price_kilo": 4.77,
        "slug": "hierbas-provenzales",
        "description": "Hierbas Provenzales 22 Gr",
        "image": "https:\/\/cdn-consum.aktiosdigitalservices.com\/tol\/consum\/media\/product\/img\/300x300\/7435881.jpg?t=20250312092851"
    },
    {
        "id": 35922,
        "name": "Guindilla Entera CONSUM",
        "price": 0.91,
        "price_kilo": 5.06,
        "slug": "guindilla-entera",
        "description": "Guindilla Entera 18 Gr",
        "image": "https:\/\/cdn-consum.aktiosdigitalservices.com\/tol\/consum\/media\/product\/img\/300x300\/7435902.jpg?t=20250312092851"
    },
    {
        "id": 35923,
        "name": "Pimienta Blanca Molida CONSUM",
        "price": 2.1,
        "price_kilo": 32.31,
        "slug": "pimienta-blanca-molida",
        "description": "Pimienta Blanca Molida 65 Gr",
        "image": "https:\/\/cdn-consum.aktiosdigitalservices.com\/tol\/consum\/media\/product\/img\/300x300\/7435907.jpg?t=20250312161452"
    },
    {
        "id": 35924,
        "name": "Molinillo Pimienta Negra CONSUM",
        "price": 1.7,
        "price_kilo": 28.33,
        "slug": "molinillo-pimienta-negra",
        "description": "Molinillo Pimienta Negra 60 Gr",
        "image": "https:\/\/cdn-consum.aktiosdigitalservices.com\/tol\/consum\/media\/product\/img\/300x300\/7435936.jpg?t=20250312161456"
    },
    {
        "id": 35925,
        "name": "Azafr\u00e1n Hebras CONSUM",
        "price": 2.3,
        "price_kilo": 460,
        "slug": "azafran-hebras",
        "description": "Azafr\u00e1n Hebras 0,5 Gr",
        "image": "https:\/\/cdn-consum.aktiosdigitalservices.com\/tol\/consum\/media\/product\/img\/300x300\/7435949.jpg?t=20250312161500"
    },
    {
        "id": 35926,
        "name": "Azafr\u00e1n Molido CONSUM",
        "price": 2.8,
        "price_kilo": 451.61,
        "slug": "azafran-molido",
        "description": "Azafr\u00e1n Molido 0,62 Gr",
        "image": "https:\/\/cdn-consum.aktiosdigitalservices.com\/tol\/consum\/media\/product\/img\/300x300\/7435951.jpg?t=20250312092851"
    },
    {
        "id": 35928,
        "name": "Gamba Blanca Cocida CONSUM",
        "price": 5.49,
        "price_kilo": 18.3,
        "slug": "gamba-blanca-cocida",
        "description": "Gamba Blanca Cocida 300 Gr",
        "image": "https:\/\/cdn-consum.aktiosdigitalservices.com\/tol\/consum\/media\/product\/img\/300x300\/7440076.jpg?t=20250312130359"
    },
    {
        "id": 35929,
        "name": "Natillas con Canela Molida CONSUM",
        "price": 1.4,
        "price_kilo": 15.73,
        "slug": "natillas-con-canela-molida",
        "description": "Natillas con Canela Molida 89 Gr",
        "image": "https:\/\/cdn-consum.aktiosdigitalservices.com\/tol\/consum\/media\/product\/img\/300x300\/7445914.jpg?t=20250312092907"
    },
    {
        "id": 35930,
        "name": "Rulo de Cabra CONSUM",
        "price": 2.11,
        "price_kilo": 11.72,
        "slug": "rulo-de-cabra",
        "description": "Rulo de Cabra 180 Gr",
        "image": "https:\/\/cdn-consum.aktiosdigitalservices.com\/tol\/consum\/media\/product\/img\/300x300\/7446032.jpg?t=20250312161603"
    },
    {
        "id": 35931,
        "name": "Bomb\u00f3n Surtido Sublime sin Az\u00facar TRAPA",
        "price": 4.95,
        "price_kilo": 31.94,
        "slug": "bombon-surtido-sublime-sin-azucar",
        "description": "Bomb\u00f3n Surtido Sublime sin Az\u00facar 155 Gr",
        "image": "https:\/\/cdn-consum.aktiosdigitalservices.com\/tol\/consum\/media\/product\/img\/300x300\/7446685.jpg?t=20250312092909"
    },
    {
        "id": 35933,
        "name": "Brocheta Gamb\u00f3n Pelado Congelado WOFCO",
        "price": 7.99,
        "price_kilo": 26.64,
        "slug": "brocheta-gambon-pelado-congelado",
        "description": "Brocheta Gamb\u00f3n Pelado Congelado 300 Gr",
        "image": "https:\/\/cdn-consum.aktiosdigitalservices.com\/tol\/consum\/media\/product\/img\/300x300\/7448277.jpg?t=20250318080854"
    },
    {
        "id": 35974,
        "name": "Tortillas Alto en Prote\u00ednas 6 Unidades ZANUY",
        "price": 3.02,
        "price_kilo": 12.58,
        "slug": "tortillas-alto-en-proteinas-6-unidades",
        "description": "Tortillas Alto en Prote\u00ednas 6 Unidades 240 Gr",
        "image": "https:\/\/cdn-consum.aktiosdigitalservices.com\/tol\/consum\/media\/product\/img\/300x300\/7450567.jpg?t=20250312092915"
    },
    {
        "id": 35977,
        "name": "Colonia Infantil Sonic LORENAY",
        "price": 6.95,
        "price_kilo": 13.9,
        "slug": "colonia-infantil-sonic",
        "description": "Colonia Infantil Sonic 50 ml",
        "image": "https:\/\/cdn-consum.aktiosdigitalservices.com\/tol\/consum\/media\/product\/img\/300x300\/7450711.jpg?t=20250313081431"
    },
    {
        "id": 35984,
        "name": "Frambuesas Cubiertas Choc,Blanc y Choc,Lech IT FRUIT",
        "price": 3.29,
        "price_kilo": 32.9,
        "slug": "frambuesas-cubiertas-chocblanc-y-choclech",
        "description": "Frambuesas Cubiertas Choc,Blanc y Choc,Lech 100 Gr",
        "image": "https:\/\/cdn-consum.aktiosdigitalservices.com\/tol\/consum\/media\/product\/img\/300x300\/7451003.jpg?t=20250315075957"
    },
    {
        "id": 35985,
        "name": "Fresas Cubiertas de Choc.Blanc y Choc Lech IT FRUIT",
        "price": 3.29,
        "price_kilo": 29.91,
        "slug": "fresas-cubiertas-de-chocblanc-y-choc-lech",
        "description": "Fresas Cubiertas de Choc.Blanc y Choc Lech 110 Gr",
        "image": "https:\/\/cdn-consum.aktiosdigitalservices.com\/tol\/consum\/media\/product\/img\/300x300\/7451016.jpg?t=20250315075959"
    },
    {
        "id": 35986,
        "name": "Detergente L\u00edquido Esencia FLOTA",
        "price": 3.99,
        "price_kilo": 0.1,
        "slug": "detergente-liquido-esencia",
        "description": "Detergente L\u00edquido Esencia 42 Lv",
        "image": "https:\/\/cdn-consum.aktiosdigitalservices.com\/tol\/consum\/media\/product\/img\/300x300\/7451128.jpg?t=20250312092916"
    },
    {
        "id": 35987,
        "name": "Detergente Lavadora Pastillas PUNTOMATIC",
        "price": 0.99,
        "price_kilo": 0.25,
        "slug": "detergente-lavadora-pastillas",
        "description": "Detergente Lavadora Pastillas 4 Lv",
        "image": "https:\/\/cdn-consum.aktiosdigitalservices.com\/tol\/consum\/media\/product\/img\/300x300\/7451156.jpg?t=20250312092916"
    },
    {
        "id": 35988,
        "name": "Detergente a Mano Active Plus FLOTA",
        "price": 1.9,
        "price_kilo": 2.92,
        "slug": "detergente-a-mano-active-plus",
        "description": "Detergente a Mano Active Plus 650 Gr",
        "image": "https:\/\/cdn-consum.aktiosdigitalservices.com\/tol\/consum\/media\/product\/img\/300x300\/7451172.jpg?t=20250312092916"
    },
    {
        "id": 35989,
        "name": "Galleta con Lacasitos Bolsa LACASITOS",
        "price": 1.99,
        "price_kilo": 16.58,
        "slug": "galleta-con-lacasitos-bolsa",
        "description": "Galleta con Lacasitos Bolsa 120 Gr",
        "image": "https:\/\/cdn-consum.aktiosdigitalservices.com\/tol\/consum\/media\/product\/img\/300x300\/7451271.jpg?t=20250312092916"
    },
    {
        "id": 35990,
        "name": "Barra Aldeana ",
        "price": 0.85,
        "price_kilo": 3.54,
        "slug": "barra-aldeana",
        "description": "Barra Aldeana 240 Gr",
        "image": "https:\/\/cdn-consum.aktiosdigitalservices.com\/tol\/consum\/media\/product\/img\/300x300\/7451441.jpg?t=20250322080117"
    },
    {
        "id": 35991,
        "name": "Limpiador Cocina Quitagrasas Pistola SANYTOL",
        "price": 3.25,
        "price_kilo": 4.33,
        "slug": "limpiador-cocina-quitagrasas-pistola",
        "description": "Limpiador Cocina Quitagrasas Pistola 750 ml",
        "image": "https:\/\/cdn-consum.aktiosdigitalservices.com\/tol\/consum\/media\/product\/img\/300x300\/7451560.jpg?t=20250312130508"
    },
    {
        "id": 35992,
        "name": "Mini Fondue Recette Savoyarde LE RUSTIQUE",
        "price": 2.45,
        "price_kilo": 16.33,
        "slug": "mini-fondue-recette-savoyarde",
        "description": "Mini Fondue Recette Savoyarde 150 Gr",
        "image": "https:\/\/cdn-consum.aktiosdigitalservices.com\/tol\/consum\/media\/product\/img\/300x300\/7451578.jpg?t=20250312092917"
    },
    {
        "id": 39328,
        "name": "Ambientador Floral Pistola CONSUM",
        "price": 2.29,
        "price_kilo": 0.92,
        "slug": "ambientador-floral-pistola",
        "description": "Ambientador Floral Pistola 250 ml",
        "image": "https:\/\/cdn-consum.aktiosdigitalservices.com\/tol\/consum\/media\/product\/img\/300x300\/7406549.jpg?t=20250312092820"
    },
    {
        "id": 39329,
        "name": "Limpia Muebles Parquet CONSUM",
        "price": 2,
        "price_kilo": 2.67,
        "slug": "limpia-muebles-parquet",
        "description": "Limpia Muebles Parquet 0,75 L",
        "image": "https:\/\/cdn-consum.aktiosdigitalservices.com\/tol\/consum\/media\/product\/img\/300x300\/7427917.jpg?t=20250312092838"
    },
    {
        "id": 39330,
        "name": "Eliminador de Olores Ropa y Tejidos CONSUM",
        "price": 1.7,
        "price_kilo": 3.4,
        "slug": "eliminador-de-olores-ropa-y-tejidos",
        "description": "Eliminador de Olores Ropa y Tejidos 500 ml",
        "image": "https:\/\/cdn-consum.aktiosdigitalservices.com\/tol\/consum\/media\/product\/img\/300x300\/7432862.jpg?t=20250312092842"
    },
    {
        "id": 39331,
        "name": "Anchoas del Cant\u00e1brico en Aceite de Oliva CONSUM",
        "price": 3.89,
        "price_kilo": 77.8,
        "slug": "anchoas-del-cantabrico-en-aceite-de-oliva",
        "description": "Anchoas del Cant\u00e1brico en Aceite de Oliva 50 Gr",
        "image": "https:\/\/cdn-consum.aktiosdigitalservices.com\/tol\/consum\/media\/product\/img\/300x300\/7433683.jpg?t=20250312092844"
    },
    {
        "id": 39332,
        "name": "Tomillo CONSUM",
        "price": 1.09,
        "price_kilo": 4.36,
        "slug": "tomillo",
        "description": "Tomillo 25 Gr",
        "image": "https:\/\/cdn-consum.aktiosdigitalservices.com\/tol\/consum\/media\/product\/img\/300x300\/7435824.jpg?t=20250312092850"
    },
    {
        "id": 39333,
        "name": "Canela en Rama CONSUM",
        "price": 1.5,
        "price_kilo": 7.5,
        "slug": "canela-en-rama",
        "description": "Canela en Rama 20 Gr",
        "image": "https:\/\/cdn-consum.aktiosdigitalservices.com\/tol\/consum\/media\/product\/img\/300x300\/7435852.jpg?t=20250312092850"
    },
    {
        "id": 39334,
        "name": "Piment\u00f3n Picante CONSUM",
        "price": 1.3,
        "price_kilo": 22.41,
        "slug": "pimenton-picante",
        "description": "Piment\u00f3n Picante 58 Gr",
        "image": "https:\/\/cdn-consum.aktiosdigitalservices.com\/tol\/consum\/media\/product\/img\/300x300\/7435860.jpg?t=20250312092850"
    },
    {
        "id": 39335,
        "name": "Laurel en Hojas CONSUM",
        "price": 0.85,
        "price_kilo": 7.08,
        "slug": "laurel-en-hojas",
        "description": "Laurel en Hojas 12 Gr",
        "image": "https:\/\/cdn-consum.aktiosdigitalservices.com\/tol\/consum\/media\/product\/img\/300x300\/7435956.jpg?t=20250312092851"
    },
    {
        "id": 39409,
        "name": "Gel Crema Colorante 2 Moreno LLONGUERAS",
        "price": 8.99,
        "price_kilo": 8.99,
        "slug": "gel-crema-colorante-2-moreno",
        "description": "Gel Crema Colorante 2 Moreno 1 U",
        "image": "https:\/\/cdn-consum.aktiosdigitalservices.com\/tol\/consum\/media\/product\/img\/300x300\/7450740.jpg?t=20250312161635"
    },
    {
        "id": 39410,
        "name": "Gel Crema Colorante 3 Casta\u00f1o Oscuro LLONGUERAS",
        "price": 8.99,
        "price_kilo": 8.99,
        "slug": "gel-crema-colorante-3-castano-oscuro",
        "description": "Gel Crema Colorante 3 Casta\u00f1o Oscuro 1 U",
        "image": "https:\/\/cdn-consum.aktiosdigitalservices.com\/tol\/consum\/media\/product\/img\/300x300\/7450745.jpg?t=20250312161637"
    },
    {
        "id": 39412,
        "name": "Roll-on Arnica TOPETO",
        "price": 4.5,
        "price_kilo": 22.5,
        "slug": "roll-on-arnica",
        "description": "Roll-on Arnica 20 ml",
        "image": "https:\/\/cdn-consum.aktiosdigitalservices.com\/tol\/consum\/media\/product\/img\/300x300\/7450914.jpg?t=20250312092915"
    },
    {
        "id": 39413,
        "name": "Rabo Vacuno Troceado ",
        "price": 15.95,
        "price_kilo": 15.95,
        "slug": "rabo-vacuno-troceado",
        "description": "Rabo Vacuno Troceado",
        "image": "https:\/\/cdn-consum.aktiosdigitalservices.com\/tol\/consum\/media\/product\/img\/300x300\/7450919.jpg?t=20250312092915"
    },
    {
        "id": 39415,
        "name": "Body Spray+B\u00e1lsamo Labial MARTINELIA",
        "price": 4.9,
        "price_kilo": 4.9,
        "slug": "body-spraybalsamo-labial",
        "description": "Body Spray+B\u00e1lsamo Labial 1 U",
        "image": "https:\/\/cdn-consum.aktiosdigitalservices.com\/tol\/consum\/media\/product\/img\/300x300\/7451347.jpg?t=20250312092916"
    },
    {
        "id": 39416,
        "name": "Fabada Asturiana DELINATUR",
        "price": 3.29,
        "price_kilo": 9.4,
        "slug": "fabada-asturiana",
        "description": "Fabada Asturiana 350 Gr",
        "image": "https:\/\/cdn-consum.aktiosdigitalservices.com\/tol\/consum\/media\/product\/img\/300x300\/7451370.jpg?t=20250322080115"
    },
    {
        "id": 39417,
        "name": "Lentejas con Chorizo DELINATUR",
        "price": 3.29,
        "price_kilo": 9.4,
        "slug": "lentejas-con-chorizo",
        "description": "Lentejas con Chorizo 350 Gr",
        "image": "https:\/\/cdn-consum.aktiosdigitalservices.com\/tol\/consum\/media\/product\/img\/300x300\/7451383.jpg?t=20250318081024"
    },
    {
        "id": 39419,
        "name": "Bocadillo Pack 3 Unidades ",
        "price": 1.08,
        "price_kilo": 3,
        "slug": "bocadillo-pack-3-unidades",
        "description": "Bocadillo Pack 3 Unidades 360 Gr",
        "image": "https:\/\/cdn-consum.aktiosdigitalservices.com\/tol\/consum\/media\/product\/img\/300x300\/7451438.jpg?t=20250318081024"
    },
    {
        "id": 39424,
        "name": "Amon\u00edaco con Detergente Marsella JOSMI",
        "price": 1.35,
        "price_kilo": 0.9,
        "slug": "amoniaco-con-detergente-marsella",
        "description": "Amon\u00edaco con Detergente Marsella 1,5 L",
        "image": "https:\/\/cdn-consum.aktiosdigitalservices.com\/tol\/consum\/media\/product\/img\/300x300\/7451565.jpg?t=20250312092917"
    },
    {
        "id": 39425,
        "name": "Queso Cu\u00f1a Comt\u00e9 DOP ENTREMONT",
        "price": 3.99,
        "price_kilo": 19.95,
        "slug": "queso-cuna-comte-dop",
        "description": "Queso Cu\u00f1a Comt\u00e9 DOP 200 Gr",
        "image": "https:\/\/cdn-consum.aktiosdigitalservices.com\/tol\/consum\/media\/product\/img\/300x300\/7451586.jpg?t=20250312092917"
    },
    {
        "id": 39426,
        "name": "Vino Blanco Sauvignon D.O. Rueda ALMA DE REY",
        "price": 3.39,
        "price_kilo": 4.52,
        "slug": "vino-blanco-sauvignon-do-rueda",
        "description": "Vino Blanco Sauvignon D.O. Rueda 0,75 L",
        "image": "https:\/\/cdn-consum.aktiosdigitalservices.com\/tol\/consum\/media\/product\/img\/300x300\/7451602.jpg?t=20250312092917"
    },
    {
        "id": 39427,
        "name": "Burger de Vacuno 4 Unidades ROLER",
        "price": 3.71,
        "price_kilo": 10.31,
        "slug": "burger-de-vacuno-4-unidades",
        "description": "Burger de Vacuno 4 Unidades 360 Gr",
        "image": "https:\/\/cdn-consum.aktiosdigitalservices.com\/tol\/consum\/media\/product\/img\/300x300\/7451938.jpg?t=20250304115544"
    },
    {
        "id": 39428,
        "name": "Burger Mixta 4 Unidades ROLER",
        "price": 2.75,
        "price_kilo": 8.59,
        "slug": "burger-mixta-4-unidades",
        "description": "Burger Mixta 4 Unidades 320 Gr",
        "image": "https:\/\/cdn-consum.aktiosdigitalservices.com\/tol\/consum\/media\/product\/img\/300x300\/7451941.jpg?t=20250304115546"
    },
    {
        "id": 39429,
        "name": "Preparado Picada de Vacuno ROLER",
        "price": 3.84,
        "price_kilo": 9.6,
        "slug": "preparado-picada-de-vacuno",
        "description": "Preparado Picada de Vacuno 400 Gr",
        "image": "https:\/\/cdn-consum.aktiosdigitalservices.com\/tol\/consum\/media\/product\/img\/300x300\/7451946.jpg?t=20250318080909"
    },
    {
        "id": 39430,
        "name": "Preparado Picada Mixta ROLER",
        "price": 3.12,
        "price_kilo": 7.8,
        "slug": "preparado-picada-mixta",
        "description": "Preparado Picada Mixta 400 Gr",
        "image": "https:\/\/cdn-consum.aktiosdigitalservices.com\/tol\/consum\/media\/product\/img\/300x300\/7451958.jpg?t=20250318080910"
    },
    {
        "id": 39431,
        "name": "Preparado Picada Mixta ROLER",
        "price": 2.85,
        "price_kilo": 11.4,
        "slug": "preparado-picada-mixta",
        "description": "Preparado Picada Mixta 250 Gr",
        "image": "https:\/\/cdn-consum.aktiosdigitalservices.com\/tol\/consum\/media\/product\/img\/300x300\/7451961.jpg?t=20250304115550"
    },
    {
        "id": 39432,
        "name": "Preparado Picada Mixta Bolo\u00f1esa ROLER",
        "price": 2.85,
        "price_kilo": 11.4,
        "slug": "preparado-picada-mixta-bolonesa",
        "description": "Preparado Picada Mixta Bolo\u00f1esa 250 Gr",
        "image": "https:\/\/cdn-consum.aktiosdigitalservices.com\/tol\/consum\/media\/product\/img\/300x300\/7451966.jpg?t=20250304115552"
    },
    {
        "id": 39441,
        "name": "Ambientador Mini Spray Lim\u00f3n Aparato m\u00e1s Reca CONSUM",
        "price": 3.99,
        "price_kilo": 3.99,
        "slug": "ambientador-mini-spray-limon-aparato-mas-reca",
        "description": "Ambientador Mini Spray Lim\u00f3n Aparato m\u00e1s Reca 1 U",
        "image": "https:\/\/cdn-consum.aktiosdigitalservices.com\/tol\/consum\/media\/product\/img\/300x300\/7431880.jpg?t=20250312092841"
    },
    {
        "id": 39442,
        "name": "Tarrina Oreo OREO",
        "price": 4.49,
        "price_kilo": 15.65,
        "slug": "tarrina-oreo",
        "description": "Tarrina Oreo 287 Gr",
        "image": "https:\/\/cdn-consum.aktiosdigitalservices.com\/tol\/consum\/media\/product\/img\/300x300\/7438732.jpg?t=20250312092854"
    },
    {
        "id": 39443,
        "name": "Nuez Grano Nacional Doypack CONSUM",
        "price": 2.29,
        "price_kilo": 15.27,
        "slug": "nuez-grano-nacional-doypack",
        "description": "Nuez Grano Nacional Doypack 150 Gr",
        "image": "https:\/\/cdn-consum.aktiosdigitalservices.com\/tol\/consum\/media\/product\/img\/300x300\/7441314.jpg?t=20250312092858"
    },
    {
        "id": 39444,
        "name": "Bruma Facial Solar SPF 50+ AGRADO",
        "price": 4.99,
        "price_kilo": 6.65,
        "slug": "bruma-facial-solar-spf-50",
        "description": "Bruma Facial Solar SPF 50+ 75 ml",
        "image": "https:\/\/cdn-consum.aktiosdigitalservices.com\/tol\/consum\/media\/product\/img\/300x300\/7443179.jpg?t=20250312092901"
    },
    {
        "id": 39445,
        "name": "Croqueta Cocido CONSUM",
        "price": 1.99,
        "price_kilo": 5.69,
        "slug": "croqueta-cocido",
        "description": "Croqueta Cocido 350 Gr",
        "image": "https:\/\/cdn-consum.aktiosdigitalservices.com\/tol\/consum\/media\/product\/img\/300x300\/7444805.jpg?t=20250312092904"
    },
    {
        "id": 39447,
        "name": "Colonia Infantil Stitch DISNEY",
        "price": 6.95,
        "price_kilo": 13.9,
        "slug": "colonia-infantil-stitch",
        "description": "Colonia Infantil Stitch 50 ml",
        "image": "https:\/\/cdn-consum.aktiosdigitalservices.com\/tol\/consum\/media\/product\/img\/300x300\/7450703.jpg?t=20250312092915"
    },
    {
        "id": 39448,
        "name": "Hummus Tr\u00edo DELITUSS",
        "price": 2.45,
        "price_kilo": 11.67,
        "slug": "hummus-trio",
        "description": "Hummus Tr\u00edo 210 Gr",
        "image": "https:\/\/cdn-consum.aktiosdigitalservices.com\/tol\/consum\/media\/product\/img\/300x300\/7450950.jpg?t=20250318081023"
    },
    {
        "id": 39455,
        "name": "Boquer\u00f3n Ajo y Perejil en Aceite de Girasol BRUIMAR",
        "price": 5.6,
        "price_kilo": 21.13,
        "slug": "boqueron-ajo-y-perejil-en-aceite-de-girasol",
        "description": "Boquer\u00f3n Ajo y Perejil en Aceite de Girasol 265 Gr",
        "image": "https:\/\/cdn-consum.aktiosdigitalservices.com\/tol\/consum\/media\/product\/img\/300x300\/7451834.jpg?t=20250320080400"
    },
    {
        "id": 39457,
        "name": "Estuche U\u00f1as y Labios LIittle Unicorn MARTINELIA",
        "price": 9.9,
        "price_kilo": 9.9,
        "slug": "estuche-unas-y-labios-liittle-unicorn",
        "description": "Estuche U\u00f1as y Labios LIittle Unicorn 1 U",
        "image": "https:\/\/cdn-consum.aktiosdigitalservices.com\/tol\/consum\/media\/product\/img\/300x300\/7451867.jpg?t=20250312092918"
    },
    {
        "id": 39467,
        "name": "Kiwi Verde Bandeja ",
        "price": 2.69,
        "price_kilo": 3.84,
        "slug": "kiwi-verde-bandeja",
        "description": "Kiwi Verde Bandeja 700 Gr",
        "image": "https:\/\/cdn-consum.aktiosdigitalservices.com\/tol\/consum\/media\/product\/img\/300x300\/7452436.jpg?t=20250318081027"
    },
    {
        "id": 39470,
        "name": "Acondicionador Bif\u00e1sico Repara KYREY",
        "price": 2.5,
        "price_kilo": 6.25,
        "slug": "acondicionador-bifasico-repara",
        "description": "Acondicionador Bif\u00e1sico Repara 400 ml",
        "image": "https:\/\/cdn-consum.aktiosdigitalservices.com\/tol\/consum\/media\/product\/img\/300x300\/7398840.jpg?t=20250312161049"
    },
    {
        "id": 39471,
        "name": "Palitos Tradicionales CONSUM",
        "price": 0.61,
        "price_kilo": 10.89,
        "slug": "palitos-tradicionales",
        "description": "Palitos Tradicionales 56 Gr",
        "image": "https:\/\/cdn-consum.aktiosdigitalservices.com\/tol\/consum\/media\/product\/img\/300x300\/7435188.jpg?t=20250312092848"
    },
    {
        "id": 39472,
        "name": "Palitos con Queso CONSUM",
        "price": 0.71,
        "price_kilo": 12.68,
        "slug": "palitos-con-queso",
        "description": "Palitos con Queso 56 Gr",
        "image": "https:\/\/cdn-consum.aktiosdigitalservices.com\/tol\/consum\/media\/product\/img\/300x300\/7435191.jpg?t=20250312092848"
    },
    {
        "id": 39473,
        "name": "Colorante Alimentario CONSUM",
        "price": 0.89,
        "price_kilo": 11.13,
        "slug": "colorante-alimentario",
        "description": "Colorante Alimentario 80 Gr",
        "image": "https:\/\/cdn-consum.aktiosdigitalservices.com\/tol\/consum\/media\/product\/img\/300x300\/7435811.jpg?t=20250312092850"
    },
    {
        "id": 39474,
        "name": "Agua Micelar KYREY",
        "price": 3,
        "price_kilo": 0.75,
        "slug": "agua-micelar",
        "description": "Agua Micelar 400 ml",
        "image": "https:\/\/cdn-consum.aktiosdigitalservices.com\/tol\/consum\/media\/product\/img\/300x300\/7445518.jpg?t=20250318081019"
    },
    {
        "id": 39475,
        "name": "Calamar Patag\u00f3nico Limpio CONSUM",
        "price": 4.49,
        "price_kilo": 14.96,
        "slug": "calamar-patagonico-limpio",
        "description": "Calamar Patag\u00f3nico Limpio 300 Gr",
        "image": "https:\/\/cdn-consum.aktiosdigitalservices.com\/tol\/consum\/media\/product\/img\/300x300\/7445567.jpg?t=20250312092906"
    },
    {
        "id": 39476,
        "name": "Queso Tierno Cu\u00f1a CONSUM",
        "price": 2.98,
        "price_kilo": 9.16,
        "slug": "queso-tierno-cuna",
        "description": "Queso Tierno Cu\u00f1a",
        "image": "https:\/\/cdn-consum.aktiosdigitalservices.com\/tol\/consum\/media\/product\/img\/300x300\/7450492.jpg?t=20250313081427"
    },
    {
        "id": 39477,
        "name": "Queso Semicurado Cu\u00f1a CONSUM",
        "price": 3.27,
        "price_kilo": 10.04,
        "slug": "queso-semicurado-cuna",
        "description": "Queso Semicurado Cu\u00f1a",
        "image": "https:\/\/cdn-consum.aktiosdigitalservices.com\/tol\/consum\/media\/product\/img\/300x300\/7450497.jpg?t=20250319080051"
    },
    {
        "id": 39478,
        "name": "Queso Curado Mezcla Cu\u00f1a CONSUM",
        "price": 3.97,
        "price_kilo": 12.2,
        "slug": "queso-curado-mezcla-cuna",
        "description": "Queso Curado Mezcla Cu\u00f1a",
        "image": "https:\/\/cdn-consum.aktiosdigitalservices.com\/tol\/consum\/media\/product\/img\/300x300\/7450505.jpg?t=20250313081429"
    },
    {
        "id": 39479,
        "name": "Carrillada de Vacuno ",
        "price": 7.48,
        "price_kilo": 14.95,
        "slug": "carrillada-de-vacuno",
        "description": "Carrillada de Vacuno",
        "image": "https:\/\/cdn-consum.aktiosdigitalservices.com\/tol\/consum\/media\/product\/img\/300x300\/7450927.jpg?t=20250312092915"
    },
    {
        "id": 39480,
        "name": "Vaso Papel Blanco, 240 ml BETIK",
        "price": 2.29,
        "price_kilo": 0.11,
        "slug": "vaso-papel-blanco-240-ml",
        "description": "Vaso Papel Blanco, 240 ml 20 U",
        "image": "https:\/\/cdn-consum.aktiosdigitalservices.com\/tol\/consum\/media\/product\/img\/300x300\/7451008.jpg?t=20250312092916"
    },
    {
        "id": 39482,
        "name": "Untapan de Cangrejo DELITUSS",
        "price": 1.5,
        "price_kilo": 10,
        "slug": "untapan-de-cangrejo",
        "description": "Untapan de Cangrejo 150 Gr",
        "image": "https:\/\/cdn-consum.aktiosdigitalservices.com\/tol\/consum\/media\/product\/img\/300x300\/7451123.jpg?t=20250318081023"
    },
    {
        "id": 39483,
        "name": "Pa\u00f1al Junior Braguita Noche 8-15 A\u00f1os 24-47K COMFY",
        "price": 9.75,
        "price_kilo": 0.7,
        "slug": "panal-junior-braguita-noche-8-15-anos-24-47k",
        "description": "Pa\u00f1al Junior Braguita Noche 8-15 A\u00f1os 24-47K 14 U",
        "image": "https:\/\/cdn-consum.aktiosdigitalservices.com\/tol\/consum\/media\/product\/img\/300x300\/7451557.jpg?t=20250312092917"
    },
    {
        "id": 39486,
        "name": "Focaccia Genovese Cebolla GIULIA",
        "price": 2.49,
        "price_kilo": 13.83,
        "slug": "focaccia-genovese-cebolla",
        "description": "Focaccia Genovese Cebolla 180 Gr",
        "image": "https:\/\/cdn-consum.aktiosdigitalservices.com\/tol\/consum\/media\/product\/img\/300x300\/7451854.jpg?t=20250318081024"
    },
    {
        "id": 39487,
        "name": "Pouch Funny Fruits Ar\u00e1ndanos y Pl\u00e1tano NESTLE",
        "price": 1,
        "price_kilo": 9.09,
        "slug": "pouch-funny-fruits-arandanos-y-platano",
        "description": "Pouch Funny Fruits Ar\u00e1ndanos y Pl\u00e1tano 110 Gr",
        "image": "https:\/\/cdn-consum.aktiosdigitalservices.com\/tol\/consum\/media\/product\/img\/300x300\/7451862.jpg?t=20250312092918"
    },
    {
        "id": 39494,
        "name": "Galletas Petit 0% sin Az\u00facar + 35% FAM.BISCUIT",
        "price": 1,
        "price_kilo": 5.29,
        "slug": "galletas-petit-0-sin-azucar-35",
        "description": "Galletas Petit 0% sin Az\u00facar + 35% 189 Gr",
        "image": "https:\/\/cdn-consum.aktiosdigitalservices.com\/tol\/consum\/media\/product\/img\/300x300\/7452055.jpg?t=20250312092918"
    },
    {
        "id": 39495,
        "name": "Galleta Tostakids Cacao FAM.BISCUIT",
        "price": 1,
        "price_kilo": 5,
        "slug": "galleta-tostakids-cacao",
        "description": "Galleta Tostakids Cacao 200 Gr",
        "image": "https:\/\/cdn-consum.aktiosdigitalservices.com\/tol\/consum\/media\/product\/img\/300x300\/7452071.jpg?t=20250312092918"
    },
    {
        "id": 39496,
        "name": "Rellenito Fresa - Nata Pencils Bolsa FINI",
        "price": 1.25,
        "price_kilo": 10,
        "slug": "rellenito-fresa---nata-pencils-bolsa",
        "description": "Rellenito Fresa - Nata Pencils Bolsa 125 Gr",
        "image": "https:\/\/cdn-consum.aktiosdigitalservices.com\/tol\/consum\/media\/product\/img\/300x300\/7452076.jpg?t=20250312092918"
    },
    {
        "id": 39497,
        "name": "Cintas \u00c1cidas Sour Strips Bolsa FINI",
        "price": 1.25,
        "price_kilo": 10,
        "slug": "cintas-acidas-sour-strips-bolsa",
        "description": "Cintas \u00c1cidas Sour Strips Bolsa 125 Gr",
        "image": "https:\/\/cdn-consum.aktiosdigitalservices.com\/tol\/consum\/media\/product\/img\/300x300\/7452092.jpg?t=20250312092918"
    },
    {
        "id": 39498,
        "name": "Plantilla Memory Work Talla 36-40 ACHUCHONAS",
        "price": 7.99,
        "price_kilo": 7.99,
        "slug": "plantilla-memory-work-talla-36-40",
        "description": "Plantilla Memory Work Talla 36-40 1 U",
        "image": "https:\/\/cdn-consum.aktiosdigitalservices.com\/tol\/consum\/media\/product\/img\/300x300\/7452100.jpg?t=20250312092918"
    },
    {
        "id": 39500,
        "name": "Paleta de Maquillaje Infantil STITCH",
        "price": 6.99,
        "price_kilo": 6.99,
        "slug": "paleta-de-maquillaje-infantil",
        "description": "Paleta de Maquillaje Infantil 1 U",
        "image": "https:\/\/cdn-consum.aktiosdigitalservices.com\/tol\/consum\/media\/product\/img\/300x300\/7452142.jpg?t=20250312092918"
    },
    {
        "id": 39501,
        "name": "Creatina Creapure PROZIS",
        "price": 17.99,
        "price_kilo": 119.93,
        "slug": "creatina-creapure",
        "description": "Creatina Creapure 150 Gr",
        "image": "https:\/\/cdn-consum.aktiosdigitalservices.com\/tol\/consum\/media\/product\/img\/300x300\/7452233.jpg?t=20250313081442"
    },
    {
        "id": 39502,
        "name": "Cepillo El\u00e9ctrico Vitality Pro ORAL B",
        "price": 22.99,
        "price_kilo": 22.99,
        "slug": "cepillo-electrico-vitality-pro",
        "description": "Cepillo El\u00e9ctrico Vitality Pro 1 U",
        "image": "https:\/\/cdn-consum.aktiosdigitalservices.com\/tol\/consum\/media\/product\/img\/300x300\/7452332.jpg?t=20250312092918"
    },
    {
        "id": 39506,
        "name": "Tomate Frito con Chili Picante ORLANDO",
        "price": 1.45,
        "price_kilo": 4.14,
        "slug": "tomate-frito-con-chili-picante",
        "description": "Tomate Frito con Chili Picante 350 Gr",
        "image": "https:\/\/cdn-consum.aktiosdigitalservices.com\/tol\/consum\/media\/product\/img\/300x300\/7444222.jpg?t=20250318080839"
    },
    {
        "id": 39507,
        "name": "Filetes Pechuga de Pavo Extra Tiernos CONSUM",
        "price": 5.24,
        "price_kilo": 9.49,
        "slug": "filetes-pechuga-de-pavo-extra-tiernos",
        "description": "Filetes Pechuga de Pavo Extra Tiernos",
        "image": "https:\/\/cdn-consum.aktiosdigitalservices.com\/tol\/consum\/media\/product\/img\/300x300\/7448280.jpg?t=20250318081020"
    },
    {
        "id": 39509,
        "name": "Vela de Aniversario Roja, N\u00famero ? ROURA",
        "price": 0.75,
        "price_kilo": 0.75,
        "slug": "vela-de-aniversario-roja-numero-",
        "description": "Vela de Aniversario Roja, N\u00famero ? 1 U",
        "image": "https:\/\/cdn-consum.aktiosdigitalservices.com\/tol\/consum\/media\/product\/img\/300x300\/7450851.jpg?t=20250312092915"
    },
    {
        "id": 39510,
        "name": "Desinfectante Tejidos Ambienta.Hogar Menta SANYTOL",
        "price": 3.99,
        "price_kilo": 1.33,
        "slug": "desinfectante-tejidos-ambientahogar-menta",
        "description": "Desinfectante Tejidos Ambienta.Hogar Menta 300 ml",
        "image": "https:\/\/cdn-consum.aktiosdigitalservices.com\/tol\/consum\/media\/product\/img\/300x300\/7451305.jpg?t=20250312092916"
    },
    {
        "id": 39516,
        "name": "Cono Extreme Lemon Cheesecake x6 NESTLE",
        "price": 4.99,
        "price_kilo": 11.71,
        "slug": "cono-extreme-lemon-cheesecake-x6",
        "description": "Cono Extreme Lemon Cheesecake x6 426 Gr",
        "image": "https:\/\/cdn-consum.aktiosdigitalservices.com\/tol\/consum\/media\/product\/img\/300x300\/7452043.jpg?t=20250312130514"
    },
    {
        "id": 39518,
        "name": "Q\u00e9 Gofre sabor Chocolate Q\u00c9!",
        "price": 1.39,
        "price_kilo": 13.9,
        "slug": "qe-gofre-sabor-chocolate",
        "description": "Q\u00e9 Gofre sabor Chocolate 100 Gr",
        "image": "https:\/\/cdn-consum.aktiosdigitalservices.com\/tol\/consum\/media\/product\/img\/300x300\/7452147.jpg?t=20250322080120"
    },
    {
        "id": 39519,
        "name": "Burger artesano R\u00fastica 4U BIMBO",
        "price": 2.35,
        "price_kilo": 9.79,
        "slug": "burger-artesano-rustica-4u",
        "description": "Burger artesano R\u00fastica 4U 240 Gr",
        "image": "https:\/\/cdn-consum.aktiosdigitalservices.com\/tol\/consum\/media\/product\/img\/300x300\/7452183.jpg?t=20250321080032"
    },
    {
        "id": 39520,
        "name": "Guiso de Garbanzos con Espinacas VIA NATURE",
        "price": 2.99,
        "price_kilo": 8.54,
        "slug": "guiso-de-garbanzos-con-espinacas",
        "description": "Guiso de Garbanzos con Espinacas 350 Gr",
        "image": "https:\/\/cdn-consum.aktiosdigitalservices.com\/tol\/consum\/media\/product\/img\/300x300\/7452212.jpg?t=20250318081026"
    },
    {
        "id": 39521,
        "name": "Cracker S\u00e9samo BURGER",
        "price": 1.69,
        "price_kilo": 6.76,
        "slug": "cracker-sesamo",
        "description": "Cracker S\u00e9samo 250 Gr",
        "image": "https:\/\/cdn-consum.aktiosdigitalservices.com\/tol\/consum\/media\/product\/img\/300x300\/7452345.jpg?t=20250312092918"
    },
    {
        "id": 39523,
        "name": "Sal Marina Fina HALOS",
        "price": 0.69,
        "price_kilo": 0.69,
        "slug": "sal-marina-fina",
        "description": "Sal Marina Fina 1000 Gr",
        "image": "https:\/\/cdn-consum.aktiosdigitalservices.com\/tol\/consum\/media\/product\/img\/300x300\/7452530.jpg?t=20250322080121"
    },
    {
        "id": 39524,
        "name": "Sal Marina Gruesa HALOS",
        "price": 0.69,
        "price_kilo": 0.69,
        "slug": "sal-marina-gruesa",
        "description": "Sal Marina Gruesa 1000 Gr",
        "image": "https:\/\/cdn-consum.aktiosdigitalservices.com\/tol\/consum\/media\/product\/img\/300x300\/7452535.jpg?t=20250322080123"
    },
    {
        "id": 39525,
        "name": "Sal Rosa del Himalaya HALOS",
        "price": 2.99,
        "price_kilo": 2.99,
        "slug": "sal-rosa-del-himalaya",
        "description": "Sal Rosa del Himalaya 1000 Gr",
        "image": "https:\/\/cdn-consum.aktiosdigitalservices.com\/tol\/consum\/media\/product\/img\/300x300\/7452543.jpg?t=20250322080125"
    },
    {
        "id": 39526,
        "name": "Sal Marina Fina Ecol\u00f3gica HALOS",
        "price": 0.99,
        "price_kilo": 0.99,
        "slug": "sal-marina-fina-ecologica",
        "description": "Sal Marina Fina Ecol\u00f3gica 1000 Gr",
        "image": "https:\/\/cdn-consum.aktiosdigitalservices.com\/tol\/consum\/media\/product\/img\/300x300\/7452548.jpg?t=20250322080126"
    },
    {
        "id": 39527,
        "name": "Salero Sal Marina Fina Ecol\u00f3gica HALOS",
        "price": 1.75,
        "price_kilo": 3.5,
        "slug": "salero-sal-marina-fina-ecologica",
        "description": "Salero Sal Marina Fina Ecol\u00f3gica 500 Gr",
        "image": "https:\/\/cdn-consum.aktiosdigitalservices.com\/tol\/consum\/media\/product\/img\/300x300\/7452555.jpg?t=20250312092918"
    },
    {
        "id": 39529,
        "name": "Langostino Crujiente AGUINAMAR",
        "price": 4.99,
        "price_kilo": 24.95,
        "slug": "langostino-crujiente",
        "description": "Langostino Crujiente 200 Gr",
        "image": "https:\/\/cdn-consum.aktiosdigitalservices.com\/tol\/consum\/media\/product\/img\/300x300\/7452634.jpg?t=20250318081028"
    },
    {
        "id": 39535,
        "name": "Bomb\u00f3n Magnum Utopia Double Halzenut x3 MAGNUM",
        "price": 4.99,
        "price_kilo": 23.99,
        "slug": "bombon-magnum-utopia-double-halzenut-x3",
        "description": "Bomb\u00f3n Magnum Utopia Double Halzenut x3 208 Gr",
        "image": "https:\/\/cdn-consum.aktiosdigitalservices.com\/tol\/consum\/media\/product\/img\/300x300\/7451693.jpg?t=20250312130511"
    },
    {
        "id": 39537,
        "name": "Tortita De Lenteja Al Punto de Sal BICENTURY",
        "price": 2.29,
        "price_kilo": 32.71,
        "slug": "tortita-de-lenteja-al-punto-de-sal",
        "description": "Tortita De Lenteja Al Punto de Sal 70 Gr",
        "image": "https:\/\/cdn-consum.aktiosdigitalservices.com\/tol\/consum\/media\/product\/img\/300x300\/7451990.jpg?t=20250312092918"
    },
    {
        "id": 39538,
        "name": "Yogur 0%0% Prote\u00edna Fresa DANONE",
        "price": 1.89,
        "price_kilo": 4.5,
        "slug": "yogur-00-proteina-fresa",
        "description": "Yogur 0%0% Prote\u00edna Fresa 4 x 105 Gr",
        "image": "https:\/\/cdn-consum.aktiosdigitalservices.com\/tol\/consum\/media\/product\/img\/300x300\/7452514.jpg?t=20250318081027"
    },
    {
        "id": 39539,
        "name": "Pirulo Fruit Joy 4+1 pack de 5 NESTLE",
        "price": 4.15,
        "price_kilo": 12.77,
        "slug": "pirulo-fruit-joy-41-pack-de-5",
        "description": "Pirulo Fruit Joy 4+1 pack de 5 325 Gr",
        "image": "https:\/\/cdn-consum.aktiosdigitalservices.com\/tol\/consum\/media\/product\/img\/300x300\/7452589.jpg?t=20250320080403"
    },
    {
        "id": 39540,
        "name": "Mozzarella Light ASTURIANA",
        "price": 1.99,
        "price_kilo": 15.92,
        "slug": "mozzarella-light",
        "description": "Mozzarella Light 125 Gr",
        "image": "https:\/\/cdn-consum.aktiosdigitalservices.com\/tol\/consum\/media\/product\/img\/300x300\/7452779.jpg?t=20250318081028"
    },
    {
        "id": 39545,
        "name": "Cereales Rellenos Crema con Leche CONSUM KIDS",
        "price": 2.4,
        "price_kilo": 4.8,
        "slug": "cereales-rellenos-crema-con-leche",
        "description": "Cereales Rellenos Crema con Leche 500 Gr",
        "image": "https:\/\/cdn-consum.aktiosdigitalservices.com\/tol\/consum\/media\/product\/img\/300x300\/7435118.jpg?t=20250312092847"
    },
    {
        "id": 39546,
        "name": "Cereales Rellenos Cacao CONSUM KIDS",
        "price": 2.1,
        "price_kilo": 4.2,
        "slug": "cereales-rellenos-cacao",
        "description": "Cereales Rellenos Cacao 500 Gr",
        "image": "https:\/\/cdn-consum.aktiosdigitalservices.com\/tol\/consum\/media\/product\/img\/300x300\/7435121.jpg?t=20250312092847"
    },
    {
        "id": 39547,
        "name": "Gel Reductor Abdomen KYREY MEN",
        "price": 3.7,
        "price_kilo": 2.47,
        "slug": "gel-reductor-abdomen",
        "description": "Gel Reductor Abdomen 150 ml",
        "image": "https:\/\/cdn-consum.aktiosdigitalservices.com\/tol\/consum\/media\/product\/img\/300x300\/7444268.jpg?t=20250312092903"
    },
    {
        "id": 39548,
        "name": "Discos Activos WC Mango Verse PATO",
        "price": 1.99,
        "price_kilo": 1.99,
        "slug": "discos-activos-wc-mango-verse",
        "description": "Discos Activos WC Mango Verse 1 U",
        "image": "https:\/\/cdn-consum.aktiosdigitalservices.com\/tol\/consum\/media\/product\/img\/300x300\/7451701.jpg?t=20250313081435"
    },
    {
        "id": 39549,
        "name": "Discos Activos WC Virtual Toilet PATO",
        "price": 1.99,
        "price_kilo": 1.99,
        "slug": "discos-activos-wc-virtual-toilet",
        "description": "Discos Activos WC Virtual Toilet 1 U",
        "image": "https:\/\/cdn-consum.aktiosdigitalservices.com\/tol\/consum\/media\/product\/img\/300x300\/7451706.jpg?t=20250313081436"
    },
    {
        "id": 39552,
        "name": "Alitas de Pollo Asadas Sabor a L'Ast UNUSUAL",
        "price": 3.49,
        "price_kilo": 9.97,
        "slug": "alitas-de-pollo-asadas-sabor-a-last",
        "description": "Alitas de Pollo Asadas Sabor a L'Ast 350 Gr",
        "image": "https:\/\/cdn-consum.aktiosdigitalservices.com\/tol\/consum\/media\/product\/img\/300x300\/7452738.jpg?t=20250318081028"
    },
    {
        "id": 39553,
        "name": "Bebida T\u00e9 Lata NESTEA",
        "price": 0.99,
        "price_kilo": 3,
        "slug": "bebida-te-lata",
        "description": "Bebida T\u00e9 Lata 0,33 L",
        "image": "https:\/\/cdn-consum.aktiosdigitalservices.com\/tol\/consum\/media\/product\/img\/300x300\/7452741.jpg?t=20250312092919"
    },
    {
        "id": 39554,
        "name": "Bebida T\u00e9 Sin Az\u00facar Lata NESTEA",
        "price": 0.99,
        "price_kilo": 3,
        "slug": "bebida-te-sin-azucar-lata",
        "description": "Bebida T\u00e9 Sin Az\u00facar Lata 0,33 L",
        "image": "https:\/\/cdn-consum.aktiosdigitalservices.com\/tol\/consum\/media\/product\/img\/300x300\/7452746.jpg?t=20250312092919"
    },
    {
        "id": 39555,
        "name": "Bebida T\u00e9 Lim\u00f3n Pet NESTEA",
        "price": 1.59,
        "price_kilo": 1.06,
        "slug": "bebida-te-limon-pet",
        "description": "Bebida T\u00e9 Lim\u00f3n Pet 1,5 L",
        "image": "https:\/\/cdn-consum.aktiosdigitalservices.com\/tol\/consum\/media\/product\/img\/300x300\/7452753.jpg?t=20250312092919"
    },
    {
        "id": 39556,
        "name": "Bebida T\u00e9 Lim\u00f3n Sin Az\u00facar Pet NESTEA",
        "price": 1.59,
        "price_kilo": 1.06,
        "slug": "bebida-te-limon-sin-azucar-pet",
        "description": "Bebida T\u00e9 Lim\u00f3n Sin Az\u00facar Pet 1,5 L",
        "image": "https:\/\/cdn-consum.aktiosdigitalservices.com\/tol\/consum\/media\/product\/img\/300x300\/7452758.jpg?t=20250312092919"
    },
    {
        "id": 39557,
        "name": "Bebida T\u00e9 Melocot\u00f3n Lata NESTEA",
        "price": 0.99,
        "price_kilo": 3,
        "slug": "bebida-te-melocoton-lata",
        "description": "Bebida T\u00e9 Melocot\u00f3n Lata 0,33 L",
        "image": "https:\/\/cdn-consum.aktiosdigitalservices.com\/tol\/consum\/media\/product\/img\/300x300\/7452761.jpg?t=20250312092919"
    },
    {
        "id": 39558,
        "name": "Queso Fresco Batido ASTURIANA",
        "price": 1.79,
        "price_kilo": 4.48,
        "slug": "queso-fresco-batido",
        "description": "Queso Fresco Batido 400 Gr",
        "image": "https:\/\/cdn-consum.aktiosdigitalservices.com\/tol\/consum\/media\/product\/img\/300x300\/7452782.jpg?t=20250312092920"
    },
    {
        "id": 39559,
        "name": "Galletas la Buena Mar\u00eda FONTANEDA",
        "price": 2.99,
        "price_kilo": 4.23,
        "slug": "galletas-la-buena-maria",
        "description": "Galletas la Buena Mar\u00eda 707 Gr",
        "image": "https:\/\/cdn-consum.aktiosdigitalservices.com\/tol\/consum\/media\/product\/img\/300x300\/7452878.jpg?t=20250312092920"
    },
    {
        "id": 39560,
        "name": "Plantilla Gel Memory Talla 41-47 ACHUCHONAS",
        "price": 5.99,
        "price_kilo": 5.99,
        "slug": "plantilla-gel-memory-talla-41-47",
        "description": "Plantilla Gel Memory Talla 41-47 1 U",
        "image": "https:\/\/cdn-consum.aktiosdigitalservices.com\/tol\/consum\/media\/product\/img\/300x300\/7452969.jpg?t=20250312092920"
    },
    {
        "id": 39561,
        "name": "Yakisoba Classic Bag Pack de Dos G.BLANCA",
        "price": 2.45,
        "price_kilo": 13.17,
        "slug": "yakisoba-classic-bag-pack-de-dos",
        "description": "Yakisoba Classic Bag Pack de Dos 2 x 93 Gr",
        "image": "https:\/\/cdn-consum.aktiosdigitalservices.com\/tol\/consum\/media\/product\/img\/300x300\/7430465.jpg?t=20250206101008"
    },
    {
        "id": 39562,
        "name": "Yakisoba Pollo Pack de Dos G.BLANCA",
        "price": 2.45,
        "price_kilo": 13.17,
        "slug": "yakisoba-pollo-pack-de-dos",
        "description": "Yakisoba Pollo Pack de Dos 2 x 93 Gr",
        "image": "https:\/\/cdn-consum.aktiosdigitalservices.com\/tol\/consum\/media\/product\/img\/300x300\/7430473.jpg?t=20250206101010"
    },
    {
        "id": 39568,
        "name": "Recambio Cepillo Dental El\u00e9ctrico Clean  Precisi\u00f3n ORAL B",
        "price": 14.95,
        "price_kilo": 3.74,
        "slug": "recambio-cepillo-dental-electrico-clean-precision",
        "description": "Recambio Cepillo Dental El\u00e9ctrico Clean  Precisi\u00f3n 4 U",
        "image": "https:\/\/cdn-consum.aktiosdigitalservices.com\/tol\/consum\/media\/product\/img\/300x300\/7452352.jpg?t=20250312092918"
    },
    {
        "id": 39570,
        "name": "Pa\u00f1al Braguita Junior Noche 4 - 7 A\u00f1os 17-27 K COMFY",
        "price": 9.75,
        "price_kilo": 0.7,
        "slug": "panal-braguita-junior-noche-4---7-anos-17-27-k",
        "description": "Pa\u00f1al Braguita Junior Noche 4 - 7 A\u00f1os 17-27 K 14 U",
        "image": "https:\/\/cdn-consum.aktiosdigitalservices.com\/tol\/consum\/media\/product\/img\/300x300\/7452790.jpg?t=20250312092920"
    },
    {
        "id": 39571,
        "name": "Berliblanca Rayada ",
        "price": 1,
        "price_kilo": 10,
        "slug": "berliblanca-rayada",
        "description": "Berliblanca Rayada 100 Gr",
        "image": "https:\/\/cdn-consum.aktiosdigitalservices.com\/tol\/consum\/media\/product\/img\/300x300\/7453012.jpg?t=20250318081028"
    },
    {
        "id": 39572,
        "name": "Palmera Croissant ",
        "price": 1,
        "price_kilo": 7.46,
        "slug": "palmera-croissant",
        "description": "Palmera Croissant 134 Gr",
        "image": "https:\/\/cdn-consum.aktiosdigitalservices.com\/tol\/consum\/media\/product\/img\/300x300\/7453017.jpg?t=20250318081028"
    },
    {
        "id": 39573,
        "name": "Hoops Choco. Biscuit ",
        "price": 0.85,
        "price_kilo": 11.04,
        "slug": "hoops-choco-biscuit",
        "description": "Hoops Choco. Biscuit 77 Gr",
        "image": "https:\/\/cdn-consum.aktiosdigitalservices.com\/tol\/consum\/media\/product\/img\/300x300\/7453025.jpg?t=20250318081028"
    },
    {
        "id": 39574,
        "name": "Molinillo Pimienta 4 Bayas CONSUM",
        "price": 2.1,
        "price_kilo": 38.18,
        "slug": "molinillo-pimienta-4-bayas",
        "description": "Molinillo Pimienta 4 Bayas 55 Gr",
        "image": "https:\/\/cdn-consum.aktiosdigitalservices.com\/tol\/consum\/media\/product\/img\/300x300\/7435944.jpg?t=20250312161458"
    },
    {
        "id": 39575,
        "name": "Nuez Pecana Doypack CONSUM",
        "price": 3.9,
        "price_kilo": 19.5,
        "slug": "nuez-pecana-doypack",
        "description": "Nuez Pecana Doypack 200 Gr",
        "image": "https:\/\/cdn-consum.aktiosdigitalservices.com\/tol\/consum\/media\/product\/img\/300x300\/7439219.jpg?t=20250312130352"
    },
    {
        "id": 39577,
        "name": "Crema Untar Crunchy Vaso NOCILLA",
        "price": 2.55,
        "price_kilo": 14.17,
        "slug": "crema-untar-crunchy-vaso",
        "description": "Crema Untar Crunchy Vaso 180 Gr",
        "image": "https:\/\/cdn-consum.aktiosdigitalservices.com\/tol\/consum\/media\/product\/img\/300x300\/7451748.jpg?t=20250312092917"
    },
    {
        "id": 39579,
        "name": "Cracker Integral BURGER",
        "price": 1.69,
        "price_kilo": 6.76,
        "slug": "cracker-integral",
        "description": "Cracker Integral 250 Gr",
        "image": "https:\/\/cdn-consum.aktiosdigitalservices.com\/tol\/consum\/media\/product\/img\/300x300\/7452808.jpg?t=20250312092920"
    },
    {
        "id": 39581,
        "name": "Limpiador Cocina Quitagrasas KH-7",
        "price": 1.99,
        "price_kilo": 3.98,
        "slug": "limpiador-cocina-quitagrasas",
        "description": "Limpiador Cocina Quitagrasas 500 ml",
        "image": "https:\/\/cdn-consum.aktiosdigitalservices.com\/tol\/consum\/media\/product\/img\/300x300\/7453095.jpg?t=20250312092920"
    },
    {
        "id": 39582,
        "name": "Limpiador Ba\u00f1o KH-7",
        "price": 1.99,
        "price_kilo": 3.98,
        "slug": "limpiador-bano",
        "description": "Limpiador Ba\u00f1o 500 ml",
        "image": "https:\/\/cdn-consum.aktiosdigitalservices.com\/tol\/consum\/media\/product\/img\/300x300\/7453103.jpg?t=20250322080129"
    },
    {
        "id": 39584,
        "name": "Detergente L\u00edquido Complet NORIT",
        "price": 8.95,
        "price_kilo": 0.22,
        "slug": "detergente-liquido-complet",
        "description": "Detergente L\u00edquido Complet 40 Lv",
        "image": "https:\/\/cdn-consum.aktiosdigitalservices.com\/tol\/consum\/media\/product\/img\/300x300\/7453256.jpg?t=20250312092920"
    },
    {
        "id": 39587,
        "name": "Jam\u00f3n Cocido Extra Reducido Sal BIENSTAR",
        "price": 1,
        "price_kilo": 15.38,
        "slug": "jamon-cocido-extra-reducido-sal",
        "description": "Jam\u00f3n Cocido Extra Reducido Sal Bienstar 65 Gr",
        "image": "https:\/\/cdn-consum.aktiosdigitalservices.com\/tol\/consum\/media\/product\/img\/300x300\/7453541.jpg?t=20250312092921"
    },
    {
        "id": 39588,
        "name": "Pechuga de Pavo Reducida Sal BIENSTAR",
        "price": 1,
        "price_kilo": 15.38,
        "slug": "pechuga-de-pavo-reducida-sal",
        "description": "Pechuga de Pavo Reducida Sal Bienstar 65 Gr",
        "image": "https:\/\/cdn-consum.aktiosdigitalservices.com\/tol\/consum\/media\/product\/img\/300x300\/7453546.jpg?t=20250312092921"
    },
    {
        "id": 39596,
        "name": "Ambientador Vainilla Pistola CONSUM",
        "price": 2.29,
        "price_kilo": 0.92,
        "slug": "ambientador-vainilla-pistola",
        "description": "Ambientador Vainilla Pistola 250 ml",
        "image": "https:\/\/cdn-consum.aktiosdigitalservices.com\/tol\/consum\/media\/product\/img\/300x300\/7406551.jpg?t=20250312092820"
    },
    {
        "id": 39597,
        "name": "Ambientador Mini Spray Lav.Aparato m\u00e1s Recam CONSUM",
        "price": 3.99,
        "price_kilo": 3.99,
        "slug": "ambientador-mini-spray-lavaparato-mas-recam",
        "description": "Ambientador Mini Spray Lav.Aparato m\u00e1s Recam 1 U",
        "image": "https:\/\/cdn-consum.aktiosdigitalservices.com\/tol\/consum\/media\/product\/img\/300x300\/7431877.jpg?t=20250312092841"
    },
    {
        "id": 39598,
        "name": "Bomb\u00f3n Double Gold Caramel  x3 MAGNUM",
        "price": 4.99,
        "price_kilo": 23.43,
        "slug": "bombon-double-gold-caramel-x3",
        "description": "Bomb\u00f3n Double Gold Caramel  x3 213 Gr",
        "image": "https:\/\/cdn-consum.aktiosdigitalservices.com\/tol\/consum\/media\/product\/img\/300x300\/7452720.jpg?t=20250312092919"
    },
    {
        "id": 39599,
        "name": "N\u00e9ctar Naranja Exprimida Sin Az\u00facar A\u00f1adido Brik JUVER",
        "price": 2.85,
        "price_kilo": 1.9,
        "slug": "nectar-naranja-exprimida-sin-azucar-anadido-brik",
        "description": "N\u00e9ctar Naranja Exprimida Sin Az\u00facar A\u00f1adido Brik 1,5 L",
        "image": "https:\/\/cdn-consum.aktiosdigitalservices.com\/tol\/consum\/media\/product\/img\/300x300\/7452787.jpg?t=20250312092920"
    },
    {
        "id": 39600,
        "name": "Yogur Griego Oikos Stracciatella DANONE",
        "price": 2.89,
        "price_kilo": 6.57,
        "slug": "yogur-griego-oikos-stracciatella",
        "description": "Yogur Griego Oikos Stracciatella 4 x 110 Gr",
        "image": "https:\/\/cdn-consum.aktiosdigitalservices.com\/tol\/consum\/media\/product\/img\/300x300\/7452910.jpg?t=20250318081028"
    },
    {
        "id": 39601,
        "name": "Postre 0% Proteico Pudding Caramelo YOPRO DANONE",
        "price": 1.25,
        "price_kilo": 8.33,
        "slug": "postre-0-proteico-pudding-caramelo",
        "description": "Postre 0% Proteico Pudding Caramelo 150 Gr",
        "image": "https:\/\/cdn-consum.aktiosdigitalservices.com\/tol\/consum\/media\/product\/img\/300x300\/7452985.jpg?t=20250318081028"
    },
    {
        "id": 39602,
        "name": "Cheetos Gustosines Bolsa CHEETOS",
        "price": 1.5,
        "price_kilo": 20,
        "slug": "cheetos-gustosines-bolsa",
        "description": "Cheetos Gustosines Bolsa 75 Gr",
        "image": "https:\/\/cdn-consum.aktiosdigitalservices.com\/tol\/consum\/media\/product\/img\/300x300\/7453041.jpg?t=20250312092920"
    },
    {
        "id": 39603,
        "name": "Patatas Fritas Onduladas Bolsa RUFFLES",
        "price": 1.25,
        "price_kilo": 8.34,
        "slug": "patatas-fritas-onduladas-bolsa",
        "description": "Patatas Fritas Onduladas Bolsa 150 Gr",
        "image": "https:\/\/cdn-consum.aktiosdigitalservices.com\/tol\/consum\/media\/product\/img\/300x300\/7453061.jpg?t=20250312092920"
    },
    {
        "id": 39604,
        "name": "Patatas Fritas Onduladas Pack Ahorro RUFFLES",
        "price": 1.95,
        "price_kilo": 7.87,
        "slug": "patatas-fritas-onduladas-pack-ahorro",
        "description": "Patatas Fritas Onduladas Pack Ahorro 248 Gr",
        "image": "https:\/\/cdn-consum.aktiosdigitalservices.com\/tol\/consum\/media\/product\/img\/300x300\/7453066.jpg?t=20250312092920"
    },
    {
        "id": 39605,
        "name": "Limpiador Ba\u00f1o Antical KH-7",
        "price": 1.99,
        "price_kilo": 3.98,
        "slug": "limpiador-bano-antical",
        "description": "Limpiador Ba\u00f1o Antical 500 ml",
        "image": "https:\/\/cdn-consum.aktiosdigitalservices.com\/tol\/consum\/media\/product\/img\/300x300\/7453108.jpg?t=20250312092920"
    },
    {
        "id": 39606,
        "name": "Jam\u00f3n Curado Cruce Duroc ELPOZO 1954",
        "price": 3,
        "price_kilo": 20,
        "slug": "jamon-curado-cruce-duroc",
        "description": "Jam\u00f3n Curado Cruce Duroc 2 x 75 Gr",
        "image": "https:\/\/cdn-consum.aktiosdigitalservices.com\/tol\/consum\/media\/product\/img\/300x300\/7453116.jpg?t=20250312092920"
    },
    {
        "id": 39607,
        "name": "Boquerones en Aceite con Ajo y Perejil BRUIMAR",
        "price": 1.7,
        "price_kilo": 28.33,
        "slug": "boquerones-en-aceite-con-ajo-y-perejil",
        "description": "Boquerones en Aceite con Ajo y Perejil 60 Gr",
        "image": "https:\/\/cdn-consum.aktiosdigitalservices.com\/tol\/consum\/media\/product\/img\/300x300\/7453124.jpg?t=20250312092920"
    },
    {
        "id": 39608,
        "name": "Boquerones en Vinagre BRUIMAR",
        "price": 1.65,
        "price_kilo": 27.5,
        "slug": "boquerones-en-vinagre",
        "description": "Boquerones en Vinagre 60 Gr",
        "image": "https:\/\/cdn-consum.aktiosdigitalservices.com\/tol\/consum\/media\/product\/img\/300x300\/7453129.jpg?t=20250312092920"
    },
    {
        "id": 39609,
        "name": "Toallitas Infantiles 99'9 % Agua WATER WIPES",
        "price": 2.39,
        "price_kilo": 0.05,
        "slug": "toallitas-infantiles-999-agua",
        "description": "Toallitas Infantiles 99'9 % Agua 48 U",
        "image": "https:\/\/cdn-consum.aktiosdigitalservices.com\/tol\/consum\/media\/product\/img\/300x300\/7453210.jpg?t=20250312092920"
    },
    {
        "id": 39610,
        "name": "Estropajo con Esponja Limpia Sin Rayar S.BRITE",
        "price": 1.85,
        "price_kilo": 0.62,
        "slug": "estropajo-con-esponja-limpia-sin-rayar",
        "description": "Estropajo con Esponja Limpia Sin Rayar 3 U",
        "image": "https:\/\/cdn-consum.aktiosdigitalservices.com\/tol\/consum\/media\/product\/img\/300x300\/7453251.jpg?t=20250312092920"
    },
    {
        "id": 39611,
        "name": "Churros Bites Nocilla MAHESO",
        "price": 2.95,
        "price_kilo": 17.35,
        "slug": "churros-bites-nocilla",
        "description": "Churros Bites Nocilla 170 Gr",
        "image": "https:\/\/cdn-consum.aktiosdigitalservices.com\/tol\/consum\/media\/product\/img\/300x300\/7453277.jpg?t=20250320080412"
    },
    {
        "id": 39612,
        "name": "Lasa\u00f1a Bolo\u00f1esa sin Gluten MAHESO",
        "price": 4.19,
        "price_kilo": 7.98,
        "slug": "lasana-bolonesa-sin-gluten",
        "description": "Lasa\u00f1a Bolo\u00f1esa sin Gluten 525 Gr",
        "image": "https:\/\/cdn-consum.aktiosdigitalservices.com\/tol\/consum\/media\/product\/img\/300x300\/7453561.jpg?t=20250312092921"
    },
    {
        "id": 39613,
        "name": "Fabada Asturiana LOZANO",
        "price": 1.99,
        "price_kilo": 4.74,
        "slug": "fabada-asturiana",
        "description": "Fabada Asturiana 420 Gr",
        "image": "https:\/\/cdn-consum.aktiosdigitalservices.com\/tol\/consum\/media\/product\/img\/300x300\/7453637.jpg?t=20250313081459"
    },
    {
        "id": 39614,
        "name": "Alb\u00f3ndigas de Pollo LOZANO",
        "price": 2.19,
        "price_kilo": 5.28,
        "slug": "albondigas-de-pollo",
        "description": "Alb\u00f3ndigas de Pollo 415 Gr",
        "image": "https:\/\/cdn-consum.aktiosdigitalservices.com\/tol\/consum\/media\/product\/img\/300x300\/7453640.jpg?t=20250312092921"
    },
    {
        "id": 39615,
        "name": "Chocolate con Leche Macadamia y Sal VALOR",
        "price": 4.75,
        "price_kilo": 23.75,
        "slug": "chocolate-con-leche-macadamia-y-sal",
        "description": "Chocolate con Leche Macadamia y Sal 200 Gr",
        "image": "https:\/\/cdn-consum.aktiosdigitalservices.com\/tol\/consum\/media\/product\/img\/300x300\/7453665.jpg?t=20250320080416"
    },
    {
        "id": 39616,
        "name": "Chocolate con Leche MILKA",
        "price": 1.79,
        "price_kilo": 14.32,
        "slug": "chocolate-con-leche",
        "description": "Chocolate con Leche 125 Gr",
        "image": "https:\/\/cdn-consum.aktiosdigitalservices.com\/tol\/consum\/media\/product\/img\/300x300\/7453736.jpg?t=20250312092921"
    },
    {
        "id": 39617,
        "name": "Pizza R\u00fastica Ham & Cheese DR.OETKER",
        "price": 4.9,
        "price_kilo": 8.99,
        "slug": "pizza-rustica-ham-cheese",
        "description": "Pizza R\u00fastica Ham & Cheese 545 Gr",
        "image": "https:\/\/cdn-consum.aktiosdigitalservices.com\/tol\/consum\/media\/product\/img\/300x300\/7453777.jpg?t=20250227095900"
    },
    {
        "id": 39618,
        "name": "Rizador Pesta\u00f1as M\u00e1s 5 Recambios BETER",
        "price": 4.99,
        "price_kilo": 4.99,
        "slug": "rizador-pestanas-mas-5-recambios",
        "description": "Rizador Pesta\u00f1as M\u00e1s 5 Recambios 1 U",
        "image": "https:\/\/cdn-consum.aktiosdigitalservices.com\/tol\/consum\/media\/product\/img\/300x300\/7453988.jpg?t=20250312092923"
    },
    {
        "id": 39619,
        "name": "Mix Choco 0% Az\u00facares A\u00f1adidos ESGIR",
        "price": 2.45,
        "price_kilo": 9.8,
        "slug": "mix-choco-0-azucares-anadidos",
        "description": "Mix Choco 0% Az\u00facares A\u00f1adidos 250 Gr",
        "image": "https:\/\/cdn-consum.aktiosdigitalservices.com\/tol\/consum\/media\/product\/img\/300x300\/7454189.jpg?t=20250312092929"
    },
    {
        "id": 39625,
        "name": "Detergente Complet 35 m\u00e1s 35 Lavados NORIT",
        "price": 8.95,
        "price_kilo": 0.13,
        "slug": "detergente-complet-35-mas-35-lavados",
        "description": "Detergente Complet 35 m\u00e1s 35 Lavados 70 Lv",
        "image": "https:\/\/cdn-consum.aktiosdigitalservices.com\/tol\/consum\/media\/product\/img\/300x300\/7442200.jpg?t=20250227095343"
    },
    {
        "id": 39627,
        "name": "Ma\u00edz Frito Gigante CONSUM",
        "price": 1.4,
        "price_kilo": 9.33,
        "slug": "maiz-frito-gigante",
        "description": "Ma\u00edz Frito Gigante 150 Gr",
        "image": "https:\/\/cdn-consum.aktiosdigitalservices.com\/tol\/consum\/media\/product\/img\/300x300\/7445815.jpg?t=20250313081336"
    },
    {
        "id": 39628,
        "name": "Nuez Troceada CONSUM",
        "price": 1.9,
        "price_kilo": 12.67,
        "slug": "nuez-troceada",
        "description": "Nuez Troceada Doypack 150 Gr",
        "image": "https:\/\/cdn-consum.aktiosdigitalservices.com\/tol\/consum\/media\/product\/img\/300x300\/7449382.jpg?t=20250312130449"
    },
    {
        "id": 39629,
        "name": "Queso Oveja Leche Cruda CONSUM",
        "price": 4.63,
        "price_kilo": 18.51,
        "slug": "queso-oveja-leche-cruda",
        "description": "Queso Oveja Leche Cruda",
        "image": "https:\/\/cdn-consum.aktiosdigitalservices.com\/tol\/consum\/media\/product\/img\/300x300\/7450406.jpg?t=20250312161631"
    },
    {
        "id": 39630,
        "name": "Queso Tierno Light Cu\u00f1a CONSUM",
        "price": 2.86,
        "price_kilo": 11.44,
        "slug": "queso-tierno-light-cuna",
        "description": "Queso Tierno Light Cu\u00f1a",
        "image": "https:\/\/cdn-consum.aktiosdigitalservices.com\/tol\/consum\/media\/product\/img\/300x300\/7450521.jpg?t=20250312092915"
    },
    {
        "id": 39631,
        "name": "Queso Tierno Bajo en Sal Cu\u00f1a CONSUM",
        "price": 2.86,
        "price_kilo": 11.44,
        "slug": "queso-tierno-bajo-en-sal-cuna",
        "description": "Queso Tierno Bajo en Sal Cu\u00f1a",
        "image": "https:\/\/cdn-consum.aktiosdigitalservices.com\/tol\/consum\/media\/product\/img\/300x300\/7450526.jpg?t=20250320080353"
    },
    {
        "id": 39632,
        "name": "Sart\u00e9n Capri 14 cm MONIX",
        "price": 9.99,
        "price_kilo": 9.99,
        "slug": "sarten-capri-14-cm",
        "description": "Sart\u00e9n Capri 14 cm 1 U",
        "image": "https:\/\/cdn-consum.aktiosdigitalservices.com\/tol\/consum\/media\/product\/img\/300x300\/7450906.jpg?t=20250312092915"
    },
    {
        "id": 39633,
        "name": "Sart\u00e9n Capri 18 cm MONIX",
        "price": 11.99,
        "price_kilo": 11.99,
        "slug": "sarten-capri-18-cm",
        "description": "Sart\u00e9n Capri 18 cm 1 U",
        "image": "https:\/\/cdn-consum.aktiosdigitalservices.com\/tol\/consum\/media\/product\/img\/300x300\/7450968.jpg?t=20250312092916"
    },
    {
        "id": 39634,
        "name": "Sart\u00e9n Capri 20 cm MONIX",
        "price": 14.99,
        "price_kilo": 14.99,
        "slug": "sarten-capri-20-cm",
        "description": "Sart\u00e9n Capri 20 cm 1 U",
        "image": "https:\/\/cdn-consum.aktiosdigitalservices.com\/tol\/consum\/media\/product\/img\/300x300\/7450984.jpg?t=20250312092916"
    },
    {
        "id": 39635,
        "name": "Sart\u00e9n Capri 24 cm MONIX",
        "price": 17.99,
        "price_kilo": 17.99,
        "slug": "sarten-capri-24-cm",
        "description": "Sart\u00e9n Capri 24 cm 1 U",
        "image": "https:\/\/cdn-consum.aktiosdigitalservices.com\/tol\/consum\/media\/product\/img\/300x300\/7451164.jpg?t=20250312092916"
    },
    {
        "id": 39636,
        "name": "Sart\u00e9n Capri 28 cm MONIX",
        "price": 19.99,
        "price_kilo": 19.99,
        "slug": "sarten-capri-28-cm",
        "description": "Sart\u00e9n Capri 28 cm 1 U",
        "image": "https:\/\/cdn-consum.aktiosdigitalservices.com\/tol\/consum\/media\/product\/img\/300x300\/7451169.jpg?t=20250312092916"
    },
    {
        "id": 39637,
        "name": "Grill Cuadrado Capri 28 cm MONIX",
        "price": 23.99,
        "price_kilo": 23.99,
        "slug": "grill-cuadrado-capri-28-cm",
        "description": "Grill Cuadrado Capri 28 cm 1 U",
        "image": "https:\/\/cdn-consum.aktiosdigitalservices.com\/tol\/consum\/media\/product\/img\/300x300\/7451177.jpg?t=20250312092916"
    },
    {
        "id": 39638,
        "name": "Wok Capri 28 cm MONIX",
        "price": 21.99,
        "price_kilo": 21.99,
        "slug": "wok-capri-28-cm",
        "description": "Wok Capri 28 cm 1 U",
        "image": "https:\/\/cdn-consum.aktiosdigitalservices.com\/tol\/consum\/media\/product\/img\/300x300\/7451180.jpg?t=20250312092916"
    },
    {
        "id": 39639,
        "name": "Cacerola Capri 24 cm MONIX",
        "price": 29.99,
        "price_kilo": 29.99,
        "slug": "cacerola-capri-24-cm",
        "description": "Cacerola Capri 24 cm 1 U",
        "image": "https:\/\/cdn-consum.aktiosdigitalservices.com\/tol\/consum\/media\/product\/img\/300x300\/7451185.jpg?t=20250312092916"
    },
    {
        "id": 39640,
        "name": "Tartera Capri 28 cm MONIX",
        "price": 29.99,
        "price_kilo": 29.99,
        "slug": "tartera-capri-28-cm",
        "description": "Tartera Capri 28 cm 1 U",
        "image": "https:\/\/cdn-consum.aktiosdigitalservices.com\/tol\/consum\/media\/product\/img\/300x300\/7451193.jpg?t=20250312092916"
    },
    {
        "id": 39641,
        "name": "Cazo Capri 16 cm MONIX",
        "price": 14.99,
        "price_kilo": 14.99,
        "slug": "cazo-capri-16-cm",
        "description": "Cazo Capri 16 cm 1 U",
        "image": "https:\/\/cdn-consum.aktiosdigitalservices.com\/tol\/consum\/media\/product\/img\/300x300\/7451198.jpg?t=20250312092916"
    },
    {
        "id": 39642,
        "name": "Crepera Capri 26 cm MONIX",
        "price": 15.99,
        "price_kilo": 15.99,
        "slug": "crepera-capri-26-cm",
        "description": "Crepera Capri 26 cm 1 U",
        "image": "https:\/\/cdn-consum.aktiosdigitalservices.com\/tol\/consum\/media\/product\/img\/300x300\/7451201.jpg?t=20250312092916"
    },
    {
        "id": 39643,
        "name": "S3 Utensilios Capri . MONIX",
        "price": 9.99,
        "price_kilo": 9.99,
        "slug": "s3-utensilios-capri-",
        "description": "S3 Utensilios Capri . 1 U",
        "image": "https:\/\/cdn-consum.aktiosdigitalservices.com\/tol\/consum\/media\/product\/img\/300x300\/7451206.jpg?t=20250312092916"
    },
    {
        "id": 39644,
        "name": "Cafetera Aluminio Capri 9 tazas MONIX",
        "price": 15.99,
        "price_kilo": 15.99,
        "slug": "cafetera-aluminio-capri-9-tazas",
        "description": "Cafetera Aluminio Capri 9 tazas 1 U",
        "image": "https:\/\/cdn-consum.aktiosdigitalservices.com\/tol\/consum\/media\/product\/img\/300x300\/7451227.jpg?t=20250312092916"
    },
    {
        "id": 39645,
        "name": "Olla a Presi\u00f3n 6L MONIX",
        "price": 49.99,
        "price_kilo": 49.99,
        "slug": "olla-a-presion-6l",
        "description": "Olla a Presi\u00f3n 6L 1 U",
        "image": "https:\/\/cdn-consum.aktiosdigitalservices.com\/tol\/consum\/media\/product\/img\/300x300\/7451230.jpg?t=20250312161638"
    },
    {
        "id": 39646,
        "name": "Paellera Asas Capri 34 cm MONIX",
        "price": 25.99,
        "price_kilo": 25.99,
        "slug": "paellera-asas-capri-34-cm",
        "description": "Paellera Asas Capri 34 cm 1 U",
        "image": "https:\/\/cdn-consum.aktiosdigitalservices.com\/tol\/consum\/media\/product\/img\/300x300\/7451235.jpg?t=20250312092916"
    },
    {
        "id": 39647,
        "name": "Cuchar\u00f3n Acero Inox 31x8,5x8cm FOODIES",
        "price": 4.99,
        "price_kilo": 4.99,
        "slug": "cucharon-acero-inox-31x85x8cm",
        "description": "Cuchar\u00f3n Acero Inox 31x8,5x8cm 1 U",
        "image": "https:\/\/cdn-consum.aktiosdigitalservices.com\/tol\/consum\/media\/product\/img\/300x300\/7451362.jpg?t=20250312092917"
    },
    {
        "id": 39648,
        "name": "Espatula Ranurada 34,3x10,3x4,7cm FOODIES",
        "price": 5.99,
        "price_kilo": 5.99,
        "slug": "espatula-ranurada-343x103x47cm",
        "description": "Espatula Ranurada 34,3x10,3x4,7cm 1 U",
        "image": "https:\/\/cdn-consum.aktiosdigitalservices.com\/tol\/consum\/media\/product\/img\/300x300\/7451367.jpg?t=20250312092917"
    },
    {
        "id": 39649,
        "name": "Cuchara Silicona 27x5,5cm FOODIES",
        "price": 2.99,
        "price_kilo": 2.99,
        "slug": "cuchara-silicona-27x55cm",
        "description": "Cuchara Silicona 27x5,5cm 1 U",
        "image": "https:\/\/cdn-consum.aktiosdigitalservices.com\/tol\/consum\/media\/product\/img\/300x300\/7451375.jpg?t=20250312092917"
    },
    {
        "id": 39650,
        "name": "Pinzas Cocina Acero Inox 30,5cm FOODIES",
        "price": 4.99,
        "price_kilo": 4.99,
        "slug": "pinzas-cocina-acero-inox-305cm",
        "description": "Pinzas Cocina Acero Inox 30,5cm 1 U",
        "image": "https:\/\/cdn-consum.aktiosdigitalservices.com\/tol\/consum\/media\/product\/img\/300x300\/7451388.jpg?t=20250312092917"
    },
    {
        "id": 39651,
        "name": "Molde Silicona Cuadrado 20,7x20,7x7cm FOODIES",
        "price": 8.99,
        "price_kilo": 8.99,
        "slug": "molde-silicona-cuadrado-207x207x7cm",
        "description": "Molde Silicona Cuadrado 20,7x20,7x7cm 1 U",
        "image": "https:\/\/cdn-consum.aktiosdigitalservices.com\/tol\/consum\/media\/product\/img\/300x300\/7451404.jpg?t=20250312092917"
    },
    {
        "id": 39652,
        "name": "Molde Silicona Redondo 19x7,5cm FOODIES",
        "price": 7.99,
        "price_kilo": 7.99,
        "slug": "molde-silicona-redondo-19x75cm",
        "description": "Molde Silicona Redondo 19x7,5cm 1 U",
        "image": "https:\/\/cdn-consum.aktiosdigitalservices.com\/tol\/consum\/media\/product\/img\/300x300\/7451412.jpg?t=20250312092917"
    },
    {
        "id": 39653,
        "name": "Pulverizador Aceite Cristl 200ml FOODIES",
        "price": 3.99,
        "price_kilo": 3.99,
        "slug": "pulverizador-aceite-cristl-200ml",
        "description": "Pulverizador Aceite Cristl 200ml 1 U",
        "image": "https:\/\/cdn-consum.aktiosdigitalservices.com\/tol\/consum\/media\/product\/img\/300x300\/7451417.jpg?t=20250319080112"
    },
    {
        "id": 39654,
        "name": "S2 Manoplas Silicona . FOODIES",
        "price": 2.99,
        "price_kilo": 2.99,
        "slug": "s2-manoplas-silicona-",
        "description": "S2 Manoplas Silicona . 1 U",
        "image": "https:\/\/cdn-consum.aktiosdigitalservices.com\/tol\/consum\/media\/product\/img\/300x300\/7451425.jpg?t=20250312092917"
    },
    {
        "id": 39658,
        "name": "Vaporera Multiusos Cocina CASTEY",
        "price": 9.95,
        "price_kilo": 9.95,
        "slug": "vaporera-multiusos-cocina",
        "description": "Vaporera Multiusos Cocina 1 U",
        "image": "https:\/\/cdn-consum.aktiosdigitalservices.com\/tol\/consum\/media\/product\/img\/300x300\/7451479.jpg?t=20250312092917"
    },
    {
        "id": 39661,
        "name": "Mini Bomb\u00f3n Magnum Utopia Halzenut x6 MAGNUM",
        "price": 5.99,
        "price_kilo": 21.7,
        "slug": "mini-bombon-magnum-utopia-halzenut-x6",
        "description": "Mini Bomb\u00f3n Magnum Utopia Halzenut x6 276 Gr",
        "image": "https:\/\/cdn-consum.aktiosdigitalservices.com\/tol\/consum\/media\/product\/img\/300x300\/7451698.jpg?t=20250312092917"
    },
    {
        "id": 39675,
        "name": "Semillas De S\u00e9samo Tostado NATURCESTA",
        "price": 2.49,
        "price_kilo": 9.96,
        "slug": "semillas-de-sesamo-tostado",
        "description": "Semillas De S\u00e9samo Tostado 250 Gr",
        "image": "https:\/\/cdn-consum.aktiosdigitalservices.com\/tol\/consum\/media\/product\/img\/300x300\/7452337.jpg?t=20250318081027"
    },
    {
        "id": 39699,
        "name": "Pirulo Water Melon pack de 3+1 NESTLE",
        "price": 3.59,
        "price_kilo": 13.4,
        "slug": "pirulo-water-melon-pack-de-31",
        "description": "Pirulo Water Melon pack de 3+1 268 Gr",
        "image": "https:\/\/cdn-consum.aktiosdigitalservices.com\/tol\/consum\/media\/product\/img\/300x300\/7452600.jpg?t=20250320080405"
    },
    {
        "id": 39700,
        "name": "Mojo Pic\u00f3n Suave ARGODEY",
        "price": 2.75,
        "price_kilo": 18.33,
        "slug": "mojo-picon-suave",
        "description": "Mojo Pic\u00f3n Suave 150 Gr",
        "image": "https:\/\/cdn-consum.aktiosdigitalservices.com\/tol\/consum\/media\/product\/img\/300x300\/7452688.jpg?t=20250320080407"
    },
    {
        "id": 39701,
        "name": "Mojo Cilantro ARGODEY",
        "price": 2.75,
        "price_kilo": 18.33,
        "slug": "mojo-cilantro",
        "description": "Mojo Cilantro 150 Gr",
        "image": "https:\/\/cdn-consum.aktiosdigitalservices.com\/tol\/consum\/media\/product\/img\/300x300\/7452691.jpg?t=20250320080410"
    },
    {
        "id": 39707,
        "name": "Patatas Churrer\u00eda Bolsa SANTA ANA",
        "price": 1.25,
        "price_kilo": 8.93,
        "slug": "patatas-churreria-bolsa",
        "description": "Patatas Churrer\u00eda Bolsa 140 Gr",
        "image": "https:\/\/cdn-consum.aktiosdigitalservices.com\/tol\/consum\/media\/product\/img\/300x300\/7453046.jpg?t=20250318080915"
    },
    {
        "id": 39708,
        "name": "Patatas Churrer\u00eda Bolsa SANTA ANA",
        "price": 2.07,
        "price_kilo": 7.93,
        "slug": "patatas-churreria-bolsa",
        "description": "Patatas Churrer\u00eda Bolsa 261 Gr",
        "image": "https:\/\/cdn-consum.aktiosdigitalservices.com\/tol\/consum\/media\/product\/img\/300x300\/7453053.jpg?t=20250313081448"
    },
    {
        "id": 39709,
        "name": "Bocabits Bolsa MATUTANO",
        "price": 1.5,
        "price_kilo": 20,
        "slug": "bocabits-bolsa",
        "description": "Bocabits Bolsa 75 Gr",
        "image": "https:\/\/cdn-consum.aktiosdigitalservices.com\/tol\/consum\/media\/product\/img\/300x300\/7453058.jpg?t=20250313081449"
    },
    {
        "id": 39710,
        "name": "Friegasuelos Vinagre Lim\u00f3n DISICLIN",
        "price": 1.29,
        "price_kilo": 1.29,
        "slug": "friegasuelos-vinagre-limon",
        "description": "Friegasuelos Vinagre Lim\u00f3n 1 L",
        "image": "https:\/\/cdn-consum.aktiosdigitalservices.com\/tol\/consum\/media\/product\/img\/300x300\/7453079.jpg?t=20250313081451"
    },
    {
        "id": 39711,
        "name": "Limpiador Mascotas Pistola Multiusos DISICLIN",
        "price": 2.35,
        "price_kilo": 3.26,
        "slug": "limpiador-mascotas-pistola-multiusos",
        "description": "Limpiador Mascotas Pistola Multiusos 0,72 L",
        "image": "https:\/\/cdn-consum.aktiosdigitalservices.com\/tol\/consum\/media\/product\/img\/300x300\/7453082.jpg?t=20250313081453"
    },
    {
        "id": 39712,
        "name": "Limpiador Multiusos Vinagre Lim\u00f3n Pistola DISICLIN",
        "price": 1.75,
        "price_kilo": 2.33,
        "slug": "limpiador-multiusos-vinagre-limon-pistola",
        "description": "Limpiador Multiusos Vinagre Lim\u00f3n Pistola 0,75 L",
        "image": "https:\/\/cdn-consum.aktiosdigitalservices.com\/tol\/consum\/media\/product\/img\/300x300\/7453087.jpg?t=20250313081455"
    },
    {
        "id": 39713,
        "name": "Guisantes BONDUELLE",
        "price": 1.25,
        "price_kilo": 4.72,
        "slug": "guisantes",
        "description": "Guisantes 265 Gr",
        "image": "https:\/\/cdn-consum.aktiosdigitalservices.com\/tol\/consum\/media\/product\/img\/300x300\/7453090.jpg?t=20250227095850"
    },
    {
        "id": 39714,
        "name": "Galleta Chocolate Donkis Simpson ARLUY",
        "price": 2.39,
        "price_kilo": 5.98,
        "slug": "galleta-chocolate-donkis-simpson",
        "description": "Galleta Chocolate Donkis Simpson 400 Gr",
        "image": "https:\/\/cdn-consum.aktiosdigitalservices.com\/tol\/consum\/media\/product\/img\/300x300\/7453298.jpg?t=20250312092920"
    },
    {
        "id": 39715,
        "name": "Huesitos Combix Multipack HUESITOS",
        "price": 1.79,
        "price_kilo": 17.9,
        "slug": "huesitos-combix-multipack",
        "description": "Huesitos Combix Multipack 5 x 20 Gr",
        "image": "https:\/\/cdn-consum.aktiosdigitalservices.com\/tol\/consum\/media\/product\/img\/300x300\/7453657.jpg?t=20250320080414"
    },
    {
        "id": 39716,
        "name": "Surtido Golosinas \u00c1cidas Sour Boom Mix FINI",
        "price": 1,
        "price_kilo": 11.11,
        "slug": "surtido-golosinas-acidas-sour-boom-mix",
        "description": "Surtido Golosinas \u00c1cidas Sour Boom Mix 90 Gr",
        "image": "https:\/\/cdn-consum.aktiosdigitalservices.com\/tol\/consum\/media\/product\/img\/300x300\/7453715.jpg?t=20250312092921"
    },
    {
        "id": 39717,
        "name": "Gominolas con Sabor Frutas Smile Kit FINI",
        "price": 1,
        "price_kilo": 11.11,
        "slug": "gominolas-con-sabor-frutas-smile-kit",
        "description": "Gominolas con Sabor Frutas Smile Kit 90 Gr",
        "image": "https:\/\/cdn-consum.aktiosdigitalservices.com\/tol\/consum\/media\/product\/img\/300x300\/7453728.jpg?t=20250312092921"
    },
    {
        "id": 39718,
        "name": "Fideo N\u00ba 0 GALLO",
        "price": 1,
        "price_kilo": 2.5,
        "slug": "fideo-n-0",
        "description": "Fideo N\u00ba 0 400 Gr",
        "image": "https:\/\/cdn-consum.aktiosdigitalservices.com\/tol\/consum\/media\/product\/img\/300x300\/7454007.jpg?t=20250312092923"
    },
    {
        "id": 39719,
        "name": "Plumas N\u00ba6 GALLO",
        "price": 1,
        "price_kilo": 2.5,
        "slug": "plumas-n6",
        "description": "Plumas N\u00ba6 400 Gr",
        "image": "https:\/\/cdn-consum.aktiosdigitalservices.com\/tol\/consum\/media\/product\/img\/300x300\/7454010.jpg?t=20250319080100"
    },
    {
        "id": 39720,
        "name": "Spaguetti N\u00ba3 GALLO",
        "price": 1,
        "price_kilo": 2.5,
        "slug": "spaguetti-n3",
        "description": "Spaguetti N\u00ba3 400 Gr",
        "image": "https:\/\/cdn-consum.aktiosdigitalservices.com\/tol\/consum\/media\/product\/img\/300x300\/7454015.jpg?t=20250319080102"
    },
    {
        "id": 39721,
        "name": "Goma Limpiadora Ante-Nobuck-Piel ACHUCHONAS",
        "price": 4.49,
        "price_kilo": 4.49,
        "slug": "goma-limpiadora-ante-nobuck-piel",
        "description": "Goma Limpiadora Ante-Nobuck-Piel 1 U",
        "image": "https:\/\/cdn-consum.aktiosdigitalservices.com\/tol\/consum\/media\/product\/img\/300x300\/7454192.jpg?t=20250312092929"
    },
    {
        "id": 39722,
        "name": "Mayonesa Trufa HELLMANN'S",
        "price": 1.39,
        "price_kilo": 5.56,
        "slug": "mayonesa-trufa",
        "description": "Mayonesa Trufa 250 ml",
        "image": "https:\/\/cdn-consum.aktiosdigitalservices.com\/tol\/consum\/media\/product\/img\/300x300\/7454247.jpg?t=20250313081501"
    },
    {
        "id": 39723,
        "name": "Mayonesa Ajo Asado HELLMANN'S",
        "price": 1.39,
        "price_kilo": 5.56,
        "slug": "mayonesa-ajo-asado",
        "description": "Mayonesa Ajo Asado 250 ml",
        "image": "https:\/\/cdn-consum.aktiosdigitalservices.com\/tol\/consum\/media\/product\/img\/300x300\/7454259.jpg?t=20250313081503"
    },
    {
        "id": 39727,
        "name": "Anacardos Crudos CONSUM",
        "price": 2.5,
        "price_kilo": 12.5,
        "slug": "anacardos-crudos",
        "description": "Anacardos Crudos 200 Gr",
        "image": "https:\/\/cdn-consum.aktiosdigitalservices.com\/tol\/consum\/media\/product\/img\/300x300\/7442135.jpg?t=20250312130402"
    },
    {
        "id": 39728,
        "name": "Guisante Muy Fino CONSUM",
        "price": 0.9,
        "price_kilo": 3.6,
        "slug": "guisante-muy-fino",
        "description": "Guisante Muy Fino 250 Gr",
        "image": "https:\/\/cdn-consum.aktiosdigitalservices.com\/tol\/consum\/media\/product\/img\/300x300\/7444370.jpg?t=20250312092903"
    },
    {
        "id": 39729,
        "name": "Ma\u00edz Dulce Pack 3 CONSUM",
        "price": 1.25,
        "price_kilo": 5.95,
        "slug": "maiz-dulce-pack-3",
        "description": "Ma\u00edz Dulce Pack 3 3 x 70 Gr",
        "image": "https:\/\/cdn-consum.aktiosdigitalservices.com\/tol\/consum\/media\/product\/img\/300x300\/7444375.jpg?t=20250312092903"
    },
    {
        "id": 39730,
        "name": "Cacahuete Collaret CONSUM",
        "price": 3.59,
        "price_kilo": 7.18,
        "slug": "cacahuete-collaret",
        "description": "Cacahuete Collaret 500 Gr",
        "image": "https:\/\/cdn-consum.aktiosdigitalservices.com\/tol\/consum\/media\/product\/img\/300x300\/7446094.jpg?t=20250320080347"
    },
    {
        "id": 39732,
        "name": "Queso Mezcla Viejo Cu\u00f1a CONSUM",
        "price": 4.27,
        "price_kilo": 14.22,
        "slug": "queso-mezcla-viejo-cuna",
        "description": "Queso Mezcla Viejo Cu\u00f1a",
        "image": "https:\/\/cdn-consum.aktiosdigitalservices.com\/tol\/consum\/media\/product\/img\/300x300\/7450518.jpg?t=20250319080052"
    },
    {
        "id": 39733,
        "name": "Mejill\u00f3n Salsa Brava AGUINAMAR",
        "price": 3.99,
        "price_kilo": 7.98,
        "slug": "mejillon-salsa-brava",
        "description": "Mejill\u00f3n Salsa Brava 500 Gr",
        "image": "https:\/\/cdn-consum.aktiosdigitalservices.com\/tol\/consum\/media\/product\/img\/300x300\/7451763.jpg?t=20250318081024"
    },
    {
        "id": 39734,
        "name": "Pulpo con Langostino ",
        "price": 5.99,
        "price_kilo": 31.53,
        "slug": "pulpo-con-langostino",
        "description": "Pulpo con Langostino 190 Gr",
        "image": "https:\/\/cdn-consum.aktiosdigitalservices.com\/tol\/consum\/media\/product\/img\/300x300\/7452592.jpg?t=20250318081028"
    },
    {
        "id": 39735,
        "name": "Bomb\u00f3n Toblerone pack de 3 TOBLERONE",
        "price": 4.89,
        "price_kilo": 25.08,
        "slug": "bombon-toblerone-pack-de-3",
        "description": "Bomb\u00f3n Toblerone pack de 3 195 Gr",
        "image": "https:\/\/cdn-consum.aktiosdigitalservices.com\/tol\/consum\/media\/product\/img\/300x300\/7452597.jpg?t=20250312130520"
    },
    {
        "id": 39736,
        "name": "Sandwich Oreo pack de 4 OREO",
        "price": 4.49,
        "price_kilo": 16.03,
        "slug": "sandwich-oreo-pack-de-4",
        "description": "Sandwich Oreo pack de 4 280 Gr",
        "image": "https:\/\/cdn-consum.aktiosdigitalservices.com\/tol\/consum\/media\/product\/img\/300x300\/7452605.jpg?t=20250312092919"
    },
    {
        "id": 39737,
        "name": "Lomo Embuchado Reducido en Sal -25% EMB. ESPA\u00d1A",
        "price": 2.49,
        "price_kilo": 24.9,
        "slug": "lomo-embuchado-reducido-en-sal--25",
        "description": "Lomo Embuchado Reducido en Sal -25% 2 x 50 Gr",
        "image": "https:\/\/cdn-consum.aktiosdigitalservices.com\/tol\/consum\/media\/product\/img\/300x300\/7452618.jpg?t=20250312161644"
    },
    {
        "id": 39738,
        "name": "Maxibon Red Cheescake Pack de 4 NESTLE",
        "price": 5.99,
        "price_kilo": 16.83,
        "slug": "maxibon-red-cheescake-pack-de-4",
        "description": "Maxibon Red Cheescake Pack de 4 356 Gr",
        "image": "https:\/\/cdn-consum.aktiosdigitalservices.com\/tol\/consum\/media\/product\/img\/300x300\/7452621.jpg?t=20250312130524"
    },
    {
        "id": 39739,
        "name": "Porciones Salm\u00f3n Plateado Congelado ",
        "price": 6.4,
        "price_kilo": 25.6,
        "slug": "porciones-salmon-plateado-congelado",
        "description": "Porciones Salm\u00f3n Plateado Congelado 250 Gr",
        "image": "https:\/\/cdn-consum.aktiosdigitalservices.com\/tol\/consum\/media\/product\/img\/300x300\/7453033.jpg?t=20250321080034"
    },
    {
        "id": 39740,
        "name": "Pimiento Asado Tricolor en Tiras SUQUIPA",
        "price": 2.69,
        "price_kilo": 10.76,
        "slug": "pimiento-asado-tricolor-en-tiras",
        "description": "Pimiento Asado Tricolor en Tiras 250 Gr",
        "image": "https:\/\/cdn-consum.aktiosdigitalservices.com\/tol\/consum\/media\/product\/img\/300x300\/7453293.jpg?t=20250312092920"
    },
    {
        "id": 39741,
        "name": "Cerveza Dunkel Botella PAULANER",
        "price": 1.99,
        "price_kilo": 3.98,
        "slug": "cerveza-dunkel-botella",
        "description": "Cerveza Dunkel Botella 0,5 L",
        "image": "https:\/\/cdn-consum.aktiosdigitalservices.com\/tol\/consum\/media\/product\/img\/300x300\/7453475.jpg?t=20250312161648"
    },
    {
        "id": 39742,
        "name": "Pizza Margarita Fior di Latte HORNETTO",
        "price": 2.99,
        "price_kilo": 10.31,
        "slug": "pizza-margarita-fior-di-latte",
        "description": "Pizza Margarita Fior di Latte 290 Gr",
        "image": "https:\/\/cdn-consum.aktiosdigitalservices.com\/tol\/consum\/media\/product\/img\/300x300\/7453553.jpg?t=20250318081028"
    },
    {
        "id": 39743,
        "name": "Picada de Cerdo LA COPE",
        "price": 2.49,
        "price_kilo": 6.23,
        "slug": "picada-de-cerdo",
        "description": "Picada de Cerdo 400 Gr",
        "image": "https:\/\/cdn-consum.aktiosdigitalservices.com\/tol\/consum\/media\/product\/img\/300x300\/7453660.jpg?t=20250318081028"
    },
    {
        "id": 39744,
        "name": "Cerveza Reserva Botella MAHOU",
        "price": 1.25,
        "price_kilo": 3.79,
        "slug": "cerveza-reserva-botella",
        "description": "Cerveza Reserva Botella 0,33 L",
        "image": "https:\/\/cdn-consum.aktiosdigitalservices.com\/tol\/consum\/media\/product\/img\/300x300\/7454002.jpg?t=20250320080418"
    },
    {
        "id": 39745,
        "name": "Cornetto Vainilla Pack de 4 Unidades FRIGO",
        "price": 2.99,
        "price_kilo": 12.46,
        "slug": "cornetto-vainilla-pack-de-4-unidades",
        "description": "Cornetto Vainilla Pack de 4 Unidades 240 Gr",
        "image": "https:\/\/cdn-consum.aktiosdigitalservices.com\/tol\/consum\/media\/product\/img\/300x300\/7454031.jpg?t=20250319080104"
    },
    {
        "id": 39746,
        "name": "Acondicionador Rizos SYOSS",
        "price": 3.65,
        "price_kilo": 1.46,
        "slug": "acondicionador-rizos",
        "description": "Acondicionador Rizos 250 ml",
        "image": "https:\/\/cdn-consum.aktiosdigitalservices.com\/tol\/consum\/media\/product\/img\/300x300\/7454069.jpg?t=20250312092924"
    },
    {
        "id": 39747,
        "name": "Eau de Parfum Oriental Mist ESENTU",
        "price": 12.95,
        "price_kilo": 25.9,
        "slug": "eau-de-parfum-oriental-mist",
        "description": "Eau de Parfum Oriental Mist 50 ml",
        "image": "https:\/\/cdn-consum.aktiosdigitalservices.com\/tol\/consum\/media\/product\/img\/300x300\/7454114.jpg?t=20250315080003"
    },
    {
        "id": 39748,
        "name": "Eau de Parfum Aqua Bergamota ESENTU",
        "price": 12.95,
        "price_kilo": 25.9,
        "slug": "eau-de-parfum-aqua-bergamota",
        "description": "Eau de Parfum Aqua Bergamota 50 ml",
        "image": "https:\/\/cdn-consum.aktiosdigitalservices.com\/tol\/consum\/media\/product\/img\/300x300\/7454119.jpg?t=20250315080005"
    },
    {
        "id": 39749,
        "name": "Eau de Parfum Amber Wood ESENTU",
        "price": 12.95,
        "price_kilo": 25.9,
        "slug": "eau-de-parfum-amber-wood",
        "description": "Eau de Parfum Amber Wood 50 ml",
        "image": "https:\/\/cdn-consum.aktiosdigitalservices.com\/tol\/consum\/media\/product\/img\/300x300\/7454122.jpg?t=20250315080007"
    },
    {
        "id": 39750,
        "name": "Eau de Parfum Green Citrus ESENTU",
        "price": 12.95,
        "price_kilo": 25.9,
        "slug": "eau-de-parfum-green-citrus",
        "description": "Eau de Parfum Green Citrus 50 ml",
        "image": "https:\/\/cdn-consum.aktiosdigitalservices.com\/tol\/consum\/media\/product\/img\/300x300\/7454127.jpg?t=20250315080009"
    },
    {
        "id": 39751,
        "name": "Eau de Parfum Pink Temptation ESENTU",
        "price": 12.95,
        "price_kilo": 25.9,
        "slug": "eau-de-parfum-pink-temptation",
        "description": "Eau de Parfum Pink Temptation 50 ml",
        "image": "https:\/\/cdn-consum.aktiosdigitalservices.com\/tol\/consum\/media\/product\/img\/300x300\/7454130.jpg?t=20250315080011"
    },
    {
        "id": 39752,
        "name": "Eau de Parfum Mystic Jazmin ESENTU",
        "price": 12.95,
        "price_kilo": 25.9,
        "slug": "eau-de-parfum-mystic-jazmin",
        "description": "Eau de Parfum Mystic Jazmin 50 ml",
        "image": "https:\/\/cdn-consum.aktiosdigitalservices.com\/tol\/consum\/media\/product\/img\/300x300\/7454135.jpg?t=20250315080013"
    },
    {
        "id": 39753,
        "name": "Aceite de Oliva Extra Suave CARBONELL",
        "price": 6.85,
        "price_kilo": 6.85,
        "slug": "aceite-de-oliva-extra-suave",
        "description": "Aceite de Oliva Extra Suave 1 L",
        "image": "https:\/\/cdn-consum.aktiosdigitalservices.com\/tol\/consum\/media\/product\/img\/300x300\/7454262.jpg?t=20250322080132"
    },
    {
        "id": 39757,
        "name": "Carrillada Interna de Cerdo ",
        "price": 3.45,
        "price_kilo": 11.49,
        "slug": "carrillada-interna-de-cerdo",
        "description": "Carrillada Interna de Cerdo",
        "image": "https:\/\/cdn-consum.aktiosdigitalservices.com\/tol\/consum\/media\/product\/img\/300x300\/7454440.jpg?t=20250321080042"
    },
    {
        "id": 39759,
        "name": "Caramelo Tin Fruto Rojo SMINT",
        "price": 2.49,
        "price_kilo": 7.11,
        "slug": "caramelo-tin-fruto-rojo",
        "description": "Caramelo Tin Fruto Rojo 35 Gr",
        "image": "https:\/\/cdn-consum.aktiosdigitalservices.com\/tol\/consum\/media\/product\/img\/300x300\/7454671.jpg?t=20250315080017"
    },
    {
        "id": 39760,
        "name": "Chicle Sabor fresa BUBBALOO",
        "price": 1.19,
        "price_kilo": 3.13,
        "slug": "chicle-sabor-fresa",
        "description": "Chicle Sabor fresa 38 Gr",
        "image": "https:\/\/cdn-consum.aktiosdigitalservices.com\/tol\/consum\/media\/product\/img\/300x300\/7454676.jpg?t=20250315080019"
    },
    {
        "id": 39761,
        "name": "Caramelo L\u00edquido Sabor Fresa MINIONS",
        "price": 1.49,
        "price_kilo": 3.73,
        "slug": "caramelo-liquido-sabor-fresa",
        "description": "Caramelo L\u00edquido Sabor Fresa 40 ml",
        "image": "https:\/\/cdn-consum.aktiosdigitalservices.com\/tol\/consum\/media\/product\/img\/300x300\/7454718.jpg?t=20250314121834"
    },
    {
        "id": 39762,
        "name": "Las que no duermen nas Dolores Redondo DESTINO",
        "price": 23.9,
        "price_kilo": 23.9,
        "slug": "las-que-no-duermen-nas-dolores-redondo",
        "description": "Las que no duermen nas Dolores Redondo 1 U",
        "image": "https:\/\/cdn-consum.aktiosdigitalservices.com\/tol\/consum\/media\/product\/img\/300x300\/7450146.jpg?t=20250322080113"
    },
    {
        "id": 39763,
        "name": "Casi una novela Megan Maxwell BOOKET",
        "price": 8.95,
        "price_kilo": 8.95,
        "slug": "casi-una-novela-megan-maxwell",
        "description": "Casi una novela Megan Maxwell 1 U",
        "image": "https:\/\/cdn-consum.aktiosdigitalservices.com\/tol\/consum\/media\/product\/img\/300x300\/7453368.jpg?t=20250218081448"
    },
    {
        "id": 39764,
        "name": "Todos los lugares que ma Inma Rubiales BOOKET",
        "price": 8.95,
        "price_kilo": 8.95,
        "slug": "todos-los-lugares-que-ma-inma-rubiales",
        "description": "Todos los lugares que ma Inma Rubiales 1 U",
        "image": "https:\/\/cdn-consum.aktiosdigitalservices.com\/tol\/consum\/media\/product\/img\/300x300\/7453371.jpg?t=20250218081448"
    },
    {
        "id": 39765,
        "name": "A pesar de ti Colleen Hoover BOOKET",
        "price": 8.95,
        "price_kilo": 8.95,
        "slug": "a-pesar-de-ti-colleen-hoover",
        "description": "A pesar de ti Colleen Hoover 1 U",
        "image": "https:\/\/cdn-consum.aktiosdigitalservices.com\/tol\/consum\/media\/product\/img\/300x300\/7453376.jpg?t=20250218081448"
    },
    {
        "id": 39766,
        "name": "La casa en el mar m\u00e1s az TJ Klune BOOKET",
        "price": 8.95,
        "price_kilo": 8.95,
        "slug": "la-casa-en-el-mar-mas-az-tj-klune",
        "description": "La casa en el mar m\u00e1s az TJ Klune 1 U",
        "image": "https:\/\/cdn-consum.aktiosdigitalservices.com\/tol\/consum\/media\/product\/img\/300x300\/7453384.jpg?t=20250218081448"
    },
    {
        "id": 39767,
        "name": "El asesino de la monta\u00f1a Anders de la Motte BOOKET",
        "price": 8.95,
        "price_kilo": 8.95,
        "slug": "el-asesino-de-la-montana-anders-de-la-motte",
        "description": "El asesino de la monta\u00f1a Anders de la Motte 1 U",
        "image": "https:\/\/cdn-consum.aktiosdigitalservices.com\/tol\/consum\/media\/product\/img\/300x300\/7453405.jpg?t=20250218081449"
    },
    {
        "id": 39769,
        "name": "El sindrome de la impost Elisabet C. y Anne de M. BOOKET",
        "price": 8.95,
        "price_kilo": 8.95,
        "slug": "el-sindrome-de-la-impost-elisabet-c-y-anne-de-m",
        "description": "El sindrome de la impost Elisabet C. y Anne de M. 1 U",
        "image": "https:\/\/cdn-consum.aktiosdigitalservices.com\/tol\/consum\/media\/product\/img\/300x300\/7453418.jpg?t=20250218081450"
    },
    {
        "id": 39770,
        "name": "La secta Camila L\u00e1ckberg y H.Fex BOOKET",
        "price": 8.95,
        "price_kilo": 8.95,
        "slug": "la-secta-camila-lackberg-y-hfex",
        "description": "La secta Camila L\u00e1ckberg y H.Fex 1 U",
        "image": "https:\/\/cdn-consum.aktiosdigitalservices.com\/tol\/consum\/media\/product\/img\/300x300\/7453421.jpg?t=20250218081450"
    },
    {
        "id": 39771,
        "name": "La palabra exacta Miguel \u00c1ngel Velasco BOOKET",
        "price": 8.95,
        "price_kilo": 8.95,
        "slug": "la-palabra-exacta-miguel-angel-velasco",
        "description": "La palabra exacta Miguel \u00c1ngel Velasco 1 U",
        "image": "https:\/\/cdn-consum.aktiosdigitalservices.com\/tol\/consum\/media\/product\/img\/300x300\/7453426.jpg?t=20250218081450"
    },
    {
        "id": 39778,
        "name": "Alas de \u00d3nix Rebecca Yarros PLANETA",
        "price": 23.9,
        "price_kilo": 23.9,
        "slug": "alas-de-onix-rebecca-yarros",
        "description": "Alas de \u00d3nix Rebecca Yarros 1 U",
        "image": "https:\/\/cdn-consum.aktiosdigitalservices.com\/tol\/consum\/media\/product\/img\/300x300\/7454457.jpg?t=20250312092932"
    },
    {
        "id": 39779,
        "name": "Anna Kadabra 15. La noc Pedro Ma\u00f1as DESTINO",
        "price": 10.95,
        "price_kilo": 10.95,
        "slug": "anna-kadabra-15-la-noc-pedro-manas",
        "description": "Anna Kadabra 15. La noc Pedro Ma\u00f1as 1 U",
        "image": "https:\/\/cdn-consum.aktiosdigitalservices.com\/tol\/consum\/media\/product\/img\/300x300\/7454460.jpg?t=20250312092932"
    },
    {
        "id": 39780,
        "name": "Sue\u00f1os de bronce Camilla L\u00e4ckberg PLANETA",
        "price": 21.9,
        "price_kilo": 21.9,
        "slug": "suenos-de-bronce-camilla-lackberg",
        "description": "Sue\u00f1os de bronce Camilla L\u00e4ckberg 1 U",
        "image": "https:\/\/cdn-consum.aktiosdigitalservices.com\/tol\/consum\/media\/product\/img\/300x300\/7454465.jpg?t=20250312092932"
    },
    {
        "id": 39781,
        "name": "Dani y Evan 11 Las aventuras de Dani DESTINO",
        "price": 14.95,
        "price_kilo": 14.95,
        "slug": "dani-y-evan-11-las-aventuras-de-dani",
        "description": "Dani y Evan 11 Las aventuras de Dani 1 U",
        "image": "https:\/\/cdn-consum.aktiosdigitalservices.com\/tol\/consum\/media\/product\/img\/300x300\/7454473.jpg?t=20250312092932"
    },
    {
        "id": 39782,
        "name": "Animalize 21 Misterio Fantasmas DESTINO",
        "price": 16.95,
        "price_kilo": 16.95,
        "slug": "animalize-21-misterio-fantasmas",
        "description": "Animalize 21 Misterio Fantasmas 1 U",
        "image": "https:\/\/cdn-consum.aktiosdigitalservices.com\/tol\/consum\/media\/product\/img\/300x300\/7454478.jpg?t=20250312092932"
    },
    {
        "id": 39783,
        "name": "Como mandar a la.... Alba Carralda VERGARA",
        "price": 19.9,
        "price_kilo": 19.9,
        "slug": "como-mandar-a-la-alba-carralda",
        "description": "Como mandar a la.... Alba Carralda 1 U",
        "image": "https:\/\/cdn-consum.aktiosdigitalservices.com\/tol\/consum\/media\/product\/img\/300x300\/7454531.jpg?t=20250312092932"
    },
    {
        "id": 39784,
        "name": "Hasta que caiga la luna Sarah A. Parker PLAZA&JANES",
        "price": 24.9,
        "price_kilo": 24.9,
        "slug": "hasta-que-caiga-la-luna-sarah-a-parker",
        "description": "Hasta que caiga la luna Sarah A. Parker 1 U",
        "image": "https:\/\/cdn-consum.aktiosdigitalservices.com\/tol\/consum\/media\/product\/img\/300x300\/7454536.jpg?t=20250312092932"
    },
    {
        "id": 39786,
        "name": "Ma\u00edz Frito Barbacoa CONSUM",
        "price": 1,
        "price_kilo": 5.88,
        "slug": "maiz-frito-barbacoa",
        "description": "Ma\u00edz Frito Barbacoa 170 Gr",
        "image": "https:\/\/cdn-consum.aktiosdigitalservices.com\/tol\/consum\/media\/product\/img\/300x300\/7445823.jpg?t=20250313081338"
    },
    {
        "id": 39787,
        "name": "Las mujeres que aman Robini Norwodd B DE BOLSILL",
        "price": 7.95,
        "price_kilo": 7.95,
        "slug": "las-mujeres-que-aman-robini-norwodd",
        "description": "Las mujeres que aman Robini Norwodd 1 U",
        "image": "https:\/\/cdn-consum.aktiosdigitalservices.com\/tol\/consum\/media\/product\/img\/300x300\/7452881.jpg?t=20250218081433"
    },
    {
        "id": 39788,
        "name": "La paciente silenciosa Alex Michaelides DEBOLSILLO",
        "price": 7.95,
        "price_kilo": 7.95,
        "slug": "la-paciente-silenciosa-alex-michaelides",
        "description": "La paciente silenciosa Alex Michaelides 1 U",
        "image": "https:\/\/cdn-consum.aktiosdigitalservices.com\/tol\/consum\/media\/product\/img\/300x300\/7453314.jpg?t=20250218081436"
    },
    {
        "id": 39789,
        "name": "La ni\u00f1a del sombrero azul Ana Lena Rivera DEBOLSILLO",
        "price": 7.95,
        "price_kilo": 7.95,
        "slug": "la-nina-del-sombrero-azul-ana-lena-rivera",
        "description": "La ni\u00f1a del sombrero azul Ana Lena Rivera 1 U",
        "image": "https:\/\/cdn-consum.aktiosdigitalservices.com\/tol\/consum\/media\/product\/img\/300x300\/7453319.jpg?t=20250218081438"
    },
    {
        "id": 39790,
        "name": "El vi\u00f1edo de la luna Carla Montero DEBOLSILLO",
        "price": 7.95,
        "price_kilo": 7.95,
        "slug": "el-vinedo-de-la-luna-carla-montero",
        "description": "El vi\u00f1edo de la luna Carla Montero 1 U",
        "image": "https:\/\/cdn-consum.aktiosdigitalservices.com\/tol\/consum\/media\/product\/img\/300x300\/7453322.jpg?t=20250218081439"
    },
    {
        "id": 39791,
        "name": "C\u00f3mo no escrib\u00ed nuestra Elisabet Benavent DEBOLSILLO",
        "price": 7.95,
        "price_kilo": 7.95,
        "slug": "como-no-escribi-nuestra-elisabet-benavent",
        "description": "C\u00f3mo no escrib\u00ed nuestra Elisabet Benavent 1 U",
        "image": "https:\/\/cdn-consum.aktiosdigitalservices.com\/tol\/consum\/media\/product\/img\/300x300\/7453327.jpg?t=20250218081440"
    },
    {
        "id": 39792,
        "name": "La chica de la nieve Javier Castillo DEBOLSILLO",
        "price": 7.95,
        "price_kilo": 7.95,
        "slug": "la-chica-de-la-nieve-javier-castillo",
        "description": "La chica de la nieve Javier Castillo 1 U",
        "image": "https:\/\/cdn-consum.aktiosdigitalservices.com\/tol\/consum\/media\/product\/img\/300x300\/7453330.jpg?t=20250218081441"
    },
    {
        "id": 39793,
        "name": "El caso Alaska Sanders Joel Dicker DEBOLSILLO",
        "price": 7.95,
        "price_kilo": 7.95,
        "slug": "el-caso-alaska-sanders-joel-dicker",
        "description": "El caso Alaska Sanders Joel Dicker 1 U",
        "image": "https:\/\/cdn-consum.aktiosdigitalservices.com\/tol\/consum\/media\/product\/img\/300x300\/7453335.jpg?t=20250218081442"
    },
    {
        "id": 39794,
        "name": "Cuenta contigo Patricia Ramirez DEBOLSILLO",
        "price": 7.95,
        "price_kilo": 7.95,
        "slug": "cuenta-contigo-patricia-ramirez",
        "description": "Cuenta contigo Patricia Ramirez 1 U",
        "image": "https:\/\/cdn-consum.aktiosdigitalservices.com\/tol\/consum\/media\/product\/img\/300x300\/7453343.jpg?t=20250218081443"
    },
    {
        "id": 39795,
        "name": "El brillo de las luci\u00e9rnaga Paul Pen DEBOLSILLO",
        "price": 7.95,
        "price_kilo": 7.95,
        "slug": "el-brillo-de-las-luciernaga-paul-pen",
        "description": "El brillo de las luci\u00e9rnaga Paul Pen 1 U",
        "image": "https:\/\/cdn-consum.aktiosdigitalservices.com\/tol\/consum\/media\/product\/img\/300x300\/7453348.jpg?t=20250218081444"
    },
    {
        "id": 39797,
        "name": "Aqu\u00ed todos mienten Shari Lapena DEBOLSILLO",
        "price": 7.95,
        "price_kilo": 7.95,
        "slug": "aqui-todos-mienten-shari-lapena",
        "description": "Aqu\u00ed todos mienten Shari Lapena 1 U",
        "image": "https:\/\/cdn-consum.aktiosdigitalservices.com\/tol\/consum\/media\/product\/img\/300x300\/7453355.jpg?t=20250218081447"
    },
    {
        "id": 39798,
        "name": "Yo tambi\u00e9n no es te quier Violeta Reed DEBOLSILLO",
        "price": 7.95,
        "price_kilo": 7.95,
        "slug": "yo-tambien-no-es-te-quier-violeta-reed",
        "description": "Yo tambi\u00e9n no es te quier Violeta Reed 1 U",
        "image": "https:\/\/cdn-consum.aktiosdigitalservices.com\/tol\/consum\/media\/product\/img\/300x300\/7453363.jpg?t=20250218081448"
    },
    {
        "id": 39799,
        "name": "Cornetto Classico pack de 4 unidades FRIGO",
        "price": 2.99,
        "price_kilo": 12.46,
        "slug": "cornetto-classico-pack-de-4-unidades",
        "description": "Cornetto Classico pack de 4 unidades 240 Gr",
        "image": "https:\/\/cdn-consum.aktiosdigitalservices.com\/tol\/consum\/media\/product\/img\/300x300\/7453397.jpg?t=20250319080058"
    },
    {
        "id": 39806,
        "name": "Maquillaje Superstay Lumi Matte 30H N\u00ba115 MAYBELLINE",
        "price": 13.99,
        "price_kilo": 13.99,
        "slug": "maquillaje-superstay-lumi-matte-30h-n115",
        "description": "Maquillaje Superstay Lumi Matte 30H N\u00ba115 1 U",
        "image": "https:\/\/cdn-consum.aktiosdigitalservices.com\/tol\/consum\/media\/product\/img\/300x300\/7454072.jpg?t=20250318081028"
    },
    {
        "id": 39807,
        "name": "Maquillaje Superstay Lumi Matte 30H N\u00ba98 MAYBELLINE",
        "price": 13.99,
        "price_kilo": 13.99,
        "slug": "maquillaje-superstay-lumi-matte-30h-n98",
        "description": "Maquillaje Superstay Lumi Matte 30H N\u00ba98 1 U",
        "image": "https:\/\/cdn-consum.aktiosdigitalservices.com\/tol\/consum\/media\/product\/img\/300x300\/7454080.jpg?t=20250318081028"
    },
    {
        "id": 39808,
        "name": "Aceitera Aceite de Oliva 0,4\u00ba CARBONELL",
        "price": 4.25,
        "price_kilo": 9.24,
        "slug": "aceitera-aceite-de-oliva-04",
        "description": "Aceitera Aceite de Oliva 0,4\u00ba 460 ml",
        "image": "https:\/\/cdn-consum.aktiosdigitalservices.com\/tol\/consum\/media\/product\/img\/300x300\/7454171.jpg?t=20250320080419"
    },
    {
        "id": 39809,
        "name": "Aceite de Girasol Fritos KOIPESOL",
        "price": 2.6,
        "price_kilo": 2.6,
        "slug": "aceite-de-girasol-fritos",
        "description": "Aceite de Girasol Fritos 1 L",
        "image": "https:\/\/cdn-consum.aktiosdigitalservices.com\/tol\/consum\/media\/product\/img\/300x300\/7454267.jpg?t=20250320080425"
    },
    {
        "id": 39810,
        "name": "Potenciador del Lavado Gold White VANISH",
        "price": 4.49,
        "price_kilo": 11.23,
        "slug": "potenciador-del-lavado-gold-white",
        "description": "Potenciador del Lavado Gold White 400 Gr",
        "image": "https:\/\/cdn-consum.aktiosdigitalservices.com\/tol\/consum\/media\/product\/img\/300x300\/7454341.jpg?t=20250322080135"
    },
    {
        "id": 39811,
        "name": "Potenciador del Lavado Gold Pink VANISH",
        "price": 4.49,
        "price_kilo": 11.23,
        "slug": "potenciador-del-lavado-gold-pink",
        "description": "Potenciador del Lavado Gold Pink 400 Gr",
        "image": "https:\/\/cdn-consum.aktiosdigitalservices.com\/tol\/consum\/media\/product\/img\/300x300\/7454346.jpg?t=20250320080431"
    },
    {
        "id": 39812,
        "name": "Crunchy de Pollo Teriyaki FRESNO",
        "price": 2.99,
        "price_kilo": 16.61,
        "slug": "crunchy-de-pollo-teriyaki",
        "description": "Crunchy de Pollo Teriyaki 180 Gr",
        "image": "https:\/\/cdn-consum.aktiosdigitalservices.com\/tol\/consum\/media\/product\/img\/300x300\/7454424.jpg?t=20250320080432"
    },
    {
        "id": 39813,
        "name": "Nuggets de Pollo FRESNO",
        "price": 1.99,
        "price_kilo": 11.71,
        "slug": "nuggets-de-pollo",
        "description": "Nuggets de Pollo 170 Gr",
        "image": "https:\/\/cdn-consum.aktiosdigitalservices.com\/tol\/consum\/media\/product\/img\/300x300\/7454429.jpg?t=20250318081030"
    },
    {
        "id": 39814,
        "name": "Tri\u00e1ngulos Cheddar y Nachos FRESNO",
        "price": 2.99,
        "price_kilo": 18.69,
        "slug": "triangulos-cheddar-y-nachos",
        "description": "Tri\u00e1ngulos Cheddar y Nachos 160 Gr",
        "image": "https:\/\/cdn-consum.aktiosdigitalservices.com\/tol\/consum\/media\/product\/img\/300x300\/7454432.jpg?t=20250320080433"
    },
    {
        "id": 39815,
        "name": "Maquinilla Afeitar Fusion 5 Hojas 3 Recambios GILLETTE",
        "price": 15.99,
        "price_kilo": 15.99,
        "slug": "maquinilla-afeitar-fusion-5-hojas-3-recambios",
        "description": "Maquinilla Afeitar Fusion 5 Hojas 3 Recambios 1 U",
        "image": "https:\/\/cdn-consum.aktiosdigitalservices.com\/tol\/consum\/media\/product\/img\/300x300\/7454668.jpg?t=20250319080107"
    },
    {
        "id": 39816,
        "name": "Chicle Grageado Sabor Tropical Refresher ORBIT",
        "price": 1.29,
        "price_kilo": 9.21,
        "slug": "chicle-grageado-sabor-tropical-refresher",
        "description": "Chicle Grageado Sabor Tropical Refresher 14 Gr",
        "image": "https:\/\/cdn-consum.aktiosdigitalservices.com\/tol\/consum\/media\/product\/img\/300x300\/7454689.jpg?t=20250320080438"
    },
    {
        "id": 39817,
        "name": "Chicle Grageado Refresh Sabor Tropical Bote ORBIT",
        "price": 3.99,
        "price_kilo": 59.55,
        "slug": "chicle-grageado-refresh-sabor-tropical-bote",
        "description": "Chicle Grageado Refresh Sabor Tropical Bote 67 Gr",
        "image": "https:\/\/cdn-consum.aktiosdigitalservices.com\/tol\/consum\/media\/product\/img\/300x300\/7454692.jpg?t=20250320080440"
    },
    {
        "id": 39818,
        "name": "Chicle en Grageas Sabor Bubblemint Bote ORBIT",
        "price": 3.29,
        "price_kilo": 51.41,
        "slug": "chicle-en-grageas-sabor-bubblemint-bote",
        "description": "Chicle en Grageas Sabor Bubblemint Bote 64 Gr",
        "image": "https:\/\/cdn-consum.aktiosdigitalservices.com\/tol\/consum\/media\/product\/img\/300x300\/7454697.jpg?t=20250312092934"
    },
    {
        "id": 39819,
        "name": "Mini Cookies Rellenas NOCILLA",
        "price": 1,
        "price_kilo": 2.5,
        "slug": "mini-cookies-rellenas",
        "description": "Mini Cookies Rellenas 40 Gr",
        "image": "https:\/\/cdn-consum.aktiosdigitalservices.com\/tol\/consum\/media\/product\/img\/300x300\/7454721.jpg?t=20250318081032"
    },
    {
        "id": 39820,
        "name": "Mini Galletas Ba\u00f1adas con Chocolate COLA CAO",
        "price": 1,
        "price_kilo": 15.87,
        "slug": "mini-galletas-banadas-con-chocolate",
        "description": "Mini Galletas Ba\u00f1adas con Chocolate 63 Gr",
        "image": "https:\/\/cdn-consum.aktiosdigitalservices.com\/tol\/consum\/media\/product\/img\/300x300\/7454726.jpg?t=20250318081032"
    },
    {
        "id": 39821,
        "name": "Pollo Relleno Almendra 0.25% y 97% Carne CARLOTE\u00d1A",
        "price": 15.5,
        "price_kilo": 15.5,
        "slug": "pollo-relleno-almendra-025-y-97-carne",
        "description": "Pollo Relleno Almendra 0.25% y 97% Carne",
        "image": "https:\/\/cdn-consum.aktiosdigitalservices.com\/tol\/consum\/media\/product\/img\/300x300\/7454739.jpg?t=20250318081032"
    },
    {
        "id": 39822,
        "name": "Potenciador del Lavado Gold Pink Gel VANISH",
        "price": 4.99,
        "price_kilo": 7.23,
        "slug": "potenciador-del-lavado-gold-pink-gel",
        "description": "Potenciador del Lavado Gold Pink Gel 690 ml",
        "image": "https:\/\/cdn-consum.aktiosdigitalservices.com\/tol\/consum\/media\/product\/img\/300x300\/7454742.jpg?t=20250322080137"
    },
    {
        "id": 39823,
        "name": "Potenciador del Lavado Gold White Gel VANISH",
        "price": 4.99,
        "price_kilo": 7.23,
        "slug": "potenciador-del-lavado-gold-white-gel",
        "description": "Potenciador del Lavado Gold White Gel 690 ml",
        "image": "https:\/\/cdn-consum.aktiosdigitalservices.com\/tol\/consum\/media\/product\/img\/300x300\/7454747.jpg?t=20250322080139"
    },
    {
        "id": 39824,
        "name": "Regaliz Negro Gourmet FINI",
        "price": 0.49,
        "price_kilo": 1.53,
        "slug": "regaliz-negro-gourmet",
        "description": "Regaliz Negro Gourmet 32 Gr",
        "image": "https:\/\/cdn-consum.aktiosdigitalservices.com\/tol\/consum\/media\/product\/img\/300x300\/7454754.jpg?t=20250312092935"
    },
    {
        "id": 39826,
        "name": "Maquillaje Superstay Lumi Matte 30H N\u00ba 140 MAYBELLINE",
        "price": 13.99,
        "price_kilo": 13.99,
        "slug": "maquillaje-superstay-lumi-matte-30h-n-140",
        "description": "Maquillaje Superstay Lumi Matte 30H N\u00ba 140 1 U",
        "image": "https:\/\/cdn-consum.aktiosdigitalservices.com\/tol\/consum\/media\/product\/img\/300x300\/7454788.jpg?t=20250318081032"
    },
    {
        "id": 39828,
        "name": "Maquillaje Superstay Lumi Matte 30H N\u00ba 337 MAYBELLINE",
        "price": 13.99,
        "price_kilo": 13.99,
        "slug": "maquillaje-superstay-lumi-matte-30h-n-337",
        "description": "Maquillaje Superstay Lumi Matte 30H N\u00ba 337 1 U",
        "image": "https:\/\/cdn-consum.aktiosdigitalservices.com\/tol\/consum\/media\/product\/img\/300x300\/7454796.jpg?t=20250322080141"
    },
    {
        "id": 39829,
        "name": "Cerveza 0,0% Tostada Lata TURIA",
        "price": 0.75,
        "price_kilo": 2.27,
        "slug": "cerveza-00-tostada-lata",
        "description": "Cerveza 0,0% Tostada Lata 0,33 L",
        "image": "https:\/\/cdn-consum.aktiosdigitalservices.com\/tol\/consum\/media\/product\/img\/300x300\/7454812.jpg?t=20250322080143"
    },
    {
        "id": 39830,
        "name": "Naranja Roja Bandeja ",
        "price": 1.99,
        "price_kilo": 1.99,
        "slug": "naranja-roja-bandeja",
        "description": "Naranja Roja Bandeja 1 Kg",
        "image": "https:\/\/cdn-consum.aktiosdigitalservices.com\/tol\/consum\/media\/product\/img\/300x300\/7455074.jpg?t=20250318081033"
    },
    {
        "id": 39831,
        "name": "Gamb\u00f3n Granel Congelado ",
        "price": 8.99,
        "price_kilo": 8.99,
        "slug": "gambon-granel-congelado",
        "description": "Gamb\u00f3n Granel Congelado",
        "image": "https:\/\/cdn-consum.aktiosdigitalservices.com\/tol\/consum\/media\/product\/img\/300x300\/7454437.jpg?t=20250321080041"
    },
    {
        "id": 39832,
        "name": "Detergente L\u00edquido Gel Activo+Flor Gratis COLON",
        "price": 9.99,
        "price_kilo": 0.22,
        "slug": "detergente-liquido-gel-activoflor-gratis",
        "description": "Detergente L\u00edquido Gel Activo+Flor Gratis 45 Lv",
        "image": "https:\/\/cdn-consum.aktiosdigitalservices.com\/tol\/consum\/media\/product\/img\/300x300\/7425445.jpg?t=20250304115808"
    },
    {
        "id": 39833,
        "name": "Corazones Alcachofa 8\/12 CONSUM",
        "price": 1.99,
        "price_kilo": 11.37,
        "slug": "corazones-alcachofa-8-12",
        "description": "Corazones Alcachofa 8\/12 175 Gr",
        "image": "https:\/\/cdn-consum.aktiosdigitalservices.com\/tol\/consum\/media\/product\/img\/300x300\/7443182.jpg?t=20250318081018"
    },
    {
        "id": 39834,
        "name": "Cuartos de Alcachofa de Alcachofa CONSUM",
        "price": 2.35,
        "price_kilo": 9.79,
        "slug": "cuartos-de-alcachofa-de-alcachofa",
        "description": "Cuartos de Alcachofa de Alcachofa 240 Gr",
        "image": "https:\/\/cdn-consum.aktiosdigitalservices.com\/tol\/consum\/media\/product\/img\/300x300\/7443187.jpg?t=20250312092901"
    },
    {
        "id": 39835,
        "name": "Corazones Alcachofa 20\/30 Unidaes CONSUM",
        "price": 3.25,
        "price_kilo": 18.57,
        "slug": "corazones-alcachofa-20-30-unidaes",
        "description": "Corazones Alcachofa 20\/30 Unidaes 175 Gr",
        "image": "https:\/\/cdn-consum.aktiosdigitalservices.com\/tol\/consum\/media\/product\/img\/300x300\/7443190.jpg?t=20250318081018"
    },
    {
        "id": 39836,
        "name": "Corazones Alcachofa 6\/8 Unidades CONSUM",
        "price": 1.89,
        "price_kilo": 10.8,
        "slug": "corazones-alcachofa-6-8-unidades",
        "description": "Corazones Alcachofa 6\/8 Unidades 175 Gr",
        "image": "https:\/\/cdn-consum.aktiosdigitalservices.com\/tol\/consum\/media\/product\/img\/300x300\/7443195.jpg?t=20250318080832"
    },
    {
        "id": 39837,
        "name": "Almendra Tostada con C\u00e1scara CONSUM",
        "price": 3.59,
        "price_kilo": 14.36,
        "slug": "almendra-tostada-con-cascara",
        "description": "Almendra Tostada con C\u00e1scara 250 Gr",
        "image": "https:\/\/cdn-consum.aktiosdigitalservices.com\/tol\/consum\/media\/product\/img\/300x300\/7446086.jpg?t=20250318081020"
    },
    {
        "id": 39839,
        "name": "Mini Bites de Quinoa y Ch\u00eda GULLON",
        "price": 1,
        "price_kilo": 6.25,
        "slug": "mini-bites-de-quinoa-y-chia",
        "description": "Mini Bites de Quinoa y Ch\u00eda 160 Gr",
        "image": "https:\/\/cdn-consum.aktiosdigitalservices.com\/tol\/consum\/media\/product\/img\/300x300\/7453301.jpg?t=20250312092921"
    },
    {
        "id": 39840,
        "name": "Nuez Grano XL BORGES",
        "price": 3.15,
        "price_kilo": 14,
        "slug": "nuez-grano-xl",
        "description": "Nuez Grano XL 225 Gr",
        "image": "https:\/\/cdn-consum.aktiosdigitalservices.com\/tol\/consum\/media\/product\/img\/300x300\/7453306.jpg?t=20250318081028"
    },
    {
        "id": 39841,
        "name": "Cereales Cheerios Avena NESTLE",
        "price": 1.99,
        "price_kilo": 9.48,
        "slug": "cereales-cheerios-avena",
        "description": "Cereales Cheerios Avena 210 Gr",
        "image": "https:\/\/cdn-consum.aktiosdigitalservices.com\/tol\/consum\/media\/product\/img\/300x300\/7453389.jpg?t=20250312092921"
    },
    {
        "id": 39842,
        "name": "Garbanza Cocida Calidad Extra LOZANO",
        "price": 1.65,
        "price_kilo": 2.95,
        "slug": "garbanza-cocida-calidad-extra",
        "description": "Garbanza Cocida Calidad Extra 560 Gr",
        "image": "https:\/\/cdn-consum.aktiosdigitalservices.com\/tol\/consum\/media\/product\/img\/300x300\/7453991.jpg?t=20250312092923"
    },
    {
        "id": 39844,
        "name": "Eau de Toilette N\u00ba 2 Selva Ex\u00f3tica V&L",
        "price": 13.95,
        "price_kilo": 9.3,
        "slug": "eau-de-toilette-n-2-selva-exotica",
        "description": "Eau de Toilette N\u00ba 2 Selva Ex\u00f3tica 150 ml",
        "image": "https:\/\/cdn-consum.aktiosdigitalservices.com\/tol\/consum\/media\/product\/img\/300x300\/7454288.jpg?t=20250304115852"
    },
    {
        "id": 39845,
        "name": "Eau de Toilette N\u00ba1 Jungla Salvaje V&L",
        "price": 13.95,
        "price_kilo": 9.3,
        "slug": "eau-de-toilette-n1-jungla-salvaje",
        "description": "Eau de Toilette N\u00ba1 Jungla Salvaje 150 ml",
        "image": "https:\/\/cdn-consum.aktiosdigitalservices.com\/tol\/consum\/media\/product\/img\/300x300\/7454296.jpg?t=20250304115852"
    },
    {
        "id": 39846,
        "name": "Croissant Nutella 4 Unidades NUTELLA",
        "price": 4.49,
        "price_kilo": 13.21,
        "slug": "croissant-nutella-4-unidades",
        "description": "Croissant Nutella 4 Unidades 340 Gr",
        "image": "https:\/\/cdn-consum.aktiosdigitalservices.com\/tol\/consum\/media\/product\/img\/300x300\/7454382.jpg?t=20250318081030"
    },
    {
        "id": 39847,
        "name": "Snack Chocolate SNICKERS",
        "price": 1.49,
        "price_kilo": 29.8,
        "slug": "snack-chocolate",
        "description": "Snack Chocolate 50 Gr",
        "image": "https:\/\/cdn-consum.aktiosdigitalservices.com\/tol\/consum\/media\/product\/img\/300x300\/7454700.jpg?t=20250318081032"
    },
    {
        "id": 39848,
        "name": "Chocolatina TWIX",
        "price": 1.49,
        "price_kilo": 29.8,
        "slug": "chocolatina",
        "description": "Chocolatina 50 Gr",
        "image": "https:\/\/cdn-consum.aktiosdigitalservices.com\/tol\/consum\/media\/product\/img\/300x300\/7454713.jpg?t=20250318081032"
    },
    {
        "id": 39849,
        "name": "Limpiador Ba\u00f1os Aroma Fresco DON LIMPIO",
        "price": 3.99,
        "price_kilo": 2.66,
        "slug": "limpiador-banos-aroma-fresco",
        "description": "Limpiador Ba\u00f1os Aroma Fresco 1,5 L",
        "image": "https:\/\/cdn-consum.aktiosdigitalservices.com\/tol\/consum\/media\/product\/img\/300x300\/7455041.jpg?t=20250318081033"
    },
    {
        "id": 39850,
        "name": "Leche Barista ASTURIANA",
        "price": 1.49,
        "price_kilo": 1.49,
        "slug": "leche-barista",
        "description": "Leche Barista 1 L",
        "image": "https:\/\/cdn-consum.aktiosdigitalservices.com\/tol\/consum\/media\/product\/img\/300x300\/7455058.jpg?t=20250314121839"
    },
    {
        "id": 39851,
        "name": "Ajo Negro Dientes Pelado ",
        "price": 4.35,
        "price_kilo": 54.38,
        "slug": "ajo-negro-dientes-pelado",
        "description": "Ajo Negro Dientes Pelado 80 Gr",
        "image": "https:\/\/cdn-consum.aktiosdigitalservices.com\/tol\/consum\/media\/product\/img\/300x300\/7455095.jpg?t=20250318081033"
    },
    {
        "id": 39852,
        "name": "Pulverizador Aceite Metal NK",
        "price": 4.99,
        "price_kilo": 4.99,
        "slug": "pulverizador-aceite-metal",
        "description": "Pulverizador Aceite Metal 1 U",
        "image": "https:\/\/cdn-consum.aktiosdigitalservices.com\/tol\/consum\/media\/product\/img\/300x300\/7455137.jpg?t=20250318081034"
    },
    {
        "id": 39853,
        "name": "Caf\u00e9 Espresso Lungo 20 C\u00e1psulas L'OR",
        "price": 7.39,
        "price_kilo": 0.37,
        "slug": "cafe-espresso-lungo-20-capsulas",
        "description": "Caf\u00e9 Espresso Lungo 20 C\u00e1psulas 20 U",
        "image": "https:\/\/cdn-consum.aktiosdigitalservices.com\/tol\/consum\/media\/product\/img\/300x300\/7455186.jpg?t=20250322080148"
    },
    {
        "id": 39855,
        "name": "Coquitos en Grano Bolsa CONSUM",
        "price": 3.22,
        "price_kilo": 16.1,
        "slug": "coquitos-en-grano-bolsa",
        "description": "Coquitos en Grano Bolsa 200 Gr",
        "image": "https:\/\/cdn-consum.aktiosdigitalservices.com\/tol\/consum\/media\/product\/img\/300x300\/7439222.jpg?t=20250312092856"
    },
    {
        "id": 39856,
        "name": "Pipas Peladas Fritas Bolsa CONSUM",
        "price": 1.1,
        "price_kilo": 5.5,
        "slug": "pipas-peladas-fritas-bolsa",
        "description": "Pipas Peladas Fritas Bolsa 200 Gr",
        "image": "https:\/\/cdn-consum.aktiosdigitalservices.com\/tol\/consum\/media\/product\/img\/300x300\/7445810.jpg?t=20250318081020"
    },
    {
        "id": 39857,
        "name": "S3 Toallas Classic Blanco NAF NAF",
        "price": 9.99,
        "price_kilo": 3.33,
        "slug": "s3-toallas-classic-blanco",
        "description": "S3 Toallas Classic Blanco 3 U",
        "image": "https:\/\/cdn-consum.aktiosdigitalservices.com\/tol\/consum\/media\/product\/img\/300x300\/7451719.jpg?t=20250312092917"
    },
    {
        "id": 39858,
        "name": "S3 Toallas Classic Tostado NAF NAF",
        "price": 9.99,
        "price_kilo": 3.33,
        "slug": "s3-toallas-classic-tostado",
        "description": "S3 Toallas Classic Tostado 3 U",
        "image": "https:\/\/cdn-consum.aktiosdigitalservices.com\/tol\/consum\/media\/product\/img\/300x300\/7451722.jpg?t=20250312092917"
    },
    {
        "id": 39859,
        "name": "S3 Toallas Classic Verde NAF NAF",
        "price": 9.99,
        "price_kilo": 3.33,
        "slug": "s3-toallas-classic-verde",
        "description": "S3 Toallas Classic Verde 3 U",
        "image": "https:\/\/cdn-consum.aktiosdigitalservices.com\/tol\/consum\/media\/product\/img\/300x300\/7451727.jpg?t=20250312092917"
    },
    {
        "id": 39860,
        "name": "Alfombra Ba\u00f1o . NAF NAF",
        "price": 4.99,
        "price_kilo": 4.99,
        "slug": "alfombra-bano-",
        "description": "Alfombra Ba\u00f1o . 1 U",
        "image": "https:\/\/cdn-consum.aktiosdigitalservices.com\/tol\/consum\/media\/product\/img\/300x300\/7451730.jpg?t=20250312092917"
    },
    {
        "id": 39861,
        "name": "Todo lo que nunca fuimos Alice Kellen BOOKET",
        "price": 8.95,
        "price_kilo": 8.95,
        "slug": "todo-lo-que-nunca-fuimos-alice-kellen",
        "description": "Todo lo que nunca fuimos Alice Kellen 1 U",
        "image": "https:\/\/cdn-consum.aktiosdigitalservices.com\/tol\/consum\/media\/product\/img\/300x300\/7453434.jpg?t=20250304115841"
    },
    {
        "id": 39862,
        "name": "Todo lo que somos juntos Alice Kellen BOOKET",
        "price": 8.95,
        "price_kilo": 8.95,
        "slug": "todo-lo-que-somos-juntos-alice-kellen",
        "description": "Todo lo que somos juntos Alice Kellen 1 U",
        "image": "https:\/\/cdn-consum.aktiosdigitalservices.com\/tol\/consum\/media\/product\/img\/300x300\/7453439.jpg?t=20250304115842"
    },
    {
        "id": 39863,
        "name": "Donde fuimos invencibles Maria Oru\u00f1a BOOKET",
        "price": 8.95,
        "price_kilo": 8.95,
        "slug": "donde-fuimos-invencibles-maria-oruna",
        "description": "Donde fuimos invencibles Maria Oru\u00f1a 1 U",
        "image": "https:\/\/cdn-consum.aktiosdigitalservices.com\/tol\/consum\/media\/product\/img\/300x300\/7453442.jpg?t=20250304115843"
    },
    {
        "id": 39865,
        "name": "La bailarina de Auschwitz Edith Eger BOOKET",
        "price": 8.95,
        "price_kilo": 8.95,
        "slug": "la-bailarina-de-auschwitz-edith-eger",
        "description": "La bailarina de Auschwitz Edith Eger 1 U",
        "image": "https:\/\/cdn-consum.aktiosdigitalservices.com\/tol\/consum\/media\/product\/img\/300x300\/7453454.jpg?t=20250304115846"
    },
    {
        "id": 39867,
        "name": "La inquilina silenciosa Cl\u00e9mence Michanllon BOOKET",
        "price": 8.95,
        "price_kilo": 8.95,
        "slug": "la-inquilina-silenciosa-clemence-michanllon",
        "description": "La inquilina silenciosa Cl\u00e9mence Michanllon 1 U",
        "image": "https:\/\/cdn-consum.aktiosdigitalservices.com\/tol\/consum\/media\/product\/img\/300x300\/7453462.jpg?t=20250304115848"
    },
    {
        "id": 39868,
        "name": "Bomb\u00f3n Craking Macadamia Nut x3 HAAGEN DAZS",
        "price": 4.99,
        "price_kilo": 24.95,
        "slug": "bombon-craking-macadamia-nut-x3",
        "description": "Bomb\u00f3n Craking Macadamia Nut x3 200 Gr",
        "image": "https:\/\/cdn-consum.aktiosdigitalservices.com\/tol\/consum\/media\/product\/img\/300x300\/7454093.jpg?t=20250318081029"
    },
    {
        "id": 39869,
        "name": "Bomb\u00f3n Chunky Salted Caramel x 3 HAAGEN DAZS",
        "price": 4.99,
        "price_kilo": 24.95,
        "slug": "bombon-chunky-salted-caramel-x-3",
        "description": "Bomb\u00f3n Chunky Salted Caramel x 3 200 Gr",
        "image": "https:\/\/cdn-consum.aktiosdigitalservices.com\/tol\/consum\/media\/product\/img\/300x300\/7454101.jpg?t=20250318081029"
    },
    {
        "id": 39870,
        "name": "Aceitera Aceite Oliva Virgen Extra CARBONELL",
        "price": 4.69,
        "price_kilo": 10.2,
        "slug": "aceitera-aceite-oliva-virgen-extra",
        "description": "Aceitera Aceite Oliva Virgen Extra 460 ml",
        "image": "https:\/\/cdn-consum.aktiosdigitalservices.com\/tol\/consum\/media\/product\/img\/300x300\/7454176.jpg?t=20250320080420"
    },
    {
        "id": 39872,
        "name": "Gummies sin Az\u00facar VITALDIN",
        "price": 6.25,
        "price_kilo": 0.17,
        "slug": "gummies-sin-azucar",
        "description": "Gummies sin Az\u00facar 36 U",
        "image": "https:\/\/cdn-consum.aktiosdigitalservices.com\/tol\/consum\/media\/product\/img\/300x300\/7454960.jpg?t=20250318081033"
    },
    {
        "id": 39875,
        "name": "Cereales Nesquik Mix NESTLE",
        "price": 2.39,
        "price_kilo": 10.62,
        "slug": "cereales-nesquik-mix",
        "description": "Cereales Nesquik Mix 225 Gr",
        "image": "https:\/\/cdn-consum.aktiosdigitalservices.com\/tol\/consum\/media\/product\/img\/300x300\/7455053.jpg?t=20250313081514"
    },
    {
        "id": 39876,
        "name": "S\u00e9rum Liso Keratina FRUCTIS",
        "price": 7.99,
        "price_kilo": 15.98,
        "slug": "serum-liso-keratina",
        "description": "S\u00e9rum Liso Keratina 50 ml",
        "image": "https:\/\/cdn-consum.aktiosdigitalservices.com\/tol\/consum\/media\/product\/img\/300x300\/7455103.jpg?t=20250318081033"
    },
    {
        "id": 39877,
        "name": "Acondicionador Liso Keratina FRUCTIS",
        "price": 4.99,
        "price_kilo": 2.5,
        "slug": "acondicionador-liso-keratina",
        "description": "Acondicionador Liso Keratina 200 ml",
        "image": "https:\/\/cdn-consum.aktiosdigitalservices.com\/tol\/consum\/media\/product\/img\/300x300\/7455116.jpg?t=20250318081034"
    },
    {
        "id": 39878,
        "name": "Champ\u00fa Liso Keratina FRUCTIS",
        "price": 4.99,
        "price_kilo": 2.5,
        "slug": "champu-liso-keratina",
        "description": "Champ\u00fa Liso Keratina 200 ml",
        "image": "https:\/\/cdn-consum.aktiosdigitalservices.com\/tol\/consum\/media\/product\/img\/300x300\/7455129.jpg?t=20250318081034"
    },
    {
        "id": 39879,
        "name": "Mejill\u00f3n Cocido ",
        "price": 4.95,
        "price_kilo": 4.95,
        "slug": "mejillon-cocido",
        "description": "Mejill\u00f3n Cocido 1 Kg",
        "image": "https:\/\/cdn-consum.aktiosdigitalservices.com\/tol\/consum\/media\/product\/img\/300x300\/7455132.jpg?t=20250318081034"
    },
    {
        "id": 39880,
        "name": "Berberecho En su Jugo ",
        "price": 5.95,
        "price_kilo": 19.84,
        "slug": "berberecho-en-su-jugo",
        "description": "Berberecho En su Jugo 300 Gr",
        "image": "https:\/\/cdn-consum.aktiosdigitalservices.com\/tol\/consum\/media\/product\/img\/300x300\/7455160.jpg?t=20250322080144"
    },
    {
        "id": 39881,
        "name": "Almeja Japonesa En su Jugo ",
        "price": 7.5,
        "price_kilo": 25,
        "slug": "almeja-japonesa-en-su-jugo",
        "description": "Almeja Japonesa En su Jugo 300 Gr",
        "image": "https:\/\/cdn-consum.aktiosdigitalservices.com\/tol\/consum\/media\/product\/img\/300x300\/7455178.jpg?t=20250322080146"
    },
    {
        "id": 39882,
        "name": "Champ\u00fa Hialur\u00f3nico Ecopack ELVIVE",
        "price": 4.75,
        "price_kilo": 0.95,
        "slug": "champu-hialuronico-ecopack",
        "description": "Champ\u00fa Hialur\u00f3nico Ecopack 500 ml",
        "image": "https:\/\/cdn-consum.aktiosdigitalservices.com\/tol\/consum\/media\/product\/img\/300x300\/7455202.jpg?t=20250318081034"
    },
    {
        "id": 39883,
        "name": "S\u00e9rum Antica\u00edda Growth Booster ELVIVE",
        "price": 11.9,
        "price_kilo": 11.67,
        "slug": "serum-anticaida-growth-booster",
        "description": "S\u00e9rum Antica\u00edda Growth Booster 102 ml",
        "image": "https:\/\/cdn-consum.aktiosdigitalservices.com\/tol\/consum\/media\/product\/img\/300x300\/7455210.jpg?t=20250318081036"
    },
    {
        "id": 39884,
        "name": "Champ\u00fa Antica\u00edda Growth Booster ELVIVE",
        "price": 5.99,
        "price_kilo": 3,
        "slug": "champu-anticaida-growth-booster",
        "description": "Champ\u00fa Antica\u00edda Growth Booster 200 ml",
        "image": "https:\/\/cdn-consum.aktiosdigitalservices.com\/tol\/consum\/media\/product\/img\/300x300\/7455215.jpg?t=20250318081036"
    },
    {
        "id": 39886,
        "name": "Mascarilla Aguacate Nutritiva OR.REMEDIES",
        "price": 3.99,
        "price_kilo": 1.18,
        "slug": "mascarilla-aguacate-nutritiva",
        "description": "Mascarilla Aguacate Nutritiva 340 ml",
        "image": "https:\/\/cdn-consum.aktiosdigitalservices.com\/tol\/consum\/media\/product\/img\/300x300\/7455322.jpg?t=20250312092948"
    },
    {
        "id": 39887,
        "name": "Aceite Crema Aguacate Nutritivo OR.REMEDIES",
        "price": 2.75,
        "price_kilo": 1.38,
        "slug": "aceite-crema-aguacate-nutritivo",
        "description": "Aceite Crema Aguacate Nutritivo 200 ml",
        "image": "https:\/\/cdn-consum.aktiosdigitalservices.com\/tol\/consum\/media\/product\/img\/300x300\/7455335.jpg?t=20250312092948"
    },
    {
        "id": 39888,
        "name": "Champ\u00fa Aguacate Nutritivo OR.REMEDIES",
        "price": 2.85,
        "price_kilo": 0.95,
        "slug": "champu-aguacate-nutritivo",
        "description": "Champ\u00fa Aguacate Nutritivo 300 ml",
        "image": "https:\/\/cdn-consum.aktiosdigitalservices.com\/tol\/consum\/media\/product\/img\/300x300\/7455343.jpg?t=20250312092949"
    },
    {
        "id": 39889,
        "name": "Champ\u00fa Color Vive Ecopack ELVIVE",
        "price": 4.75,
        "price_kilo": 0.95,
        "slug": "champu-color-vive-ecopack",
        "description": "Champ\u00fa Color Vive Ecopack 500 ml",
        "image": "https:\/\/cdn-consum.aktiosdigitalservices.com\/tol\/consum\/media\/product\/img\/300x300\/7455348.jpg?t=20250312161713"
    },
    {
        "id": 39890,
        "name": "Limpiador Ba\u00f1o Pistola DON LIMPIO",
        "price": 4.39,
        "price_kilo": 5.49,
        "slug": "limpiador-bano-pistola",
        "description": "Limpiador Ba\u00f1o Pistola 0,8 L",
        "image": "https:\/\/cdn-consum.aktiosdigitalservices.com\/tol\/consum\/media\/product\/img\/300x300\/7455397.jpg?t=20250318081038"
    },
    {
        "id": 39892,
        "name": "Gamba Cocida Congelada ",
        "price": 6.5,
        "price_kilo": 21.67,
        "slug": "gamba-cocida-congelada",
        "description": "Gamba Cocida Congelada 300 Gr",
        "image": "https:\/\/cdn-consum.aktiosdigitalservices.com\/tol\/consum\/media\/product\/img\/300x300\/7455533.jpg?t=20250318080926"
    },
    {
        "id": 43036,
        "name": "Delicias Aguinaga S\/Gluten Pack de 2 und AGUINAGA",
        "price": 1.99,
        "price_kilo": 9.95,
        "slug": "delicias-aguinaga-s-gluten-pack-de-2-und",
        "description": "Delicias Aguinaga S\/Gluten Pack de 2 und 2 x 100 Gr",
        "image": "https:\/\/cdn-consum.aktiosdigitalservices.com\/tol\/consum\/media\/product\/img\/300x300\/7444909.jpg?t=20250318081019"
    },
    {
        "id": 43037,
        "name": "Cacahuetes Tostados con C\u00e1scara sin Sal CONSUM",
        "price": 1.19,
        "price_kilo": 3.97,
        "slug": "cacahuetes-tostados-con-cascara-sin-sal",
        "description": "Cacahuetes Tostados con C\u00e1scara sin Sal 300 Gr",
        "image": "https:\/\/cdn-consum.aktiosdigitalservices.com\/tol\/consum\/media\/product\/img\/300x300\/7445729.jpg?t=20250318081020"
    },
    {
        "id": 43040,
        "name": "Perfilador Labios 003 Lifter Liner MAYBELLINE",
        "price": 7.75,
        "price_kilo": 7.75,
        "slug": "perfilador-labios-003-lifter-liner",
        "description": "Perfilador Labios 003 Lifter Liner 1 U",
        "image": "https:\/\/cdn-consum.aktiosdigitalservices.com\/tol\/consum\/media\/product\/img\/300x300\/7453913.jpg?t=20250318081028"
    },
    {
        "id": 43041,
        "name": "Maquillaje Superstay Lumi Matte 30H N\u00ba96 MAYBELLINE",
        "price": 13.99,
        "price_kilo": 13.99,
        "slug": "maquillaje-superstay-lumi-matte-30h-n96",
        "description": "Maquillaje Superstay Lumi Matte 30H N\u00ba96 1 U",
        "image": "https:\/\/cdn-consum.aktiosdigitalservices.com\/tol\/consum\/media\/product\/img\/300x300\/7454064.jpg?t=20250318081028"
    },
    {
        "id": 43042,
        "name": "Maquillaje Superstay Lumi Matte 30H N\u00ba126 MAYBELLINE",
        "price": 13.99,
        "price_kilo": 13.99,
        "slug": "maquillaje-superstay-lumi-matte-30h-n126",
        "description": "Maquillaje Superstay Lumi Matte 30H N\u00ba126 1 U",
        "image": "https:\/\/cdn-consum.aktiosdigitalservices.com\/tol\/consum\/media\/product\/img\/300x300\/7454077.jpg?t=20250318081028"
    },
    {
        "id": 43043,
        "name": "Borrador Corrector Color Rosa MAYBELLINE",
        "price": 9.99,
        "price_kilo": 9.99,
        "slug": "borrador-corrector-color-rosa",
        "description": "Borrador Corrector Color Rosa 1 U",
        "image": "https:\/\/cdn-consum.aktiosdigitalservices.com\/tol\/consum\/media\/product\/img\/300x300\/7454085.jpg?t=20250318081028"
    },
    {
        "id": 43044,
        "name": "Borrador Corrector Color Morado MAYBELLINE",
        "price": 9.99,
        "price_kilo": 9.99,
        "slug": "borrador-corrector-color-morado",
        "description": "Borrador Corrector Color Morado 1 U",
        "image": "https:\/\/cdn-consum.aktiosdigitalservices.com\/tol\/consum\/media\/product\/img\/300x300\/7454098.jpg?t=20250318081029"
    },
    {
        "id": 43045,
        "name": "Borrador Corrector Color Verde MAYBELLINE",
        "price": 9.99,
        "price_kilo": 9.99,
        "slug": "borrador-corrector-color-verde",
        "description": "Borrador Corrector Color Verde 1 U",
        "image": "https:\/\/cdn-consum.aktiosdigitalservices.com\/tol\/consum\/media\/product\/img\/300x300\/7454106.jpg?t=20250318081029"
    },
    {
        "id": 43046,
        "name": "Lavavajillas Mano Naturals Vinagre MISTOL",
        "price": 2.69,
        "price_kilo": 4.14,
        "slug": "lavavajillas-mano-naturals-vinagre",
        "description": "Lavavajillas Mano Naturals Vinagre 0,65 L",
        "image": "https:\/\/cdn-consum.aktiosdigitalservices.com\/tol\/consum\/media\/product\/img\/300x300\/7454205.jpg?t=20250318081029"
    },
    {
        "id": 43054,
        "name": "Takis Fuego Bolsa TAKIS EAGLE",
        "price": 2.25,
        "price_kilo": 17.31,
        "slug": "takis-fuego-bolsa",
        "description": "Takis Fuego Bolsa 130 Gr",
        "image": "https:\/\/cdn-consum.aktiosdigitalservices.com\/tol\/consum\/media\/product\/img\/300x300\/7455108.jpg?t=20250314080218"
    },
    {
        "id": 43057,
        "name": "Keos Ensalada Queso de Vaca Cremoso G.BAQUERO",
        "price": 1.99,
        "price_kilo": 19.9,
        "slug": "keos-ensalada-queso-de-vaca-cremoso",
        "description": "Keos Ensalada Queso de Vaca Cremoso 2 x 50 Gr",
        "image": "https:\/\/cdn-consum.aktiosdigitalservices.com\/tol\/consum\/media\/product\/img\/300x300\/7455413.jpg?t=20250322080150"
    },
    {
        "id": 43062,
        "name": "Laca Fijaci\u00f3n Fuerte Brillo Sublime NELLY",
        "price": 3.69,
        "price_kilo": 0.92,
        "slug": "laca-fijacion-fuerte-brillo-sublime",
        "description": "Laca Fijaci\u00f3n Fuerte Brillo Sublime 400 ml",
        "image": "https:\/\/cdn-consum.aktiosdigitalservices.com\/tol\/consum\/media\/product\/img\/300x300\/7455707.jpg?t=20250318081040"
    },
    {
        "id": 43063,
        "name": "Rallador Multiusos 4 caras PRIVILEGE",
        "price": 5.95,
        "price_kilo": 5.95,
        "slug": "rallador-multiusos-4-caras",
        "description": "Rallador Multiusos 4 caras 1 U",
        "image": "https:\/\/cdn-consum.aktiosdigitalservices.com\/tol\/consum\/media\/product\/img\/300x300\/7455715.jpg?t=20250318081040"
    },
    {
        "id": 43066,
        "name": "Velitas Harry Potter VAHIN\u00c9",
        "price": 2.99,
        "price_kilo": 0.2,
        "slug": "velitas-harry-potter",
        "description": "Velitas Harry Potter 15 U",
        "image": "https:\/\/cdn-consum.aktiosdigitalservices.com\/tol\/consum\/media\/product\/img\/300x300\/7455814.jpg?t=20250314121856"
    },
    {
        "id": 43077,
        "name": "Ar\u00e1ndano Selecci\u00f3n ",
        "price": 4.39,
        "price_kilo": 17.56,
        "slug": "arandano-seleccion",
        "description": "Ar\u00e1ndano Selecci\u00f3n 250 Gr",
        "image": "https:\/\/cdn-consum.aktiosdigitalservices.com\/tol\/consum\/media\/product\/img\/300x300\/7441269.jpg?t=20250318081014"
    },
    {
        "id": 43084,
        "name": "Pat\u00e9 de Pimienta CONSUM",
        "price": 1,
        "price_kilo": 8,
        "slug": "pate-de-pimienta",
        "description": "Pat\u00e9 de Pimienta 125 Gr",
        "image": "https:\/\/cdn-consum.aktiosdigitalservices.com\/tol\/consum\/media\/product\/img\/300x300\/7452159.jpg?t=20250318081024"
    },
    {
        "id": 43085,
        "name": "Pat\u00e9 Finas Hierbas CONSUM",
        "price": 1,
        "price_kilo": 8,
        "slug": "pate-finas-hierbas",
        "description": "Pat\u00e9 Finas Hierbas 125 Gr",
        "image": "https:\/\/cdn-consum.aktiosdigitalservices.com\/tol\/consum\/media\/product\/img\/300x300\/7452175.jpg?t=20250318081026"
    },
    {
        "id": 43089,
        "name": "Crepes Choco 6 Unidades ST.MICHEL",
        "price": 1.4,
        "price_kilo": 7.78,
        "slug": "crepes-choco-6-unidades",
        "description": "Crepes Choco 6 Unidades 180 Gr",
        "image": "https:\/\/cdn-consum.aktiosdigitalservices.com\/tol\/consum\/media\/product\/img\/300x300\/7455207.jpg?t=20250318081036"
    },
    {
        "id": 43090,
        "name": "Barrita 33% Prote\u00edna Coco VITALDIN",
        "price": 4.5,
        "price_kilo": 1.5,
        "slug": "barrita-33-proteina-coco",
        "description": "Barrita 33% Prote\u00edna Coco 3 U",
        "image": "https:\/\/cdn-consum.aktiosdigitalservices.com\/tol\/consum\/media\/product\/img\/300x300\/7455350.jpg?t=20250318081038"
    },
    {
        "id": 43093,
        "name": "Refresco Cola Zero Cherry Pet PEPSI-COLA",
        "price": 1.69,
        "price_kilo": 0.97,
        "slug": "refresco-cola-zero-cherry-pet",
        "description": "Refresco Cola Zero Cherry Pet 1,75 L",
        "image": "https:\/\/cdn-consum.aktiosdigitalservices.com\/tol\/consum\/media\/product\/img\/300x300\/7455699.jpg?t=20250318081040"
    },
    {
        "id": 43095,
        "name": "Madeleine con Mantequilla BONNE MAMAN",
        "price": 2.29,
        "price_kilo": 13.09,
        "slug": "madeleine-con-mantequilla",
        "description": "Madeleine con Mantequilla 175 Gr",
        "image": "https:\/\/cdn-consum.aktiosdigitalservices.com\/tol\/consum\/media\/product\/img\/300x300\/7455801.jpg?t=20250318081042"
    },
    {
        "id": 43096,
        "name": "Pan de Leche 3% 4 Unidades ",
        "price": 1.31,
        "price_kilo": 3.28,
        "slug": "pan-de-leche-3-4-unidades",
        "description": "Pan de Leche 3% 4 Unidades 400 Gr",
        "image": "https:\/\/cdn-consum.aktiosdigitalservices.com\/tol\/consum\/media\/product\/img\/300x300\/7455806.jpg?t=20250318081043"
    },
    {
        "id": 43097,
        "name": "Pa\u00f1uelos Bolsillo Sonic CLEAN PAPER",
        "price": 1.5,
        "price_kilo": 0.06,
        "slug": "panuelos-bolsillo-sonic",
        "description": "Pa\u00f1uelos Bolsillo Sonic 24 U",
        "image": "https:\/\/cdn-consum.aktiosdigitalservices.com\/tol\/consum\/media\/product\/img\/300x300\/7455892.jpg?t=20250318081044"
    },
    {
        "id": 43098,
        "name": "En el amor y en la guerra Ildefonso Falcones GRIJALBO",
        "price": 24.9,
        "price_kilo": 24.9,
        "slug": "en-el-amor-y-en-la-guerra-ildefonso-falcones",
        "description": "En el amor y en la guerra Ildefonso Falcones 1 U",
        "image": "https:\/\/cdn-consum.aktiosdigitalservices.com\/tol\/consum\/media\/product\/img\/300x300\/7455921.jpg?t=20250318081046"
    },
    {
        "id": 43099,
        "name": "El albatros negro Maria Oru\u00f1a PLAZA&JANES",
        "price": 23.9,
        "price_kilo": 23.9,
        "slug": "el-albatros-negro-maria-oruna",
        "description": "El albatros negro Maria Oru\u00f1a 1 U",
        "image": "https:\/\/cdn-consum.aktiosdigitalservices.com\/tol\/consum\/media\/product\/img\/300x300\/7455926.jpg?t=20250318081047"
    },
    {
        "id": 43100,
        "name": "Que historia mas bestia Rocio Bonilla ALGAR",
        "price": 17.5,
        "price_kilo": 17.5,
        "slug": "que-historia-mas-bestia-rocio-bonilla",
        "description": "Que historia mas bestia Rocio Bonilla 1 U",
        "image": "https:\/\/cdn-consum.aktiosdigitalservices.com\/tol\/consum\/media\/product\/img\/300x300\/7455939.jpg?t=20250318081048"
    },
    {
        "id": 43101,
        "name": "La saga de los logevos 2 Eva Garc\u00eda S\u00e1enz PLANETA",
        "price": 21.9,
        "price_kilo": 21.9,
        "slug": "la-saga-de-los-logevos-2-eva-garcia-saenz",
        "description": "La saga de los logevos 2 Eva Garc\u00eda S\u00e1enz 1 U",
        "image": "https:\/\/cdn-consum.aktiosdigitalservices.com\/tol\/consum\/media\/product\/img\/300x300\/7455967.jpg?t=20250318081050"
    },
    {
        "id": 43102,
        "name": "El Plan maestro Javier Serra PLANETA",
        "price": 22.9,
        "price_kilo": 22.9,
        "slug": "el-plan-maestro-javier-serra",
        "description": "El Plan maestro Javier Serra 1 U",
        "image": "https:\/\/cdn-consum.aktiosdigitalservices.com\/tol\/consum\/media\/product\/img\/300x300\/7455970.jpg?t=20250318081051"
    },
    {
        "id": 43103,
        "name": "Atrapados en el parque d Iker Unzu MARTINEZ ROC",
        "price": 19.9,
        "price_kilo": 19.9,
        "slug": "atrapados-en-el-parque-d-iker-unzu",
        "description": "Atrapados en el parque d Iker Unzu 1 U",
        "image": "https:\/\/cdn-consum.aktiosdigitalservices.com\/tol\/consum\/media\/product\/img\/300x300\/7455975.jpg?t=20250318081052"
    },
    {
        "id": 43108,
        "name": "Dados de Pot\u00f3n M.MORENO",
        "price": 7.5,
        "price_kilo": 15,
        "slug": "dados-de-poton",
        "description": "Dados de Pot\u00f3n",
        "image": "https:\/\/cdn-consum.aktiosdigitalservices.com\/tol\/consum\/media\/product\/img\/300x300\/7456163.jpg?t=20250321080048"
    },
    {
        "id": 43109,
        "name": "Marineras Salmon ",
        "price": 3.1,
        "price_kilo": 19.38,
        "slug": "marineras-salmon",
        "description": "Marineras Salmon 2 x 80 Gr",
        "image": "https:\/\/cdn-consum.aktiosdigitalservices.com\/tol\/consum\/media\/product\/img\/300x300\/7456200.jpg?t=20250320080447"
    },
    {
        "id": 43112,
        "name": "Tarta Selva Negra ",
        "price": 8.8,
        "price_kilo": 8.8,
        "slug": "tarta-selva-negra",
        "description": "Tarta Selva Negra 1 Kg",
        "image": "https:\/\/cdn-consum.aktiosdigitalservices.com\/tol\/consum\/media\/product\/img\/300x300\/7456247.jpg?t=20250318081058"
    },
    {
        "id": 43113,
        "name": "Jengibre Bandeja ",
        "price": 1.79,
        "price_kilo": 8.95,
        "slug": "jengibre-bandeja",
        "description": "Jengibre Bandeja 200 Gr",
        "image": "https:\/\/cdn-consum.aktiosdigitalservices.com\/tol\/consum\/media\/product\/img\/300x300\/7456346.jpg?t=20250318081059"
    },
    {
        "id": 43124,
        "name": "Chocobom Crunchy Hoop Chocolate Blanco GULLON",
        "price": 1.5,
        "price_kilo": 11.72,
        "slug": "chocobom-crunchy-hoop-chocolate-blanco",
        "description": "Chocobom Crunchy Hoop Chocolate Blanco 128 Gr",
        "image": "https:\/\/cdn-consum.aktiosdigitalservices.com\/tol\/consum\/media\/product\/img\/300x300\/7456861.jpg?t=20250321080048"
    },
    {
        "id": 43125,
        "name": "Chocobom Crunchy Hoop Chocolate con Leche GULLON",
        "price": 1.5,
        "price_kilo": 11.72,
        "slug": "chocobom-crunchy-hoop-chocolate-con-leche",
        "description": "Chocobom Crunchy Hoop Chocolate con Leche 128 Gr",
        "image": "https:\/\/cdn-consum.aktiosdigitalservices.com\/tol\/consum\/media\/product\/img\/300x300\/7456866.jpg?t=20250321080049"
    }
]